{
    "2023-03-31": {
        "Tax Effect Of Unusual Items": NaN,
        "Tax Rate For Calcs": NaN,
        "Normalized EBITDA": NaN,
        "Total Unusual Items": NaN,
        "Total Unusual Items Excluding Goodwill": NaN,
        "Net Income From Continuing Operation Net Minority Interest": NaN,
        "Reconciled Depreciation": NaN,
        "Reconciled Cost Of Revenue": NaN,
        "EBITDA": NaN,
        "EBIT": NaN,
        "Net Interest Income": NaN,
        "Interest Expense": NaN,
        "Normalized Income": NaN,
        "Net Income From Continuing And Discontinued Operation": NaN,
        "Total Expenses": NaN,
        "Total Operating Income As Reported": NaN,
        "Diluted Average Shares": NaN,
        "Basic Average Shares": NaN,
        "Diluted EPS": NaN,
        "Basic EPS": NaN,
        "Diluted NI Availto Com Stockholders": NaN,
        "Net Income Common Stockholders": NaN,
        "Otherunder Preferred Stock Dividend": NaN,
        "Preferred Stock Dividends": 313000.0,
        "Net Income": NaN,
        "Net Income Including Noncontrolling Interests": NaN,
        "Net Income Discontinuous Operations": NaN,
        "Net Income Continuous Operations": NaN,
        "Tax Provision": NaN,
        "Pretax Income": NaN,
        "Other Income Expense": NaN,
        "Special Income Charges": NaN,
        "Restructuring And Mergern Acquisition": NaN,
        "Gain On Sale Of Security": NaN,
        "Net Non Operating Interest Income Expense": NaN,
        "Total Other Finance Cost": NaN,
        "Interest Expense Non Operating": NaN,
        "Operating Income": NaN,
        "Operating Expense": NaN,
        "Research And Development": NaN,
        "Selling General And Administration": NaN,
        "Selling And Marketing Expense": NaN,
        "General And Administrative Expense": NaN,
        "Other Gand A": NaN,
        "Gross Profit": NaN,
        "Cost Of Revenue": NaN,
        "Total Revenue": NaN,
        "Operating Revenue": NaN
    },
    "2022-12-31": {
        "Tax Effect Of Unusual Items": NaN,
        "Tax Rate For Calcs": NaN,
        "Normalized EBITDA": NaN,
        "Total Unusual Items": NaN,
        "Total Unusual Items Excluding Goodwill": NaN,
        "Net Income From Continuing Operation Net Minority Interest": NaN,
        "Reconciled Depreciation": NaN,
        "Reconciled Cost Of Revenue": NaN,
        "EBITDA": NaN,
        "EBIT": NaN,
        "Net Interest Income": NaN,
        "Interest Expense": NaN,
        "Normalized Income": NaN,
        "Net Income From Continuing And Discontinued Operation": NaN,
        "Total Expenses": NaN,
        "Total Operating Income As Reported": NaN,
        "Diluted Average Shares": NaN,
        "Basic Average Shares": NaN,
        "Diluted EPS": NaN,
        "Basic EPS": NaN,
        "Diluted NI Availto Com Stockholders": NaN,
        "Average Dilution Earnings": 0.0,
        "Net Income Common Stockholders": NaN,
        "Otherunder Preferred Stock Dividend": 304000.0,
        "Preferred Stock Dividends": NaN,
        "Net Income": NaN,
        "Net Income Including Noncontrolling Interests": NaN,
        "Net Income Discontinuous Operations": NaN,
        "Net Income Continuous Operations": NaN,
        "Tax Provision": NaN,
        "Pretax Income": NaN,
        "Other Income Expense": NaN,
        "Special Income Charges": NaN,
        "Restructuring And Mergern Acquisition": NaN,
        "Gain On Sale Of Security": NaN,
        "Net Non Operating Interest Income Expense": NaN,
        "Interest Expense Non Operating": NaN,
        "Operating Income": NaN,
        "Operating Expense": NaN,
        "Research And Development": NaN,
        "Selling General And Administration": NaN,
        "Selling And Marketing Expense": NaN,
        "General And Administrative Expense": NaN,
        "Other Gand A": NaN,
        "Gross Profit": NaN,
        "Cost Of Revenue": NaN,
        "Total Revenue": NaN,
        "Operating Revenue": NaN
    },
    "2022-09-30": {
        "Tax Effect Of Unusual Items": NaN,
        "Tax Rate For Calcs": NaN,
        "Normalized EBITDA": NaN,
        "Total Unusual Items": NaN,
        "Total Unusual Items Excluding Goodwill": NaN,
        "Net Income From Continuing Operation Net Minority Interest": NaN,
        "Reconciled Depreciation": NaN,
        "Reconciled Cost Of Revenue": NaN,
        "EBITDA": NaN,
        "EBIT": NaN,
        "Net Interest Income": NaN,
        "Interest Expense": NaN,
        "Normalized Income": NaN,
        "Net Income From Continuing And Discontinued Operation": NaN,
        "Total Expenses": NaN,
        "Total Operating Income As Reported": NaN,
        "Diluted Average Shares": NaN,
        "Basic Average Shares": NaN,
        "Diluted EPS": NaN,
        "Basic EPS": NaN,
        "Diluted NI Availto Com Stockholders": NaN,
        "Average Dilution Earnings": 0.0,
        "Net Income Common Stockholders": NaN,
        "Otherunder Preferred Stock Dividend": 304000.0,
        "Preferred Stock Dividends": 304000.0,
        "Net Income": NaN,
        "Net Income Including Noncontrolling Interests": NaN,
        "Net Income Continuous Operations": NaN,
        "Tax Provision": NaN,
        "Pretax Income": NaN,
        "Other Income Expense": NaN,
        "Special Income Charges": NaN,
        "Restructuring And Mergern Acquisition": NaN,
        "Gain On Sale Of Security": NaN,
        "Net Non Operating Interest Income Expense": NaN,
        "Interest Expense Non Operating": NaN,
        "Operating Income": NaN,
        "Operating Expense": NaN,
        "Research And Development": NaN,
        "Selling General And Administration": NaN,
        "Selling And Marketing Expense": NaN,
        "General And Administrative Expense": NaN,
        "Other Gand A": NaN,
        "Gross Profit": NaN,
        "Cost Of Revenue": NaN,
        "Total Revenue": NaN,
        "Operating Revenue": NaN
    },
    "2022-06-30": {
        "Tax Effect Of Unusual Items": -48800.0,
        "Tax Rate For Calcs": 0.4,
        "Normalized EBITDA": -38000.0,
        "Total Unusual Items": -122000.0,
        "Total Unusual Items Excluding Goodwill": -122000.0,
        "Net Income From Continuing Operation Net Minority Interest": -251000.0,
        "Reconciled Depreciation": 576000.0,
        "Reconciled Cost Of Revenue": 17647000.0,
        "EBITDA": -160000.0,
        "EBIT": -160000.0,
        "Net Interest Income": -37000.0,
        "Interest Expense": 37000.0,
        "Normalized Income": -177800.0,
        "Net Income From Continuing And Discontinued Operation": -251000.0,
        "Total Expenses": 27895000.0,
        "Total Operating Income As Reported": -261000.0,
        "Diluted Average Shares": 22639000.0,
        "Basic Average Shares": 22639000.0,
        "Diluted EPS": -0.02,
        "Basic EPS": -0.02,
        "Diluted NI Availto Com Stockholders": -551000.0,
        "Average Dilution Earnings": 0.0,
        "Net Income Common Stockholders": -551000.0,
        "Otherunder Preferred Stock Dividend": 300000.0,
        "Preferred Stock Dividends": 300000.0,
        "Net Income": -251000.0,
        "Net Income Including Noncontrolling Interests": -251000.0,
        "Net Income Continuous Operations": -251000.0,
        "Tax Provision": 54000.0,
        "Pretax Income": -197000.0,
        "Other Income Expense": -122000.0,
        "Special Income Charges": -223000.0,
        "Restructuring And Mergern Acquisition": 223000.0,
        "Gain On Sale Of Security": 101000.0,
        "Net Non Operating Interest Income Expense": -37000.0,
        "Interest Expense Non Operating": 37000.0,
        "Operating Income": -38000.0,
        "Operating Expense": 10248000.0,
        "Research And Development": 2479000.0,
        "Selling General And Administration": 7769000.0,
        "Selling And Marketing Expense": 5273000.0,
        "General And Administrative Expense": 2496000.0,
        "Other Gand A": 2496000.0,
        "Gross Profit": 10210000.0,
        "Cost Of Revenue": 17647000.0,
        "Total Revenue": 27857000.0,
        "Operating Revenue": 27857000.0
    },
    "2022-03-31": {
        "Diluted EPS": -0.06,
        "Total Revenue": 25,
        "Gross Profit": 9,
        "Operating Income": -1,
        "EBIT": -1,
        "Net Income": -1
    },
    "2021-12-31": {
        "Diluted EPS": -0.07,
        "Total Revenue": 29,
        "Gross Profit": 9,
        "Operating Income": -2,
        "EBIT": -1,
        "Net Income": -3
    },
    "2021-09-30": {
        "Diluted EPS": 0.09,
        "Total Revenue": 29,
        "Gross Profit": 11,
        "Operating Income": 2,
        "EBIT": 3,
        "Net Income": 3
    },
    "2021-06-30": {
        "Diluted EPS": 0.09,
        "Total Revenue": 24,
        "Gross Profit": 9,
        "Operating Income": 0,
        "EBIT": 0,
        "Net Income": 2
    },
    "2021-03-31": {
        "Diluted EPS": -0.09,
        "Total Revenue": 22,
        "Gross Profit": 8,
        "Operating Income": -1,
        "EBIT": -1,
        "Net Income": -2
    },
    "2020-12-31": {
        "Diluted EPS": -0.05,
        "Total Revenue": 25,
        "Gross Profit": 9,
        "Operating Income": 0,
        "EBIT": 1,
        "Net Income": -2
    },
    "2020-09-30": {
        "Diluted EPS": 0.01,
        "Total Revenue": 25,
        "Gross Profit": 10,
        "Operating Income": 1,
        "EBIT": 2,
        "Net Income": 0
    },
    "2020-06-30": {
        "Diluted EPS": -0.17,
        "Total Revenue": 19,
        "Gross Profit": 8,
        "Operating Income": -2,
        "EBIT": -1,
        "Net Income": -3
    },
    "2020-03-31": {
        "Diluted EPS": -0.13,
        "Total Revenue": 18,
        "Gross Profit": 8,
        "Operating Income": -2,
        "EBIT": -1,
        "Net Income": -2
    },
    "2019-12-31": {
        "Diluted EPS": -0.13,
        "Total Revenue": 19,
        "Gross Profit": 8,
        "Operating Income": -2,
        "EBIT": -1,
        "Net Income": -2
    },
    "2019-09-30": {
        "Diluted EPS": 0.05,
        "Total Revenue": 23,
        "Gross Profit": 11,
        "Operating Income": 1,
        "EBIT": 2,
        "Net Income": 1
    },
    "2019-06-30": {
        "Diluted EPS": 0.01,
        "Total Revenue": 22,
        "Gross Profit": 10,
        "Operating Income": 1,
        "EBIT": 2,
        "Net Income": 0
    },
    "2019-03-31": {
        "Diluted EPS": -0.06,
        "Total Revenue": 20,
        "Gross Profit": 9,
        "Operating Income": 0,
        "EBIT": 0,
        "Net Income": -1
    },
    "2018-12-31": {
        "Diluted EPS": 0.0,
        "Total Revenue": 21,
        "Gross Profit": 10,
        "Operating Income": 1,
        "EBIT": 2,
        "Net Income": 0
    },
    "2018-09-30": {
        "Diluted EPS": -0.02,
        "Total Revenue": 20,
        "Gross Profit": 8,
        "Operating Income": 0,
        "EBIT": 1,
        "Net Income": 0
    },
    "2018-06-30": {
        "Diluted EPS": -0.18,
        "Total Revenue": 20,
        "Gross Profit": 8,
        "Operating Income": -1,
        "EBIT": 0,
        "Net Income": -3
    },
    "2018-03-31": {
        "Diluted EPS": -0.15,
        "Total Revenue": 17,
        "Gross Profit": 7,
        "Operating Income": -2,
        "EBIT": -1,
        "Net Income": -2
    },
    "2017-12-31": {
        "Diluted EPS": -0.33,
        "Total Revenue": 17,
        "Gross Profit": 5,
        "Operating Income": -2,
        "EBIT": -1,
        "Net Income": -5
    },
    "2017-09-30": {
        "Diluted EPS": -0.07,
        "Total Revenue": 15,
        "Gross Profit": 6,
        "Operating Income": 0,
        "EBIT": 1,
        "Net Income": -1
    },
    "2017-06-30": {
        "Diluted EPS": -0.15,
        "Total Revenue": 15,
        "Gross Profit": 6,
        "Operating Income": -1,
        "EBIT": 0,
        "Net Income": -2
    },
    "2017-03-31": {
        "Diluted EPS": -0.06,
        "Total Revenue": 13,
        "Gross Profit": 6,
        "Operating Income": -1,
        "EBIT": 0,
        "Net Income": -1
    },
    "2016-12-31": {
        "Diluted EPS": -0.08,
        "Total Revenue": 15,
        "Gross Profit": 6,
        "Operating Income": 0,
        "EBIT": 1,
        "Net Income": -1
    },
    "2016-09-30": {
        "Diluted EPS": -0.07,
        "Total Revenue": 16,
        "Gross Profit": 7,
        "Operating Income": 0,
        "EBIT": 1,
        "Net Income": -1
    },
    "2016-06-30": {
        "Diluted EPS": -0.27,
        "Total Revenue": 13,
        "Gross Profit": 5,
        "Operating Income": -3,
        "EBIT": -2,
        "Net Income": -3
    },
    "2016-03-31": {
        "Diluted EPS": -0.83,
        "Total Revenue": 12,
        "Gross Profit": 5,
        "Operating Income": -8,
        "EBIT": -7,
        "Net Income": -9
    },
    "2015-12-31": {
        "Diluted EPS": -1.77,
        "Total Revenue": 13,
        "Gross Profit": 3,
        "Operating Income": -17,
        "EBIT": -17,
        "Net Income": -19
    },
    "2015-09-30": {
        "Diluted EPS": -0.66,
        "Total Revenue": 17,
        "Gross Profit": 8,
        "Operating Income": -7,
        "EBIT": -5,
        "Net Income": -7
    },
    "2015-06-30": {
        "Diluted EPS": -0.75,
        "Total Revenue": 16,
        "Gross Profit": 7,
        "Operating Income": -8,
        "EBIT": -7,
        "Net Income": -8
    },
    "2015-03-31": {
        "Diluted EPS": -0.44,
        "Total Revenue": 15,
        "Gross Profit": 6,
        "Operating Income": -4,
        "EBIT": -3,
        "Net Income": -5
    },
    "2014-12-31": {
        "Diluted EPS": -0.59,
        "Total Revenue": 19,
        "Gross Profit": 8,
        "Operating Income": -5,
        "EBIT": -5,
        "Net Income": -6
    },
    "2014-09-30": {
        "Diluted EPS": -0.46,
        "Total Revenue": 23,
        "Gross Profit": 10,
        "Operating Income": -3,
        "EBIT": -2,
        "Net Income": -4
    },
    "2014-06-30": {
        "Diluted EPS": -0.33,
        "Total Revenue": 22,
        "Gross Profit": 9,
        "Operating Income": -2,
        "EBIT": -1,
        "Net Income": -3
    },
    "2014-03-31": {
        "Diluted EPS": -0.68,
        "Total Revenue": 17,
        "Gross Profit": 7,
        "Operating Income": -3,
        "EBIT": -1,
        "Net Income": -5
    },
    "2013-12-31": {
        "Diluted EPS": -0.46,
        "Total Revenue": 19,
        "Gross Profit": 9,
        "Operating Income": -6,
        "EBIT": -4,
        "Net Income": -3
    },
    "2013-09-30": {
        "Diluted EPS": -3.53,
        "Total Revenue": 21,
        "Gross Profit": 10,
        "Operating Income": -12,
        "EBIT": -11,
        "Net Income": -24
    },
    "2013-06-30": {
        "Diluted EPS": -0.47,
        "Total Revenue": 18,
        "Gross Profit": 8,
        "Operating Income": -2,
        "EBIT": -1,
        "Net Income": -3
    },
    "2013-03-31": {
        "Diluted EPS": -0.8,
        "Total Revenue": 16,
        "Gross Profit": 7,
        "Operating Income": -4,
        "EBIT": -2,
        "Net Income": -5
    },
    "2012-12-31": {
        "Diluted EPS": 0.0,
        "Total Revenue": 27,
        "Gross Profit": 10,
        "Operating Income": -1,
        "EBIT": 0,
        "Net Income": 0
    },
    "2012-09-30": {
        "Diluted EPS": -1.3,
        "Total Revenue": 23,
        "Gross Profit": 10,
        "Operating Income": -8,
        "EBIT": -7,
        "Net Income": -8
    },
    "2012-06-30": {
        "Diluted EPS": -6.1,
        "Total Revenue": 24,
        "Gross Profit": 10,
        "Operating Income": -43,
        "EBIT": -41,
        "Net Income": -36
    },
    "2012-03-31": {
        "Diluted EPS": -1.1,
        "Total Revenue": 21,
        "Gross Profit": 9,
        "Operating Income": -7,
        "EBIT": -5,
        "Net Income": -6
    },
    "2011-12-31": {
        "Diluted EPS": -0.5,
        "Total Revenue": 28,
        "Gross Profit": 11,
        "Operating Income": -2,
        "EBIT": -1,
        "Net Income": -3
    },
    "2011-09-30": {
        "Diluted EPS": -0.6,
        "Total Revenue": 27,
        "Gross Profit": 12,
        "Operating Income": -3,
        "EBIT": -1,
        "Net Income": -4
    },
    "2011-06-30": {
        "Diluted EPS": -0.3,
        "Total Revenue": 26,
        "Gross Profit": 10,
        "Operating Income": -3,
        "EBIT": -2,
        "Net Income": -2
    },
    "2011-03-31": {
        "Diluted EPS": -0.4,
        "Total Revenue": 22,
        "Gross Profit": 9,
        "Operating Income": -2,
        "EBIT": -1,
        "Net Income": -2
    },
    "2010-12-31": {
        "Diluted EPS": 0.1,
        "Total Revenue": 28,
        "Gross Profit": 12,
        "Operating Income": 0,
        "EBIT": 1,
        "Net Income": -1
    },
    "2010-09-30": {
        "Diluted EPS": -0.5,
        "Total Revenue": 21,
        "Gross Profit": 9,
        "Operating Income": -2,
        "EBIT": -1,
        "Net Income": -2
    },
    "2010-06-30": {
        "Diluted EPS": -0.2,
        "Total Revenue": 21,
        "Gross Profit": 10,
        "Operating Income": -2,
        "EBIT": 0,
        "Net Income": -1
    },
    "2010-03-31": {
        "Diluted EPS": -1.5,
        "Total Revenue": 15,
        "Gross Profit": 7,
        "Operating Income": -5,
        "EBIT": -4,
        "Net Income": -6
    },
    "2009-12-31": {
        "Diluted EPS": -3.4,
        "Total Revenue": 12,
        "Gross Profit": 5,
        "Operating Income": -7,
        "EBIT": -6,
        "Net Income": -8
    },
    "2009-09-30": {
        "Diluted EPS": -0.9,
        "Total Revenue": 13,
        "Gross Profit": 7,
        "Operating Income": -2,
        "EBIT": -1,
        "Net Income": -2
    },
    "2009-06-30": {
        "Diluted EPS": -0.2,
        "Total Revenue": 11,
        "Gross Profit": 6,
        "Operating Income": -2,
        "EBIT": -2,
        "Net Income": 0
    },
    "2009-03-31": {
        "Diluted EPS": -1.9,
        "Total Revenue": 5,
        "Gross Profit": 2,
        "Operating Income": -3,
        "EBIT": -3,
        "Net Income": -3
    },
    "2023-06-30": {
        "Tax Effect Of Unusual Items": NaN,
        "Tax Rate For Calcs": NaN,
        "Normalized EBITDA": NaN,
        "Total Unusual Items": NaN,
        "Total Unusual Items Excluding Goodwill": NaN,
        "Net Income From Continuing Operation Net Minority Interest": NaN,
        "Reconciled Depreciation": NaN,
        "Reconciled Cost Of Revenue": NaN,
        "EBITDA": NaN,
        "EBIT": NaN,
        "Net Interest Income": NaN,
        "Interest Expense": 90000.0,
        "Normalized Income": NaN,
        "Net Income From Continuing And Discontinued Operation": NaN,
        "Total Expenses": NaN,
        "Total Operating Income As Reported": NaN,
        "Diluted Average Shares": NaN,
        "Basic Average Shares": NaN,
        "Diluted EPS": NaN,
        "Basic EPS": NaN,
        "Diluted NI Availto Com Stockholders": NaN,
        "Net Income Common Stockholders": NaN,
        "Otherunder Preferred Stock Dividend": 315000.0,
        "Preferred Stock Dividends": NaN,
        "Net Income": NaN,
        "Net Income Including Noncontrolling Interests": NaN,
        "Net Income Discontinuous Operations": 2307000.0,
        "Net Income Continuous Operations": NaN,
        "Tax Provision": NaN,
        "Pretax Income": NaN,
        "Other Income Expense": NaN,
        "Special Income Charges": NaN,
        "Restructuring And Mergern Acquisition": NaN,
        "Gain On Sale Of Security": NaN,
        "Net Non Operating Interest Income Expense": NaN,
        "Total Other Finance Cost": NaN,
        "Interest Expense Non Operating": 90000.0,
        "Operating Income": NaN,
        "Operating Expense": NaN,
        "Research And Development": NaN,
        "Selling General And Administration": NaN,
        "Selling And Marketing Expense": NaN,
        "General And Administrative Expense": NaN,
        "Other Gand A": NaN,
        "Gross Profit": NaN,
        "Cost Of Revenue": NaN,
        "Total Revenue": NaN,
        "Operating Revenue": NaN
    },
    "2023-09-30": {
        "Tax Effect Of Unusual Items": NaN,
        "Tax Rate For Calcs": NaN,
        "Normalized EBITDA": NaN,
        "Total Unusual Items": NaN,
        "Total Unusual Items Excluding Goodwill": NaN,
        "Net Income From Continuing Operation Net Minority Interest": NaN,
        "Reconciled Depreciation": NaN,
        "Reconciled Cost Of Revenue": NaN,
        "EBITDA": NaN,
        "EBIT": NaN,
        "Net Interest Income": NaN,
        "Interest Expense": 211000.0,
        "Normalized Income": NaN,
        "Net Income From Continuing And Discontinued Operation": NaN,
        "Total Expenses": NaN,
        "Total Operating Income As Reported": NaN,
        "Diluted Average Shares": NaN,
        "Basic Average Shares": NaN,
        "Diluted EPS": NaN,
        "Basic EPS": NaN,
        "Diluted NI Availto Com Stockholders": NaN,
        "Net Income Common Stockholders": NaN,
        "Otherunder Preferred Stock Dividend": NaN,
        "Preferred Stock Dividends": 319000.0,
        "Net Income": NaN,
        "Net Income Including Noncontrolling Interests": NaN,
        "Net Income Discontinuous Operations": NaN,
        "Net Income Continuous Operations": NaN,
        "Tax Provision": NaN,
        "Pretax Income": NaN,
        "Other Income Expense": NaN,
        "Special Income Charges": NaN,
        "Restructuring And Mergern Acquisition": NaN,
        "Gain On Sale Of Security": NaN,
        "Net Non Operating Interest Income Expense": NaN,
        "Total Other Finance Cost": 211000.0,
        "Interest Expense Non Operating": 211000.0,
        "Operating Income": NaN,
        "Operating Expense": NaN,
        "Research And Development": NaN,
        "Selling General And Administration": NaN,
        "Selling And Marketing Expense": NaN,
        "General And Administrative Expense": NaN,
        "Other Gand A": NaN,
        "Gross Profit": NaN,
        "Cost Of Revenue": NaN,
        "Total Revenue": NaN,
        "Operating Revenue": NaN
    },
    "2023-12-31": {
        "Tax Effect Of Unusual Items": NaN,
        "Tax Rate For Calcs": NaN,
        "Normalized EBITDA": NaN,
        "Total Unusual Items": NaN,
        "Total Unusual Items Excluding Goodwill": NaN,
        "Net Income From Continuing Operation Net Minority Interest": NaN,
        "Reconciled Depreciation": NaN,
        "Reconciled Cost Of Revenue": NaN,
        "EBITDA": NaN,
        "EBIT": NaN,
        "Net Interest Income": NaN,
        "Interest Expense": 76000.0,
        "Normalized Income": NaN,
        "Net Income From Continuing And Discontinued Operation": NaN,
        "Total Expenses": NaN,
        "Total Operating Income As Reported": NaN,
        "Diluted Average Shares": NaN,
        "Basic Average Shares": NaN,
        "Diluted EPS": NaN,
        "Basic EPS": NaN,
        "Diluted NI Availto Com Stockholders": NaN,
        "Net Income Common Stockholders": NaN,
        "Otherunder Preferred Stock Dividend": NaN,
        "Preferred Stock Dividends": NaN,
        "Net Income": NaN,
        "Net Income Including Noncontrolling Interests": NaN,
        "Net Income Discontinuous Operations": NaN,
        "Net Income Continuous Operations": NaN,
        "Tax Provision": NaN,
        "Pretax Income": NaN,
        "Other Income Expense": NaN,
        "Special Income Charges": NaN,
        "Impairment Of Capital Assets": NaN,
        "Restructuring And Mergern Acquisition": NaN,
        "Gain On Sale Of Security": NaN,
        "Net Non Operating Interest Income Expense": NaN,
        "Total Other Finance Cost": NaN,
        "Interest Expense Non Operating": 76000.0,
        "Operating Income": NaN,
        "Operating Expense": NaN,
        "Research And Development": NaN,
        "Selling General And Administration": NaN,
        "Selling And Marketing Expense": NaN,
        "General And Administrative Expense": NaN,
        "Other Gand A": NaN,
        "Gross Profit": NaN,
        "Cost Of Revenue": NaN,
        "Total Revenue": NaN,
        "Operating Revenue": NaN
    },
    "2024-03-31": {
        "Tax Effect Of Unusual Items": NaN,
        "Tax Rate For Calcs": NaN,
        "Normalized EBITDA": NaN,
        "Total Unusual Items": NaN,
        "Total Unusual Items Excluding Goodwill": NaN,
        "Net Income From Continuing Operation Net Minority Interest": NaN,
        "Reconciled Depreciation": NaN,
        "Reconciled Cost Of Revenue": NaN,
        "EBITDA": NaN,
        "EBIT": NaN,
        "Net Interest Income": NaN,
        "Interest Expense": 87000.0,
        "Normalized Income": NaN,
        "Net Income From Continuing And Discontinued Operation": NaN,
        "Total Expenses": NaN,
        "Total Operating Income As Reported": NaN,
        "Diluted Average Shares": NaN,
        "Basic Average Shares": NaN,
        "Diluted EPS": NaN,
        "Basic EPS": NaN,
        "Diluted NI Availto Com Stockholders": NaN,
        "Net Income Common Stockholders": NaN,
        "Otherunder Preferred Stock Dividend": NaN,
        "Preferred Stock Dividends": 248000.0,
        "Net Income": NaN,
        "Net Income Including Noncontrolling Interests": NaN,
        "Net Income Discontinuous Operations": NaN,
        "Net Income Continuous Operations": NaN,
        "Tax Provision": NaN,
        "Pretax Income": NaN,
        "Other Income Expense": NaN,
        "Special Income Charges": NaN,
        "Impairment Of Capital Assets": NaN,
        "Restructuring And Mergern Acquisition": NaN,
        "Gain On Sale Of Security": NaN,
        "Net Non Operating Interest Income Expense": NaN,
        "Total Other Finance Cost": 87000.0,
        "Interest Expense Non Operating": 87000.0,
        "Operating Income": NaN,
        "Operating Expense": NaN,
        "Research And Development": NaN,
        "Selling General And Administration": NaN,
        "Selling And Marketing Expense": NaN,
        "General And Administrative Expense": NaN,
        "Other Gand A": NaN,
        "Gross Profit": NaN,
        "Cost Of Revenue": NaN,
        "Total Revenue": NaN,
        "Operating Revenue": NaN
    },
    "2024-06-30": {
        "Tax Effect Of Unusual Items": -42.580831,
        "Tax Rate For Calcs": 0.000722,
        "Normalized EBITDA": -5855000.0,
        "Total Unusual Items": -59000.0,
        "Total Unusual Items Excluding Goodwill": -59000.0,
        "Net Income From Continuing Operation Net Minority Interest": -6923000.0,
        "Reconciled Depreciation": 806000.0,
        "Reconciled Cost Of Revenue": 6127000.0,
        "EBITDA": -5914000.0,
        "EBIT": -6720000.0,
        "Net Interest Income": -149000.0,
        "Interest Expense": 149000.0,
        "Normalized Income": -6864042.580831,
        "Net Income From Continuing And Discontinued Operation": -6216000.0,
        "Total Expenses": 13461000.0,
        "Total Operating Income As Reported": -6720000.0,
        "Diluted Average Shares": 23459000.0,
        "Basic Average Shares": 23459000.0,
        "Diluted EPS": -0.27,
        "Basic EPS": -0.27,
        "Diluted NI Availto Com Stockholders": -6449000.0,
        "Net Income Common Stockholders": -6449000.0,
        "Otherunder Preferred Stock Dividend": 233000.0,
        "Preferred Stock Dividends": 233000.0,
        "Net Income": -6216000.0,
        "Net Income Including Noncontrolling Interests": -6216000.0,
        "Net Income Discontinuous Operations": 707000.0,
        "Net Income Continuous Operations": -6923000.0,
        "Tax Provision": -5000.0,
        "Pretax Income": -6928000.0,
        "Other Income Expense": -59000.0,
        "Special Income Charges": 0.0,
        "Impairment Of Capital Assets": NaN,
        "Restructuring And Mergern Acquisition": 0.0,
        "Gain On Sale Of Security": -59000.0,
        "Net Non Operating Interest Income Expense": -149000.0,
        "Total Other Finance Cost": 149000.0,
        "Interest Expense Non Operating": 149000.0,
        "Operating Income": -6720000.0,
        "Operating Expense": 7334000.0,
        "Research And Development": 966000.0,
        "Selling General And Administration": 6368000.0,
        "Selling And Marketing Expense": 1828000.0,
        "General And Administrative Expense": 4540000.0,
        "Other Gand A": 4540000.0,
        "Gross Profit": 614000.0,
        "Cost Of Revenue": 6127000.0,
        "Total Revenue": 6741000.0,
        "Operating Revenue": 6741000.0
    },
    "2024-09-30": {
        "Tax Effect Of Unusual Items": 71400.0,
        "Tax Rate For Calcs": 0.21,
        "Normalized EBITDA": -9766000.0,
        "Total Unusual Items": 340000.0,
        "Total Unusual Items Excluding Goodwill": 340000.0,
        "Net Income From Continuing Operation Net Minority Interest": -9329000.0,
        "Reconciled Depreciation": 127000.0,
        "Reconciled Cost Of Revenue": 6294000.0,
        "EBITDA": -9426000.0,
        "EBIT": -9553000.0,
        "Net Interest Income": 244000.0,
        "Interest Expense": NaN,
        "Normalized Income": -9597600.0,
        "Net Income From Continuing And Discontinued Operation": 85949000.0,
        "Total Expenses": 16085000.0,
        "Total Operating Income As Reported": -9553000.0,
        "Diluted Average Shares": 23660000.0,
        "Basic Average Shares": 23660000.0,
        "Diluted EPS": 3.62,
        "Basic EPS": 3.62,
        "Diluted NI Availto Com Stockholders": 85748000.0,
        "Net Income Common Stockholders": 85748000.0,
        "Otherunder Preferred Stock Dividend": NaN,
        "Preferred Stock Dividends": 201000.0,
        "Net Income": 85949000.0,
        "Net Income Including Noncontrolling Interests": 85949000.0,
        "Net Income Discontinuous Operations": 95278000.0,
        "Net Income Continuous Operations": -9329000.0,
        "Tax Provision": 360000.0,
        "Pretax Income": -8969000.0,
        "Other Income Expense": 340000.0,
        "Special Income Charges": 0.0,
        "Impairment Of Capital Assets": NaN,
        "Restructuring And Mergern Acquisition": 0.0,
        "Gain On Sale Of Security": 340000.0,
        "Net Non Operating Interest Income Expense": 244000.0,
        "Total Other Finance Cost": -244000.0,
        "Interest Expense Non Operating": NaN,
        "Operating Income": -9553000.0,
        "Operating Expense": 9791000.0,
        "Research And Development": 1102000.0,
        "Selling General And Administration": 8689000.0,
        "Selling And Marketing Expense": 1657000.0,
        "General And Administrative Expense": 7032000.0,
        "Other Gand A": 7032000.0,
        "Gross Profit": 238000.0,
        "Cost Of Revenue": 6294000.0,
        "Total Revenue": 6532000.0,
        "Operating Revenue": 6532000.0
    },
    "2024-12-31": {
        "Tax Effect Of Unusual Items": 11500.219877,
        "Tax Rate For Calcs": 0.059587,
        "Normalized EBITDA": -5584000.0,
        "Total Unusual Items": 193000.0,
        "Total Unusual Items Excluding Goodwill": 193000.0,
        "Net Income From Continuing Operation Net Minority Interest": -4277000.0,
        "Reconciled Depreciation": 694000.0,
        "Reconciled Cost Of Revenue": 7692000.0,
        "EBITDA": -5391000.0,
        "EBIT": -6085000.0,
        "Net Interest Income": 1344000.0,
        "Interest Expense": NaN,
        "Normalized Income": -4458499.780123,
        "Net Income From Continuing And Discontinued Operation": -355000.0,
        "Total Expenses": 12782000.0,
        "Total Operating Income As Reported": -6625000.0,
        "Diluted Average Shares": 23833000.0,
        "Basic Average Shares": 23833000.0,
        "Diluted EPS": -0.11,
        "Basic EPS": -0.11,
        "Diluted NI Availto Com Stockholders": -556000.0,
        "Net Income Common Stockholders": -556000.0,
        "Otherunder Preferred Stock Dividend": NaN,
        "Preferred Stock Dividends": NaN,
        "Net Income": -355000.0,
        "Net Income Including Noncontrolling Interests": -355000.0,
        "Net Income Discontinuous Operations": 3922000.0,
        "Net Income Continuous Operations": -4277000.0,
        "Tax Provision": -271000.0,
        "Pretax Income": -4548000.0,
        "Other Income Expense": 193000.0,
        "Special Income Charges": -540000.0,
        "Impairment Of Capital Assets": NaN,
        "Restructuring And Mergern Acquisition": 540000.0,
        "Gain On Sale Of Security": 733000.0,
        "Net Non Operating Interest Income Expense": 1344000.0,
        "Total Other Finance Cost": NaN,
        "Interest Expense Non Operating": NaN,
        "Operating Income": -6085000.0,
        "Operating Expense": 5090000.0,
        "Research And Development": 922000.0,
        "Selling General And Administration": 4168000.0,
        "Selling And Marketing Expense": 1073000.0,
        "General And Administrative Expense": 3095000.0,
        "Other Gand A": 3095000.0,
        "Gross Profit": -995000.0,
        "Cost Of Revenue": 7692000.0,
        "Total Revenue": 6697000.0,
        "Operating Revenue": 6697000.0
    },
    "2025-03-31": {
        "Tax Effect Of Unusual Items": 0.0,
        "Tax Rate For Calcs": 0.0,
        "Normalized EBITDA": -3765000.0,
        "Total Unusual Items": -790000.0,
        "Total Unusual Items Excluding Goodwill": -790000.0,
        "Net Income From Continuing Operation Net Minority Interest": -4789000.0,
        "Reconciled Depreciation": 653000.0,
        "Reconciled Cost Of Revenue": 5137000.0,
        "EBITDA": -4555000.0,
        "EBIT": -5208000.0,
        "Net Interest Income": 1212000.0,
        "Interest Expense": NaN,
        "Normalized Income": -3999000.0,
        "Net Income From Continuing And Discontinued Operation": -4789000.0,
        "Total Expenses": 10477000.0,
        "Total Operating Income As Reported": -5468000.0,
        "Diluted Average Shares": 23599000.0,
        "Basic Average Shares": 23599000.0,
        "Diluted EPS": -0.21,
        "Basic EPS": -0.21,
        "Diluted NI Availto Com Stockholders": -4994000.0,
        "Net Income Common Stockholders": -4994000.0,
        "Otherunder Preferred Stock Dividend": NaN,
        "Preferred Stock Dividends": 205000.0,
        "Net Income": -4789000.0,
        "Net Income Including Noncontrolling Interests": -4789000.0,
        "Net Income Discontinuous Operations": 0.0,
        "Net Income Continuous Operations": -4789000.0,
        "Tax Provision": 3000.0,
        "Pretax Income": -4786000.0,
        "Other Income Expense": -790000.0,
        "Special Income Charges": -260000.0,
        "Impairment Of Capital Assets": NaN,
        "Restructuring And Mergern Acquisition": 260000.0,
        "Gain On Sale Of Security": -530000.0,
        "Net Non Operating Interest Income Expense": 1212000.0,
        "Total Other Finance Cost": -1212000.0,
        "Interest Expense Non Operating": NaN,
        "Operating Income": -5208000.0,
        "Operating Expense": 5340000.0,
        "Research And Development": 787000.0,
        "Selling General And Administration": 4553000.0,
        "Selling And Marketing Expense": 1407000.0,
        "General And Administrative Expense": 3146000.0,
        "Other Gand A": 3146000.0,
        "Gross Profit": 132000.0,
        "Cost Of Revenue": 5137000.0,
        "Total Revenue": 5269000.0,
        "Operating Revenue": 5269000.0
    },
    "2025-06-30": {
        "Tax Effect Of Unusual Items": -270900.0,
        "Tax Rate For Calcs": 0.21,
        "Normalized EBITDA": -4043000.0,
        "Total Unusual Items": -1290000.0,
        "Total Unusual Items Excluding Goodwill": -1290000.0,
        "Net Income From Continuing Operation Net Minority Interest": -6042000.0,
        "Reconciled Depreciation": 634000.0,
        "Reconciled Cost Of Revenue": 5514000.0,
        "EBITDA": -5333000.0,
        "EBIT": -5967000.0,
        "Net Interest Income": 1320000.0,
        "Interest Expense": NaN,
        "Normalized Income": -5022900.0,
        "Net Income From Continuing And Discontinued Operation": -6042000.0,
        "Total Expenses": 11007000.0,
        "Total Operating Income As Reported": -6387000.0,
        "Diluted Average Shares": 23760000.0,
        "Basic Average Shares": 23760000.0,
        "Diluted EPS": -0.26,
        "Basic EPS": -0.26,
        "Diluted NI Availto Com Stockholders": -6247000.0,
        "Net Income Common Stockholders": -6247000.0,
        "Otherunder Preferred Stock Dividend": NaN,
        "Preferred Stock Dividends": 205000.0,
        "Net Income": -6042000.0,
        "Net Income Including Noncontrolling Interests": -6042000.0,
        "Net Income Discontinuous Operations": 0.0,
        "Net Income Continuous Operations": -6042000.0,
        "Tax Provision": 105000.0,
        "Pretax Income": -5937000.0,
        "Other Income Expense": -1290000.0,
        "Special Income Charges": -420000.0,
        "Impairment Of Capital Assets": 108000.0,
        "Restructuring And Mergern Acquisition": 312000.0,
        "Gain On Sale Of Security": -870000.0,
        "Net Non Operating Interest Income Expense": 1320000.0,
        "Total Other Finance Cost": -1320000.0,
        "Interest Expense Non Operating": NaN,
        "Operating Income": -5967000.0,
        "Operating Expense": 5493000.0,
        "Research And Development": 890000.0,
        "Selling General And Administration": 4603000.0,
        "Selling And Marketing Expense": 1546000.0,
        "General And Administrative Expense": 3057000.0,
        "Other Gand A": 3057000.0,
        "Gross Profit": -474000.0,
        "Cost Of Revenue": 5514000.0,
        "Total Revenue": 5040000.0,
        "Operating Revenue": 5040000.0
    }
}