{
    "2023-03-31": {
        "Tax Effect Of Unusual Items": NaN,
        "Tax Rate For Calcs": NaN,
        "Normalized EBITDA": NaN,
        "Total Unusual Items": NaN,
        "Total Unusual Items Excluding Goodwill": NaN,
        "Net Income From Continuing Operation Net Minority Interest": NaN,
        "Reconciled Depreciation": NaN,
        "Reconciled Cost Of Revenue": NaN,
        "EBITDA": NaN,
        "EBIT": NaN,
        "Net Interest Income": NaN,
        "Interest Expense": NaN,
        "Interest Income": NaN,
        "Normalized Income": NaN,
        "Net Income From Continuing And Discontinued Operation": NaN,
        "Total Expenses": NaN,
        "Total Operating Income As Reported": NaN,
        "Diluted Average Shares": 143000000.0,
        "Basic Average Shares": 143000000.0,
        "Diluted EPS": -0.87,
        "Basic EPS": -0.87,
        "Diluted NI Availto Com Stockholders": NaN,
        "Net Income Common Stockholders": NaN,
        "Net Income": NaN,
        "Net Income Including Noncontrolling Interests": NaN,
        "Net Income Continuous Operations": NaN,
        "Tax Provision": NaN,
        "Pretax Income": NaN,
        "Other Income Expense": NaN,
        "Other Non Operating Income Expenses": NaN,
        "Gain On Sale Of Security": NaN,
        "Net Non Operating Interest Income Expense": NaN,
        "Total Other Finance Cost": 1300000.0,
        "Interest Expense Non Operating": NaN,
        "Interest Income Non Operating": NaN,
        "Operating Income": NaN,
        "Operating Expense": NaN,
        "Research And Development": NaN,
        "Selling General And Administration": NaN,
        "General And Administrative Expense": 45516000.0,
        "Other Gand A": 38216000.0,
        "Salaries And Wages": 7300000.0,
        "Gross Profit": NaN,
        "Cost Of Revenue": NaN,
        "Total Revenue": NaN,
        "Operating Revenue": NaN
    },
    "2022-12-31": {
        "Tax Effect Of Unusual Items": NaN,
        "Tax Rate For Calcs": NaN,
        "Normalized EBITDA": NaN,
        "Total Unusual Items": NaN,
        "Total Unusual Items Excluding Goodwill": NaN,
        "Net Income From Continuing Operation Net Minority Interest": NaN,
        "Reconciled Depreciation": NaN,
        "Reconciled Cost Of Revenue": NaN,
        "EBITDA": NaN,
        "EBIT": NaN,
        "Net Interest Income": NaN,
        "Interest Expense": NaN,
        "Interest Income": NaN,
        "Normalized Income": NaN,
        "Net Income From Continuing And Discontinued Operation": NaN,
        "Total Expenses": NaN,
        "Total Operating Income As Reported": NaN,
        "Diluted Average Shares": NaN,
        "Basic Average Shares": NaN,
        "Diluted EPS": NaN,
        "Basic EPS": NaN,
        "Diluted NI Availto Com Stockholders": NaN,
        "Net Income Common Stockholders": NaN,
        "Net Income": NaN,
        "Net Income Including Noncontrolling Interests": NaN,
        "Net Income Continuous Operations": NaN,
        "Tax Provision": NaN,
        "Pretax Income": NaN,
        "Other Income Expense": NaN,
        "Other Non Operating Income Expenses": NaN,
        "Special Income Charges": 0.0,
        "Restructuring And Mergern Acquisition": 0.0,
        "Gain On Sale Of Security": NaN,
        "Net Non Operating Interest Income Expense": NaN,
        "Total Other Finance Cost": NaN,
        "Interest Expense Non Operating": NaN,
        "Interest Income Non Operating": NaN,
        "Operating Income": NaN,
        "Operating Expense": NaN,
        "Research And Development": NaN,
        "Selling General And Administration": NaN,
        "General And Administrative Expense": NaN,
        "Other Gand A": NaN,
        "Salaries And Wages": NaN,
        "Gross Profit": NaN,
        "Cost Of Revenue": NaN,
        "Total Revenue": NaN,
        "Operating Revenue": NaN
    },
    "2022-09-30": {
        "Tax Effect Of Unusual Items": NaN,
        "Tax Rate For Calcs": NaN,
        "Normalized EBITDA": NaN,
        "Total Unusual Items": NaN,
        "Total Unusual Items Excluding Goodwill": NaN,
        "Net Income From Continuing Operation Net Minority Interest": NaN,
        "Reconciled Depreciation": NaN,
        "Reconciled Cost Of Revenue": NaN,
        "EBITDA": NaN,
        "EBIT": NaN,
        "Net Interest Income": NaN,
        "Interest Expense": NaN,
        "Interest Income": NaN,
        "Normalized Income": NaN,
        "Net Income From Continuing And Discontinued Operation": NaN,
        "Total Expenses": NaN,
        "Total Operating Income As Reported": NaN,
        "Diluted Average Shares": NaN,
        "Basic Average Shares": NaN,
        "Diluted EPS": NaN,
        "Basic EPS": NaN,
        "Diluted NI Availto Com Stockholders": NaN,
        "Net Income Common Stockholders": NaN,
        "Net Income": NaN,
        "Net Income Including Noncontrolling Interests": NaN,
        "Net Income Continuous Operations": NaN,
        "Tax Provision": NaN,
        "Pretax Income": NaN,
        "Other Income Expense": NaN,
        "Other Non Operating Income Expenses": NaN,
        "Special Income Charges": 0.0,
        "Restructuring And Mergern Acquisition": 0.0,
        "Gain On Sale Of Security": NaN,
        "Net Non Operating Interest Income Expense": NaN,
        "Total Other Finance Cost": NaN,
        "Interest Expense Non Operating": NaN,
        "Interest Income Non Operating": NaN,
        "Operating Income": NaN,
        "Operating Expense": NaN,
        "Research And Development": NaN,
        "Selling General And Administration": NaN,
        "General And Administrative Expense": NaN,
        "Other Gand A": NaN,
        "Salaries And Wages": NaN,
        "Gross Profit": NaN,
        "Cost Of Revenue": NaN,
        "Total Revenue": NaN,
        "Operating Revenue": NaN
    },
    "2022-06-30": {
        "Tax Effect Of Unusual Items": -1173600.0,
        "Tax Rate For Calcs": 0.4,
        "Normalized EBITDA": -94055000.0,
        "Total Unusual Items": -2934000.0,
        "Total Unusual Items Excluding Goodwill": -2934000.0,
        "Net Income From Continuing Operation Net Minority Interest": -105135000.0,
        "Reconciled Depreciation": 5086000.0,
        "Reconciled Cost Of Revenue": 4745000.0,
        "EBITDA": -96989000.0,
        "EBIT": -102075000.0,
        "Net Interest Income": -2100000.0,
        "Interest Expense": 800000.0,
        "Normalized Income": -103374600.0,
        "Net Income From Continuing And Discontinued Operation": -105135000.0,
        "Total Expenses": 219303000.0,
        "Total Operating Income As Reported": -85514000.0,
        "Diluted Average Shares": 141794000.0,
        "Basic Average Shares": 141794000.0,
        "Diluted EPS": -0.74,
        "Basic EPS": -0.74,
        "Diluted NI Availto Com Stockholders": -105135000.0,
        "Net Income Common Stockholders": -105135000.0,
        "Net Income": -105135000.0,
        "Net Income Including Noncontrolling Interests": -105135000.0,
        "Net Income Continuous Operations": -105135000.0,
        "Tax Provision": 2260000.0,
        "Pretax Income": -102875000.0,
        "Other Income Expense": -15231000.0,
        "Other Non Operating Income Expenses": -12297000.0,
        "Special Income Charges": 0.0,
        "Restructuring And Mergern Acquisition": 0.0,
        "Gain On Sale Of Security": -2934000.0,
        "Net Non Operating Interest Income Expense": -2100000.0,
        "Total Other Finance Cost": 1300000.0,
        "Interest Expense Non Operating": 800000.0,
        "Operating Income": -85512000.0,
        "Operating Expense": 214558000.0,
        "Research And Development": 180758000.0,
        "Selling General And Administration": 33800000.0,
        "General And Administrative Expense": 33800000.0,
        "Other Gand A": 27900000.0,
        "Salaries And Wages": 5900000.0,
        "Gross Profit": 129046000.0,
        "Cost Of Revenue": 4745000.0,
        "Total Revenue": 133791000.0,
        "Operating Revenue": 133791000.0
    },
    "2022-03-31": {
        "Diluted EPS": -0.46,
        "Total Revenue": 142,
        "Gross Profit": 138,
        "Operating Income": -58,
        "EBIT": -47,
        "Net Income": -65
    },
    "2021-12-31": {
        "Diluted EPS": 1.59,
        "Total Revenue": 440,
        "Gross Profit": 438,
        "Operating Income": 221,
        "EBIT": 231,
        "Net Income": 225
    },
    "2021-09-30": {
        "Diluted EPS": -0.58,
        "Total Revenue": 133,
        "Gross Profit": 130,
        "Operating Income": -86,
        "EBIT": -75,
        "Net Income": -82
    },
    "2021-06-30": {
        "Diluted EPS": -0.57,
        "Total Revenue": 126,
        "Gross Profit": 123,
        "Operating Income": -73,
        "EBIT": -62,
        "Net Income": -81
    },
    "2021-03-31": {
        "Diluted EPS": -0.64,
        "Total Revenue": 112,
        "Gross Profit": 109,
        "Operating Income": -92,
        "EBIT": -82,
        "Net Income": -90
    },
    "2020-12-31": {
        "Diluted EPS": -2.54,
        "Total Revenue": 290,
        "Gross Profit": 287,
        "Operating Income": -23,
        "EBIT": -14,
        "Net Income": -355
    },
    "2020-09-30": {
        "Diluted EPS": -0.18,
        "Total Revenue": 160,
        "Gross Profit": 157,
        "Operating Income": -37,
        "EBIT": -27,
        "Net Income": -24
    },
    "2020-06-30": {
        "Diluted EPS": -0.18,
        "Total Revenue": 146,
        "Gross Profit": 143,
        "Operating Income": -52,
        "EBIT": -44,
        "Net Income": -26
    },
    "2020-03-31": {
        "Diluted EPS": -0.28,
        "Total Revenue": 133,
        "Gross Profit": 131,
        "Operating Income": -61,
        "EBIT": -55,
        "Net Income": -40
    },
    "2019-12-31": {
        "Diluted EPS": 1.11,
        "Total Revenue": 494,
        "Gross Profit": 493,
        "Operating Income": 261,
        "EBIT": 239,
        "Net Income": 168
    },
    "2019-09-30": {
        "Diluted EPS": 0.18,
        "Total Revenue": 168,
        "Gross Profit": 167,
        "Operating Income": 3,
        "EBIT": 14,
        "Net Income": 26
    },
    "2019-06-30": {
        "Diluted EPS": -0.01,
        "Total Revenue": 164,
        "Gross Profit": 162,
        "Operating Income": -19,
        "EBIT": -8,
        "Net Income": -1
    },
    "2019-03-31": {
        "Diluted EPS": 0.62,
        "Total Revenue": 297,
        "Gross Profit": 296,
        "Operating Income": 122,
        "EBIT": 132,
        "Net Income": 84
    },
    "2018-12-31": {
        "Diluted EPS": 2.4,
        "Total Revenue": 192,
        "Gross Profit": 192,
        "Operating Income": 11,
        "EBIT": 22,
        "Net Income": 320
    },
    "2018-09-30": {
        "Diluted EPS": -0.03,
        "Total Revenue": 145,
        "Gross Profit": 145,
        "Operating Income": -19,
        "EBIT": -7,
        "Net Income": -5
    },
    "2018-06-30": {
        "Diluted EPS": -0.29,
        "Total Revenue": 118,
        "Gross Profit": 118,
        "Operating Income": -50,
        "EBIT": -38,
        "Net Income": -40
    },
    "2018-03-31": {
        "Diluted EPS": -0.01,
        "Total Revenue": 144,
        "Gross Profit": 144,
        "Operating Income": -3,
        "EBIT": 9,
        "Net Income": -1
    },
    "2017-12-31": {
        "Diluted EPS": 0.12,
        "Total Revenue": 168,
        "Gross Profit": 168,
        "Operating Income": -6,
        "EBIT": 5,
        "Net Income": -3
    },
    "2017-09-30": {
        "Diluted EPS": -0.02,
        "Total Revenue": 118,
        "Gross Profit": 118,
        "Operating Income": 11,
        "EBIT": 24,
        "Net Income": -3
    },
    "2017-06-30": {
        "Diluted EPS": -0.02,
        "Total Revenue": 112,
        "Gross Profit": 112,
        "Operating Income": 6,
        "EBIT": 21,
        "Net Income": -3
    },
    "2017-03-31": {
        "Diluted EPS": 0.07,
        "Total Revenue": 116,
        "Gross Profit": 116,
        "Operating Income": 19,
        "EBIT": 33,
        "Net Income": 9
    },
    "2016-12-31": {
        "Diluted EPS": 0.43,
        "Total Revenue": 187,
        "Gross Profit": 187,
        "Operating Income": 67,
        "EBIT": 79,
        "Net Income": 52
    },
    "2016-09-30": {
        "Diluted EPS": 0.06,
        "Total Revenue": 111,
        "Gross Profit": 111,
        "Operating Income": 16,
        "EBIT": 28,
        "Net Income": 7
    },
    "2016-06-30": {
        "Diluted EPS": -0.47,
        "Total Revenue": 38,
        "Gross Profit": 38,
        "Operating Income": -49,
        "EBIT": -37,
        "Net Income": -57
    },
    "2016-03-31": {
        "Diluted EPS": -0.52,
        "Total Revenue": 37,
        "Gross Profit": 37,
        "Operating Income": -55,
        "EBIT": -43,
        "Net Income": -63
    },
    "2015-12-31": {
        "Diluted EPS": -0.59,
        "Total Revenue": 52,
        "Gross Profit": 52,
        "Operating Income": -63,
        "EBIT": -50,
        "Net Income": -71
    },
    "2015-09-30": {
        "Diluted EPS": -0.3,
        "Total Revenue": 49,
        "Gross Profit": 49,
        "Operating Income": -48,
        "EBIT": -36,
        "Net Income": -36
    },
    "2015-06-30": {
        "Diluted EPS": 0.29,
        "Total Revenue": 120,
        "Gross Profit": 120,
        "Operating Income": 45,
        "EBIT": 56,
        "Net Income": 36
    },
    "2015-03-31": {
        "Diluted EPS": -0.14,
        "Total Revenue": 63,
        "Gross Profit": 63,
        "Operating Income": -9,
        "EBIT": 2,
        "Net Income": -17
    },
    "2014-12-31": {
        "Diluted EPS": 0.27,
        "Total Revenue": 85,
        "Gross Profit": 85,
        "Operating Income": 10,
        "EBIT": 20,
        "Net Income": 31
    },
    "2014-09-30": {
        "Diluted EPS": -0.23,
        "Total Revenue": 44,
        "Gross Profit": 44,
        "Operating Income": -21,
        "EBIT": -14,
        "Net Income": -27
    },
    "2014-06-30": {
        "Diluted EPS": -0.1,
        "Total Revenue": 57,
        "Gross Profit": 57,
        "Operating Income": -7,
        "EBIT": 2,
        "Net Income": -12
    },
    "2014-03-31": {
        "Diluted EPS": -0.27,
        "Total Revenue": 28,
        "Gross Profit": 28,
        "Operating Income": -30,
        "EBIT": -23,
        "Net Income": -31
    },
    "2013-12-31": {
        "Diluted EPS": -0.23,
        "Total Revenue": 42,
        "Gross Profit": 42,
        "Operating Income": -20,
        "EBIT": -12,
        "Net Income": -24
    },
    "2013-09-30": {
        "Diluted EPS": -0.21,
        "Total Revenue": 24,
        "Gross Profit": 24,
        "Operating Income": -26,
        "EBIT": -18,
        "Net Income": -25
    },
    "2013-06-30": {
        "Diluted EPS": -0.09,
        "Total Revenue": 38,
        "Gross Profit": 38,
        "Operating Income": -8,
        "EBIT": -1,
        "Net Income": -10
    },
    "2013-03-31": {
        "Diluted EPS": -0.02,
        "Total Revenue": 43,
        "Gross Profit": 43,
        "Operating Income": 2,
        "EBIT": 9,
        "Net Income": -2
    },
    "2012-12-31": {
        "Diluted EPS": -0.03,
        "Total Revenue": 20,
        "Gross Profit": 20,
        "Operating Income": -26,
        "EBIT": -26,
        "Net Income": -3
    },
    "2012-09-30": {
        "Diluted EPS": -0.37,
        "Total Revenue": 12,
        "Gross Profit": 12,
        "Operating Income": -28,
        "EBIT": -28,
        "Net Income": -38
    },
    "2012-06-30": {
        "Diluted EPS": -0.01,
        "Total Revenue": 47,
        "Gross Profit": 47,
        "Operating Income": 4,
        "EBIT": 4,
        "Net Income": -1
    },
    "2012-03-31": {
        "Diluted EPS": -0.24,
        "Total Revenue": 23,
        "Gross Profit": 23,
        "Operating Income": -18,
        "EBIT": -18,
        "Net Income": -24
    },
    "2011-12-31": {
        "Diluted EPS": -0.2,
        "Total Revenue": 32,
        "Gross Profit": 32,
        "Operating Income": -19,
        "EBIT": -19,
        "Net Income": -20
    },
    "2011-09-30": {
        "Diluted EPS": -0.27,
        "Total Revenue": 21,
        "Gross Profit": 21,
        "Operating Income": -22,
        "EBIT": -22,
        "Net Income": -27
    },
    "2011-06-30": {
        "Diluted EPS": -0.18,
        "Total Revenue": 25,
        "Gross Profit": 25,
        "Operating Income": -14,
        "EBIT": -14,
        "Net Income": -18
    },
    "2011-03-31": {
        "Diluted EPS": -0.2,
        "Total Revenue": 21,
        "Gross Profit": 21,
        "Operating Income": -16,
        "EBIT": -16,
        "Net Income": -20
    },
    "2010-12-31": {
        "Diluted EPS": -0.14,
        "Total Revenue": 26,
        "Gross Profit": 26,
        "Operating Income": -16,
        "EBIT": -16,
        "Net Income": -14
    },
    "2010-09-30": {
        "Diluted EPS": -0.13,
        "Total Revenue": 29,
        "Gross Profit": 29,
        "Operating Income": -9,
        "EBIT": -9,
        "Net Income": -12
    },
    "2010-06-30": {
        "Diluted EPS": -0.25,
        "Total Revenue": 24,
        "Gross Profit": 24,
        "Operating Income": -19,
        "EBIT": -19,
        "Net Income": -25
    },
    "2010-03-31": {
        "Diluted EPS": -0.1,
        "Total Revenue": 30,
        "Gross Profit": 30,
        "Operating Income": -5,
        "EBIT": -5,
        "Net Income": -10
    },
    "2009-12-31": {
        "Diluted EPS": -0.18,
        "Total Revenue": 32,
        "Gross Profit": 32,
        "Operating Income": -12,
        "EBIT": -12,
        "Net Income": -17
    },
    "2009-09-30": {
        "Diluted EPS": -0.12,
        "Total Revenue": 27,
        "Gross Profit": 27,
        "Operating Income": -10,
        "EBIT": -10,
        "Net Income": -12
    },
    "2009-06-30": {
        "Diluted EPS": -0.03,
        "Total Revenue": 31,
        "Gross Profit": 31,
        "Operating Income": -5,
        "EBIT": -5,
        "Net Income": -3
    },
    "2009-03-31": {
        "Diluted EPS": 1.91,
        "Total Revenue": 32,
        "Gross Profit": 32,
        "Operating Income": -1,
        "EBIT": -1,
        "Net Income": 186
    },
    "2023-06-30": {
        "Tax Effect Of Unusual Items": NaN,
        "Tax Rate For Calcs": NaN,
        "Normalized EBITDA": NaN,
        "Total Unusual Items": NaN,
        "Total Unusual Items Excluding Goodwill": NaN,
        "Net Income From Continuing Operation Net Minority Interest": NaN,
        "Reconciled Depreciation": NaN,
        "Reconciled Cost Of Revenue": NaN,
        "EBITDA": NaN,
        "EBIT": NaN,
        "Net Interest Income": NaN,
        "Interest Expense": NaN,
        "Interest Income": NaN,
        "Normalized Income": NaN,
        "Net Income From Continuing And Discontinued Operation": NaN,
        "Total Expenses": NaN,
        "Total Operating Income As Reported": NaN,
        "Diluted Average Shares": NaN,
        "Basic Average Shares": NaN,
        "Diluted EPS": NaN,
        "Basic EPS": NaN,
        "Diluted NI Availto Com Stockholders": NaN,
        "Net Income Common Stockholders": NaN,
        "Net Income": NaN,
        "Net Income Including Noncontrolling Interests": NaN,
        "Net Income Continuous Operations": NaN,
        "Tax Provision": NaN,
        "Pretax Income": NaN,
        "Other Income Expense": NaN,
        "Other Non Operating Income Expenses": NaN,
        "Gain On Sale Of Security": NaN,
        "Net Non Operating Interest Income Expense": NaN,
        "Total Other Finance Cost": 1400000.0,
        "Interest Expense Non Operating": NaN,
        "Interest Income Non Operating": NaN,
        "Operating Income": NaN,
        "Operating Expense": NaN,
        "Research And Development": NaN,
        "Selling General And Administration": NaN,
        "General And Administrative Expense": 46100000.0,
        "Other Gand A": 38900000.0,
        "Salaries And Wages": 7200000.0,
        "Gross Profit": NaN,
        "Cost Of Revenue": NaN,
        "Total Revenue": NaN,
        "Operating Revenue": NaN
    },
    "2023-09-30": {
        "Tax Effect Of Unusual Items": NaN,
        "Tax Rate For Calcs": NaN,
        "Normalized EBITDA": NaN,
        "Total Unusual Items": NaN,
        "Total Unusual Items Excluding Goodwill": NaN,
        "Net Income From Continuing Operation Net Minority Interest": NaN,
        "Reconciled Depreciation": NaN,
        "Reconciled Cost Of Revenue": NaN,
        "EBITDA": NaN,
        "EBIT": NaN,
        "Net Interest Income": NaN,
        "Interest Expense": NaN,
        "Interest Income": NaN,
        "Normalized Income": NaN,
        "Net Income From Continuing And Discontinued Operation": NaN,
        "Total Expenses": NaN,
        "Total Operating Income As Reported": NaN,
        "Diluted Average Shares": NaN,
        "Basic Average Shares": NaN,
        "Diluted EPS": NaN,
        "Basic EPS": NaN,
        "Diluted NI Availto Com Stockholders": NaN,
        "Net Income Common Stockholders": NaN,
        "Net Income": NaN,
        "Net Income Including Noncontrolling Interests": NaN,
        "Net Income Continuous Operations": NaN,
        "Tax Provision": NaN,
        "Pretax Income": NaN,
        "Other Income Expense": NaN,
        "Other Non Operating Income Expenses": NaN,
        "Gain On Sale Of Security": NaN,
        "Net Non Operating Interest Income Expense": NaN,
        "Total Other Finance Cost": 1600000.0,
        "Interest Expense Non Operating": NaN,
        "Interest Income Non Operating": NaN,
        "Operating Income": NaN,
        "Operating Expense": NaN,
        "Research And Development": NaN,
        "Selling General And Administration": NaN,
        "General And Administrative Expense": 70000000.0,
        "Other Gand A": 62900000.0,
        "Salaries And Wages": 7100000.0,
        "Gross Profit": NaN,
        "Cost Of Revenue": NaN,
        "Total Revenue": NaN,
        "Operating Revenue": NaN
    },
    "2023-12-31": {
        "Tax Effect Of Unusual Items": NaN,
        "Tax Rate For Calcs": NaN,
        "Normalized EBITDA": NaN,
        "Total Unusual Items": NaN,
        "Total Unusual Items Excluding Goodwill": NaN,
        "Net Income From Continuing Operation Net Minority Interest": NaN,
        "Reconciled Depreciation": NaN,
        "Reconciled Cost Of Revenue": NaN,
        "EBITDA": NaN,
        "EBIT": NaN,
        "Net Interest Income": NaN,
        "Interest Expense": NaN,
        "Interest Income": NaN,
        "Normalized Income": NaN,
        "Net Income From Continuing And Discontinued Operation": NaN,
        "Total Expenses": NaN,
        "Total Operating Income As Reported": NaN,
        "Diluted Average Shares": 144000000.0,
        "Basic Average Shares": 144000000.0,
        "Diluted EPS": -0.06,
        "Basic EPS": -0.06,
        "Diluted NI Availto Com Stockholders": NaN,
        "Net Income Common Stockholders": NaN,
        "Net Income": NaN,
        "Net Income Including Noncontrolling Interests": NaN,
        "Net Income Continuous Operations": NaN,
        "Tax Provision": NaN,
        "Pretax Income": NaN,
        "Other Income Expense": NaN,
        "Other Non Operating Income Expenses": NaN,
        "Gain On Sale Of Security": NaN,
        "Net Non Operating Interest Income Expense": NaN,
        "Total Other Finance Cost": 1600000.0,
        "Interest Expense Non Operating": NaN,
        "Interest Income Non Operating": NaN,
        "Operating Income": NaN,
        "Operating Expense": NaN,
        "Research And Development": NaN,
        "Selling General And Administration": NaN,
        "General And Administrative Expense": 71000000.0,
        "Other Gand A": 65100000.0,
        "Salaries And Wages": 5900000.0,
        "Gross Profit": NaN,
        "Cost Of Revenue": NaN,
        "Total Revenue": NaN,
        "Operating Revenue": NaN
    },
    "2024-03-31": {
        "Tax Effect Of Unusual Items": 6009780.0,
        "Tax Rate For Calcs": 0.21,
        "Normalized EBITDA": -145136000.0,
        "Total Unusual Items": 28618000.0,
        "Total Unusual Items Excluding Goodwill": 28618000.0,
        "Net Income From Continuing Operation Net Minority Interest": -142803000.0,
        "Reconciled Depreciation": 5651000.0,
        "Reconciled Cost Of Revenue": 2151000.0,
        "EBITDA": -116518000.0,
        "EBIT": -122169000.0,
        "Net Interest Income": -22110000.0,
        "Interest Expense": 20559000.0,
        "Interest Income": 49000.0,
        "Normalized Income": -165411220.0,
        "Net Income From Continuing And Discontinued Operation": -142803000.0,
        "Total Expenses": 269010000.0,
        "Total Operating Income As Reported": -149513000.0,
        "Diluted Average Shares": 146000000.0,
        "Basic Average Shares": 146000000.0,
        "Diluted EPS": -0.98,
        "Basic EPS": -0.98,
        "Diluted NI Availto Com Stockholders": -142803000.0,
        "Net Income Common Stockholders": -142803000.0,
        "Net Income": -142803000.0,
        "Net Income Including Noncontrolling Interests": -142803000.0,
        "Net Income Continuous Operations": -142803000.0,
        "Tax Provision": 75000.0,
        "Pretax Income": -142728000.0,
        "Other Income Expense": 28895000.0,
        "Other Non Operating Income Expenses": 277000.0,
        "Gain On Sale Of Security": 28618000.0,
        "Net Non Operating Interest Income Expense": -22110000.0,
        "Total Other Finance Cost": 1600000.0,
        "Interest Expense Non Operating": 20559000.0,
        "Interest Income Non Operating": 49000.0,
        "Operating Income": -149513000.0,
        "Operating Expense": 266859000.0,
        "Research And Development": 214215000.0,
        "Selling General And Administration": 52644000.0,
        "General And Administrative Expense": 52644000.0,
        "Other Gand A": 43744000.0,
        "Salaries And Wages": 8900000.0,
        "Gross Profit": 117346000.0,
        "Cost Of Revenue": 2151000.0,
        "Total Revenue": 119497000.0,
        "Operating Revenue": 119497000.0
    },
    "2024-06-30": {
        "Tax Effect Of Unusual Items": 4633860.0,
        "Tax Rate For Calcs": 0.21,
        "Normalized EBITDA": -59902000.0,
        "Total Unusual Items": 22066000.0,
        "Total Unusual Items Excluding Goodwill": 22066000.0,
        "Net Income From Continuing Operation Net Minority Interest": -66265000.0,
        "Reconciled Depreciation": 5579000.0,
        "Reconciled Cost Of Revenue": 4164000.0,
        "EBITDA": -37836000.0,
        "EBIT": -43415000.0,
        "Net Interest Income": -22786000.0,
        "Interest Expense": 22786000.0,
        "Interest Income": NaN,
        "Normalized Income": -83697140.0,
        "Net Income From Continuing And Discontinued Operation": -66265000.0,
        "Total Expenses": 291341000.0,
        "Total Operating Income As Reported": -66091000.0,
        "Diluted Average Shares": 145958000.0,
        "Basic Average Shares": 145958000.0,
        "Diluted EPS": -0.45,
        "Basic EPS": -0.45,
        "Diluted NI Availto Com Stockholders": -66265000.0,
        "Net Income Common Stockholders": -66265000.0,
        "Net Income": -66265000.0,
        "Net Income Including Noncontrolling Interests": -66265000.0,
        "Net Income Continuous Operations": -66265000.0,
        "Tax Provision": 64000.0,
        "Pretax Income": -66201000.0,
        "Other Income Expense": 22676000.0,
        "Other Non Operating Income Expenses": 610000.0,
        "Gain On Sale Of Security": 22066000.0,
        "Net Non Operating Interest Income Expense": -22786000.0,
        "Total Other Finance Cost": NaN,
        "Interest Expense Non Operating": 22786000.0,
        "Interest Income Non Operating": NaN,
        "Operating Income": -66091000.0,
        "Operating Expense": 287177000.0,
        "Research And Development": 222064000.0,
        "Selling General And Administration": 65113000.0,
        "General And Administrative Expense": NaN,
        "Other Gand A": NaN,
        "Salaries And Wages": NaN,
        "Gross Profit": 221086000.0,
        "Cost Of Revenue": 4164000.0,
        "Total Revenue": 225250000.0,
        "Operating Revenue": 225250000.0
    },
    "2024-09-30": {
        "Tax Effect Of Unusual Items": 681150.352877,
        "Tax Rate For Calcs": 0.025128,
        "Normalized EBITDA": -144482000.0,
        "Total Unusual Items": 27107000.0,
        "Total Unusual Items Excluding Goodwill": 27107000.0,
        "Net Income From Continuing Operation Net Minority Interest": -140480000.0,
        "Reconciled Depreciation": 5493000.0,
        "Reconciled Cost Of Revenue": 1071000.0,
        "EBITDA": -117375000.0,
        "EBIT": -122868000.0,
        "Net Interest Income": -22733000.0,
        "Interest Expense": 21233000.0,
        "Interest Income": NaN,
        "Normalized Income": -166905849.647123,
        "Net Income From Continuing And Discontinued Operation": -140480000.0,
        "Total Expenses": 282432000.0,
        "Total Operating Income As Reported": -148656000.0,
        "Diluted Average Shares": 149000000.0,
        "Basic Average Shares": 149000000.0,
        "Diluted EPS": -0.95,
        "Basic EPS": -0.95,
        "Diluted NI Availto Com Stockholders": -140480000.0,
        "Net Income Common Stockholders": -140480000.0,
        "Net Income": -140480000.0,
        "Net Income Including Noncontrolling Interests": -140480000.0,
        "Net Income Continuous Operations": -140480000.0,
        "Tax Provision": -3621000.0,
        "Pretax Income": -144101000.0,
        "Other Income Expense": 27249000.0,
        "Other Non Operating Income Expenses": 142000.0,
        "Gain On Sale Of Security": 27107000.0,
        "Net Non Operating Interest Income Expense": -22733000.0,
        "Total Other Finance Cost": 1500000.0,
        "Interest Expense Non Operating": 21233000.0,
        "Interest Income Non Operating": NaN,
        "Operating Income": -148618000.0,
        "Operating Expense": 281361000.0,
        "Research And Development": 219761000.0,
        "Selling General And Administration": 61600000.0,
        "General And Administrative Expense": 61600000.0,
        "Other Gand A": 51900000.0,
        "Salaries And Wages": 9700000.0,
        "Gross Profit": 132743000.0,
        "Cost Of Revenue": 1071000.0,
        "Total Revenue": 133814000.0,
        "Operating Revenue": 133814000.0
    },
    "2024-12-31": {
        "Tax Effect Of Unusual Items": 661699.941143,
        "Tax Rate For Calcs": 0.025131,
        "Normalized EBITDA": -106833000.0,
        "Total Unusual Items": 26330000.0,
        "Total Unusual Items Excluding Goodwill": 26330000.0,
        "Net Income From Continuing Operation Net Minority Interest": -104349000.0,
        "Reconciled Depreciation": 5267000.0,
        "Reconciled Cost Of Revenue": 3830000.0,
        "EBITDA": -80503000.0,
        "EBIT": -85770000.0,
        "Net Interest Income": -22869000.0,
        "Interest Expense": 21269000.0,
        "Interest Income": NaN,
        "Normalized Income": -130017300.058857,
        "Net Income From Continuing And Discontinued Operation": -104349000.0,
        "Total Expenses": 337420000.0,
        "Total Operating Income As Reported": -110823000.0,
        "Diluted Average Shares": 158000000.0,
        "Basic Average Shares": 158000000.0,
        "Diluted EPS": -0.66,
        "Basic EPS": -0.66,
        "Diluted NI Availto Com Stockholders": -104349000.0,
        "Net Income Common Stockholders": -104349000.0,
        "Net Income": -104349000.0,
        "Net Income Including Noncontrolling Interests": -104349000.0,
        "Net Income Continuous Operations": -104349000.0,
        "Tax Provision": -2690000.0,
        "Pretax Income": -107039000.0,
        "Other Income Expense": 26644000.0,
        "Other Non Operating Income Expenses": 314000.0,
        "Gain On Sale Of Security": 26330000.0,
        "Net Non Operating Interest Income Expense": -22869000.0,
        "Total Other Finance Cost": 1600000.0,
        "Interest Expense Non Operating": 21269000.0,
        "Interest Income Non Operating": NaN,
        "Operating Income": -110844000.0,
        "Operating Expense": 333590000.0,
        "Research And Development": 245490000.0,
        "Selling General And Administration": 88100000.0,
        "General And Administrative Expense": 88100000.0,
        "Other Gand A": 77400000.0,
        "Salaries And Wages": 10700000.0,
        "Gross Profit": 222746000.0,
        "Cost Of Revenue": 3830000.0,
        "Total Revenue": 226576000.0,
        "Operating Revenue": 226576000.0
    },
    "2025-03-31": {
        "Tax Effect Of Unusual Items": 9001200.0,
        "Tax Rate For Calcs": 0.4,
        "Normalized EBITDA": -142506000.0,
        "Total Unusual Items": 22503000.0,
        "Total Unusual Items Excluding Goodwill": 22503000.0,
        "Net Income From Continuing Operation Net Minority Interest": -146938000.0,
        "Reconciled Depreciation": 5397000.0,
        "Reconciled Cost Of Revenue": 1500000.0,
        "EBITDA": -120003000.0,
        "EBIT": -125400000.0,
        "Net Interest Income": -22922000.0,
        "Interest Expense": 21422000.0,
        "Interest Income": NaN,
        "Normalized Income": -160439800.0,
        "Net Income From Continuing And Discontinued Operation": -146938000.0,
        "Total Expenses": 278559000.0,
        "Total Operating Income As Reported": -146860000.0,
        "Diluted Average Shares": NaN,
        "Basic Average Shares": NaN,
        "Diluted EPS": NaN,
        "Basic EPS": NaN,
        "Diluted NI Availto Com Stockholders": -146938000.0,
        "Net Income Common Stockholders": -146938000.0,
        "Net Income": -146938000.0,
        "Net Income Including Noncontrolling Interests": -146938000.0,
        "Net Income Continuous Operations": -146938000.0,
        "Tax Provision": 116000.0,
        "Pretax Income": -146822000.0,
        "Other Income Expense": 22968000.0,
        "Other Non Operating Income Expenses": 465000.0,
        "Gain On Sale Of Security": 22503000.0,
        "Net Non Operating Interest Income Expense": -22922000.0,
        "Total Other Finance Cost": 1500000.0,
        "Interest Expense Non Operating": 21422000.0,
        "Interest Income Non Operating": NaN,
        "Operating Income": -146947000.0,
        "Operating Expense": 277059000.0,
        "Research And Development": 200759000.0,
        "Selling General And Administration": 76300000.0,
        "General And Administrative Expense": 76300000.0,
        "Other Gand A": 67000000.0,
        "Salaries And Wages": 9300000.0,
        "Gross Profit": 130112000.0,
        "Cost Of Revenue": 1500000.0,
        "Total Revenue": 131612000.0,
        "Operating Revenue": 131612000.0
    }
}