{
    "2023-04-30": {
        "Tax Effect Of Unusual Items": NaN,
        "Tax Rate For Calcs": NaN,
        "Normalized EBITDA": NaN,
        "Total Unusual Items": 0.0,
        "Total Unusual Items Excluding Goodwill": 0.0,
        "Net Income From Continuing Operation Net Minority Interest": NaN,
        "Reconciled Depreciation": NaN,
        "Reconciled Cost Of Revenue": NaN,
        "EBITDA": NaN,
        "EBIT": NaN,
        "Net Interest Income": NaN,
        "Interest Income": NaN,
        "Normalized Income": NaN,
        "Net Income From Continuing And Discontinued Operation": NaN,
        "Total Expenses": NaN,
        "Total Operating Income As Reported": NaN,
        "Diluted Average Shares": NaN,
        "Basic Average Shares": NaN,
        "Diluted EPS": NaN,
        "Basic EPS": NaN,
        "Diluted NI Availto Com Stockholders": NaN,
        "Net Income Common Stockholders": NaN,
        "Net Income": NaN,
        "Net Income Including Noncontrolling Interests": NaN,
        "Net Income Continuous Operations": NaN,
        "Tax Provision": NaN,
        "Pretax Income": NaN,
        "Other Income Expense": NaN,
        "Special Income Charges": 0.0,
        "Other Special Charges": NaN,
        "Net Non Operating Interest Income Expense": NaN,
        "Total Other Finance Cost": -8895000.0,
        "Interest Income Non Operating": NaN,
        "Operating Income": NaN,
        "Operating Expense": NaN,
        "Research And Development": NaN,
        "Selling General And Administration": NaN,
        "Selling And Marketing Expense": NaN,
        "General And Administrative Expense": NaN,
        "Other Gand A": NaN,
        "Gross Profit": NaN,
        "Cost Of Revenue": NaN,
        "Total Revenue": NaN,
        "Operating Revenue": NaN
    },
    "2023-01-31": {
        "Tax Effect Of Unusual Items": NaN,
        "Tax Rate For Calcs": NaN,
        "Normalized EBITDA": NaN,
        "Total Unusual Items": 0.0,
        "Total Unusual Items Excluding Goodwill": 0.0,
        "Net Income From Continuing Operation Net Minority Interest": NaN,
        "Reconciled Depreciation": NaN,
        "Reconciled Cost Of Revenue": NaN,
        "EBITDA": NaN,
        "EBIT": NaN,
        "Net Interest Income": NaN,
        "Interest Income": 8526000.0,
        "Normalized Income": NaN,
        "Net Income From Continuing And Discontinued Operation": NaN,
        "Total Expenses": NaN,
        "Total Operating Income As Reported": NaN,
        "Diluted Average Shares": NaN,
        "Basic Average Shares": NaN,
        "Diluted EPS": NaN,
        "Basic EPS": NaN,
        "Diluted NI Availto Com Stockholders": NaN,
        "Net Income Common Stockholders": NaN,
        "Net Income": NaN,
        "Net Income Including Noncontrolling Interests": NaN,
        "Net Income Continuous Operations": NaN,
        "Tax Provision": NaN,
        "Pretax Income": NaN,
        "Other Income Expense": 0.0,
        "Special Income Charges": 0.0,
        "Other Special Charges": NaN,
        "Net Non Operating Interest Income Expense": NaN,
        "Total Other Finance Cost": NaN,
        "Interest Income Non Operating": 8526000.0,
        "Operating Income": NaN,
        "Operating Expense": NaN,
        "Research And Development": NaN,
        "Selling General And Administration": NaN,
        "Selling And Marketing Expense": NaN,
        "General And Administrative Expense": NaN,
        "Other Gand A": NaN,
        "Gross Profit": NaN,
        "Cost Of Revenue": NaN,
        "Total Revenue": NaN,
        "Operating Revenue": NaN
    },
    "2022-10-31": {
        "Tax Effect Of Unusual Items": NaN,
        "Tax Rate For Calcs": NaN,
        "Normalized EBITDA": NaN,
        "Total Unusual Items": NaN,
        "Total Unusual Items Excluding Goodwill": NaN,
        "Net Income From Continuing Operation Net Minority Interest": NaN,
        "Reconciled Depreciation": NaN,
        "Reconciled Cost Of Revenue": NaN,
        "EBITDA": NaN,
        "EBIT": NaN,
        "Net Interest Income": NaN,
        "Interest Income": 5613000.0,
        "Normalized Income": NaN,
        "Net Income From Continuing And Discontinued Operation": NaN,
        "Total Expenses": NaN,
        "Total Operating Income As Reported": NaN,
        "Diluted Average Shares": NaN,
        "Basic Average Shares": NaN,
        "Diluted EPS": NaN,
        "Basic EPS": NaN,
        "Diluted NI Availto Com Stockholders": NaN,
        "Net Income Common Stockholders": NaN,
        "Net Income": NaN,
        "Net Income Including Noncontrolling Interests": NaN,
        "Net Income Continuous Operations": NaN,
        "Tax Provision": NaN,
        "Pretax Income": NaN,
        "Other Income Expense": NaN,
        "Special Income Charges": NaN,
        "Other Special Charges": NaN,
        "Net Non Operating Interest Income Expense": NaN,
        "Total Other Finance Cost": NaN,
        "Interest Income Non Operating": 5613000.0,
        "Operating Income": NaN,
        "Operating Expense": NaN,
        "Research And Development": NaN,
        "Selling General And Administration": NaN,
        "Selling And Marketing Expense": NaN,
        "General And Administrative Expense": NaN,
        "Other Gand A": NaN,
        "Gross Profit": NaN,
        "Cost Of Revenue": NaN,
        "Total Revenue": NaN,
        "Operating Revenue": NaN
    },
    "2022-07-31": {
        "Tax Effect Of Unusual Items": 0.0,
        "Tax Rate For Calcs": 0.4,
        "Normalized EBITDA": -63137000.0,
        "Total Unusual Items": 0.0,
        "Total Unusual Items Excluding Goodwill": 0.0,
        "Net Income From Continuing Operation Net Minority Interest": -64281000.0,
        "Reconciled Depreciation": 2645000.0,
        "Reconciled Cost Of Revenue": 44257000.0,
        "EBITDA": -63137000.0,
        "EBIT": -65782000.0,
        "Net Interest Income": 1541000.0,
        "Interest Income": 1541000.0,
        "Normalized Income": -64281000.0,
        "Net Income From Continuing And Discontinued Operation": -64281000.0,
        "Total Expenses": 219305000.0,
        "Total Operating Income As Reported": -65782000.0,
        "Diluted Average Shares": 511758439.0,
        "Basic Average Shares": 511758439.0,
        "Diluted EPS": -0.13,
        "Basic EPS": -0.13,
        "Diluted NI Availto Com Stockholders": -64281000.0,
        "Net Income Common Stockholders": -64281000.0,
        "Net Income": -64281000.0,
        "Net Income Including Noncontrolling Interests": -64281000.0,
        "Net Income Continuous Operations": -64281000.0,
        "Tax Provision": 40000.0,
        "Pretax Income": -64241000.0,
        "Other Income Expense": NaN,
        "Special Income Charges": 0.0,
        "Net Non Operating Interest Income Expense": 1541000.0,
        "Total Other Finance Cost": NaN,
        "Interest Income Non Operating": 1541000.0,
        "Operating Income": -65782000.0,
        "Operating Expense": 175048000.0,
        "Research And Development": 41847000.0,
        "Selling General And Administration": 133201000.0,
        "Selling And Marketing Expense": 91842000.0,
        "General And Administrative Expense": 41359000.0,
        "Other Gand A": 41359000.0,
        "Gross Profit": 109266000.0,
        "Cost Of Revenue": 44257000.0,
        "Total Revenue": 153523000.0,
        "Operating Revenue": 153523000.0
    },
    "2022-04-30": {
        "Diluted EPS": -0.14,
        "Total Revenue": 143,
        "Gross Profit": 103,
        "Operating Income": -70,
        "EBIT": -68,
        "Net Income": -71
    },
    "2022-01-31": {
        "Diluted EPS": -0.68,
        "Total Revenue": 126,
        "Gross Profit": 87,
        "Operating Income": -252,
        "EBIT": -250,
        "Net Income": -253
    },
    "2021-10-31": {
        "Diluted EPS": -0.13,
        "Total Revenue": 114,
        "Gross Profit": 82,
        "Operating Income": -32,
        "EBIT": -29,
        "Net Income": -32
    },
    "2021-07-31": {
        "Diluted EPS": -0.13,
        "Total Revenue": 101,
        "Gross Profit": 73,
        "Operating Income": -31,
        "EBIT": -28,
        "Net Income": -31
    },
    "2021-04-30": {
        "Diluted EPS": -0.16,
        "Total Revenue": 88,
        "Gross Profit": 62,
        "Operating Income": -39,
        "EBIT": -36,
        "Net Income": -38
    },
    "2021-01-31": {
        "Diluted EPS": 0.0,
        "Total Revenue": NaN,
        "Gross Profit": NaN,
        "Operating Income": NaN,
        "EBIT": NaN,
        "Net Income": NaN
    },
    "2020-01-31": {
        "Diluted EPS": 0.0,
        "Total Revenue": NaN,
        "Gross Profit": NaN,
        "Operating Income": NaN,
        "EBIT": NaN,
        "Net Income": NaN
    },
    "2023-07-31": {
        "Tax Effect Of Unusual Items": NaN,
        "Tax Rate For Calcs": NaN,
        "Normalized EBITDA": NaN,
        "Total Unusual Items": 0.0,
        "Total Unusual Items Excluding Goodwill": 0.0,
        "Net Income From Continuing Operation Net Minority Interest": NaN,
        "Reconciled Depreciation": NaN,
        "Reconciled Cost Of Revenue": NaN,
        "EBITDA": NaN,
        "EBIT": NaN,
        "Net Interest Income": NaN,
        "Interest Income": 10220000.0,
        "Normalized Income": NaN,
        "Net Income From Continuing And Discontinued Operation": NaN,
        "Total Expenses": NaN,
        "Total Operating Income As Reported": NaN,
        "Diluted Average Shares": 531751683.0,
        "Basic Average Shares": 531751683.0,
        "Diluted EPS": -0.11,
        "Basic EPS": -0.11,
        "Diluted NI Availto Com Stockholders": NaN,
        "Net Income Common Stockholders": NaN,
        "Net Income": NaN,
        "Net Income Including Noncontrolling Interests": NaN,
        "Net Income Continuous Operations": NaN,
        "Tax Provision": NaN,
        "Pretax Income": NaN,
        "Other Income Expense": NaN,
        "Special Income Charges": 0.0,
        "Other Special Charges": NaN,
        "Net Non Operating Interest Income Expense": NaN,
        "Interest Income Non Operating": 10220000.0,
        "Operating Income": NaN,
        "Operating Expense": NaN,
        "Research And Development": NaN,
        "Selling General And Administration": NaN,
        "Selling And Marketing Expense": NaN,
        "General And Administrative Expense": NaN,
        "Other Gand A": NaN,
        "Gross Profit": NaN,
        "Cost Of Revenue": NaN,
        "Total Revenue": NaN,
        "Operating Revenue": NaN
    },
    "2023-10-31": {
        "Tax Effect Of Unusual Items": NaN,
        "Tax Rate For Calcs": NaN,
        "Normalized EBITDA": NaN,
        "Total Unusual Items": -4762000.0,
        "Total Unusual Items Excluding Goodwill": -4762000.0,
        "Net Income From Continuing Operation Net Minority Interest": NaN,
        "Reconciled Depreciation": NaN,
        "Reconciled Cost Of Revenue": NaN,
        "EBITDA": NaN,
        "EBIT": NaN,
        "Net Interest Income": NaN,
        "Interest Income": 9378000.0,
        "Normalized Income": NaN,
        "Net Income From Continuing And Discontinued Operation": NaN,
        "Total Expenses": NaN,
        "Total Operating Income As Reported": NaN,
        "Diluted Average Shares": NaN,
        "Basic Average Shares": NaN,
        "Diluted EPS": NaN,
        "Basic EPS": NaN,
        "Diluted NI Availto Com Stockholders": NaN,
        "Net Income Common Stockholders": NaN,
        "Net Income": NaN,
        "Net Income Including Noncontrolling Interests": NaN,
        "Net Income Continuous Operations": NaN,
        "Tax Provision": NaN,
        "Pretax Income": NaN,
        "Other Income Expense": -4762000.0,
        "Special Income Charges": -4762000.0,
        "Other Special Charges": 4762000.0,
        "Net Non Operating Interest Income Expense": NaN,
        "Interest Income Non Operating": 9378000.0,
        "Operating Income": NaN,
        "Operating Expense": NaN,
        "Research And Development": NaN,
        "Selling General And Administration": NaN,
        "Selling And Marketing Expense": NaN,
        "General And Administrative Expense": NaN,
        "Other Gand A": NaN,
        "Gross Profit": NaN,
        "Cost Of Revenue": NaN,
        "Total Revenue": NaN,
        "Operating Revenue": NaN
    },
    "2024-01-31": {
        "Tax Effect Of Unusual Items": NaN,
        "Tax Rate For Calcs": NaN,
        "Normalized EBITDA": NaN,
        "Total Unusual Items": -68665000.0,
        "Total Unusual Items Excluding Goodwill": -68665000.0,
        "Net Income From Continuing Operation Net Minority Interest": NaN,
        "Reconciled Depreciation": NaN,
        "Reconciled Cost Of Revenue": NaN,
        "EBITDA": NaN,
        "EBIT": NaN,
        "Net Interest Income": NaN,
        "Interest Income": NaN,
        "Normalized Income": NaN,
        "Net Income From Continuing And Discontinued Operation": NaN,
        "Total Expenses": NaN,
        "Total Operating Income As Reported": NaN,
        "Diluted Average Shares": NaN,
        "Basic Average Shares": NaN,
        "Diluted EPS": NaN,
        "Basic EPS": NaN,
        "Diluted NI Availto Com Stockholders": NaN,
        "Net Income Common Stockholders": NaN,
        "Net Income": NaN,
        "Net Income Including Noncontrolling Interests": NaN,
        "Net Income Continuous Operations": NaN,
        "Tax Provision": NaN,
        "Pretax Income": NaN,
        "Other Income Expense": -68665000.0,
        "Special Income Charges": -68665000.0,
        "Other Special Charges": 63903000.0,
        "Net Non Operating Interest Income Expense": NaN,
        "Interest Income Non Operating": NaN,
        "Operating Income": NaN,
        "Operating Expense": NaN,
        "Research And Development": NaN,
        "Selling General And Administration": NaN,
        "Selling And Marketing Expense": NaN,
        "General And Administrative Expense": NaN,
        "Other Gand A": NaN,
        "Gross Profit": NaN,
        "Cost Of Revenue": NaN,
        "Total Revenue": NaN,
        "Operating Revenue": NaN
    },
    "2024-07-31": {
        "Tax Effect Of Unusual Items": 0.0,
        "Tax Rate For Calcs": 0.21,
        "Normalized EBITDA": -53561000.0,
        "Total Unusual Items": NaN,
        "Total Unusual Items Excluding Goodwill": NaN,
        "Net Income From Continuing Operation Net Minority Interest": -49610000.0,
        "Reconciled Depreciation": 4633000.0,
        "Reconciled Cost Of Revenue": 73365000.0,
        "EBITDA": -53561000.0,
        "EBIT": -58194000.0,
        "Net Interest Income": 9626000.0,
        "Interest Income": 9626000.0,
        "Normalized Income": -49610000.0,
        "Net Income From Continuing And Discontinued Operation": -49610000.0,
        "Total Expenses": 358396000.0,
        "Total Operating Income As Reported": -58194000.0,
        "Diluted Average Shares": 553917926.0,
        "Basic Average Shares": 553917926.0,
        "Diluted EPS": -0.09,
        "Basic EPS": -0.09,
        "Diluted NI Availto Com Stockholders": -49610000.0,
        "Net Income Common Stockholders": -49610000.0,
        "Net Income": -49610000.0,
        "Net Income Including Noncontrolling Interests": -49610000.0,
        "Net Income Continuous Operations": -49610000.0,
        "Tax Provision": 1042000.0,
        "Pretax Income": -48568000.0,
        "Other Income Expense": NaN,
        "Special Income Charges": NaN,
        "Other Special Charges": NaN,
        "Net Non Operating Interest Income Expense": 9626000.0,
        "Interest Income Non Operating": 9626000.0,
        "Operating Income": -58194000.0,
        "Operating Expense": 285031000.0,
        "Research And Development": 76476000.0,
        "Selling General And Administration": 208555000.0,
        "Selling And Marketing Expense": 151493000.0,
        "General And Administrative Expense": 57062000.0,
        "Other Gand A": 57062000.0,
        "Gross Profit": 226837000.0,
        "Cost Of Revenue": 73365000.0,
        "Total Revenue": 300202000.0,
        "Operating Revenue": 295324000.0
    },
    "2024-10-31": {
        "Tax Effect Of Unusual Items": -757890.0,
        "Tax Rate For Calcs": 0.21,
        "Normalized EBITDA": -33395000.0,
        "Total Unusual Items": -3609000.0,
        "Total Unusual Items Excluding Goodwill": -3609000.0,
        "Net Income From Continuing Operation Net Minority Interest": -37806000.0,
        "Reconciled Depreciation": 6757000.0,
        "Reconciled Cost Of Revenue": 76027000.0,
        "EBITDA": -37004000.0,
        "EBIT": -43761000.0,
        "Net Interest Income": 10057000.0,
        "Interest Income": 10057000.0,
        "Normalized Income": -34954890.0,
        "Net Income From Continuing And Discontinued Operation": -37806000.0,
        "Total Expenses": 365742000.0,
        "Total Operating Income As Reported": -47370000.0,
        "Diluted Average Shares": 559006539.0,
        "Basic Average Shares": 559006539.0,
        "Diluted EPS": -0.07,
        "Basic EPS": -0.07,
        "Diluted NI Availto Com Stockholders": -37806000.0,
        "Net Income Common Stockholders": -37806000.0,
        "Net Income": -37806000.0,
        "Net Income Including Noncontrolling Interests": -37806000.0,
        "Net Income Continuous Operations": -37806000.0,
        "Tax Provision": 493000.0,
        "Pretax Income": -37313000.0,
        "Other Income Expense": -3609000.0,
        "Special Income Charges": -3609000.0,
        "Other Special Charges": 3609000.0,
        "Net Non Operating Interest Income Expense": 10057000.0,
        "Interest Income Non Operating": 10057000.0,
        "Operating Income": -43761000.0,
        "Operating Expense": 289715000.0,
        "Research And Development": 76990000.0,
        "Selling General And Administration": 212725000.0,
        "Selling And Marketing Expense": 150065000.0,
        "General And Administrative Expense": 62660000.0,
        "Other Gand A": 62660000.0,
        "Gross Profit": 245954000.0,
        "Cost Of Revenue": 76027000.0,
        "Total Revenue": 321981000.0,
        "Operating Revenue": 316157000.0
    },
    "2025-01-31": {
        "Tax Effect Of Unusual Items": -266490.0,
        "Tax Rate For Calcs": 0.21,
        "Normalized EBITDA": -11070000.0,
        "Total Unusual Items": -1269000.0,
        "Total Unusual Items Excluding Goodwill": -1269000.0,
        "Net Income From Continuing Operation Net Minority Interest": -11202000.0,
        "Reconciled Depreciation": 4804000.0,
        "Reconciled Cost Of Revenue": 80304000.0,
        "EBITDA": -12339000.0,
        "EBIT": -17143000.0,
        "Net Interest Income": 9792000.0,
        "Interest Income": NaN,
        "Normalized Income": -10199490.0,
        "Net Income From Continuing And Discontinued Operation": -11202000.0,
        "Total Expenses": 363433000.0,
        "Total Operating Income As Reported": -18412000.0,
        "Diluted Average Shares": 563692988.0,
        "Basic Average Shares": 563692988.0,
        "Diluted EPS": -0.02,
        "Basic EPS": -0.02,
        "Diluted NI Availto Com Stockholders": -11202000.0,
        "Net Income Common Stockholders": -11202000.0,
        "Net Income": -11202000.0,
        "Net Income Including Noncontrolling Interests": -11202000.0,
        "Net Income Continuous Operations": -11202000.0,
        "Tax Provision": 2582000.0,
        "Pretax Income": -8620000.0,
        "Other Income Expense": -1269000.0,
        "Special Income Charges": -1269000.0,
        "Other Special Charges": -2759000.0,
        "Net Non Operating Interest Income Expense": 9792000.0,
        "Interest Income Non Operating": NaN,
        "Operating Income": -17143000.0,
        "Operating Expense": 283129000.0,
        "Research And Development": 73277000.0,
        "Selling General And Administration": 209852000.0,
        "Selling And Marketing Expense": 152653000.0,
        "General And Administrative Expense": 57199000.0,
        "Other Gand A": 57199000.0,
        "Gross Profit": 265986000.0,
        "Cost Of Revenue": 80304000.0,
        "Total Revenue": 346290000.0,
        "Operating Revenue": 338102000.0
    },
    "2024-04-30": {
        "Tax Effect Of Unusual Items": NaN,
        "Tax Rate For Calcs": NaN,
        "Normalized EBITDA": NaN,
        "Total Unusual Items": NaN,
        "Total Unusual Items Excluding Goodwill": NaN,
        "Net Income From Continuing Operation Net Minority Interest": NaN,
        "Reconciled Depreciation": NaN,
        "Reconciled Cost Of Revenue": NaN,
        "EBITDA": NaN,
        "EBIT": NaN,
        "Net Interest Income": NaN,
        "Interest Income": 10084000.0,
        "Normalized Income": NaN,
        "Net Income From Continuing And Discontinued Operation": NaN,
        "Total Expenses": NaN,
        "Total Operating Income As Reported": NaN,
        "Diluted Average Shares": NaN,
        "Basic Average Shares": NaN,
        "Diluted EPS": NaN,
        "Basic EPS": NaN,
        "Diluted NI Availto Com Stockholders": NaN,
        "Net Income Common Stockholders": NaN,
        "Net Income": NaN,
        "Net Income Including Noncontrolling Interests": NaN,
        "Net Income Continuous Operations": NaN,
        "Tax Provision": NaN,
        "Pretax Income": NaN,
        "Other Income Expense": NaN,
        "Special Income Charges": NaN,
        "Other Special Charges": NaN,
        "Net Non Operating Interest Income Expense": NaN,
        "Interest Income Non Operating": 10084000.0,
        "Operating Income": NaN,
        "Operating Expense": NaN,
        "Research And Development": NaN,
        "Selling General And Administration": NaN,
        "Selling And Marketing Expense": NaN,
        "General And Administrative Expense": NaN,
        "Other Gand A": NaN,
        "Gross Profit": NaN,
        "Cost Of Revenue": NaN,
        "Total Revenue": NaN,
        "Operating Revenue": NaN
    },
    "2025-04-30": {
        "Tax Effect Of Unusual Items": 0.0,
        "Tax Rate For Calcs": 0.21,
        "Normalized EBITDA": -28113000.0,
        "Total Unusual Items": NaN,
        "Total Unusual Items Excluding Goodwill": NaN,
        "Net Income From Continuing Operation Net Minority Interest": -22121000.0,
        "Reconciled Depreciation": 5142000.0,
        "Reconciled Cost Of Revenue": 83169000.0,
        "EBITDA": -28113000.0,
        "EBIT": -33255000.0,
        "Net Interest Income": 12723000.0,
        "Interest Income": 12723000.0,
        "Normalized Income": -22121000.0,
        "Net Income From Continuing And Discontinued Operation": -22121000.0,
        "Total Expenses": 400139000.0,
        "Total Operating Income As Reported": -33255000.0,
        "Diluted Average Shares": 567740728.0,
        "Basic Average Shares": 567740728.0,
        "Diluted EPS": -0.04,
        "Basic EPS": -0.04,
        "Diluted NI Availto Com Stockholders": -22121000.0,
        "Net Income Common Stockholders": -22121000.0,
        "Net Income": -22121000.0,
        "Net Income Including Noncontrolling Interests": -22121000.0,
        "Net Income Continuous Operations": -22121000.0,
        "Tax Provision": 1589000.0,
        "Pretax Income": -20532000.0,
        "Other Income Expense": NaN,
        "Special Income Charges": NaN,
        "Other Special Charges": NaN,
        "Net Non Operating Interest Income Expense": 12723000.0,
        "Interest Income Non Operating": 12723000.0,
        "Operating Income": -33255000.0,
        "Operating Expense": 316970000.0,
        "Research And Development": 83242000.0,
        "Selling General And Administration": 233728000.0,
        "Selling And Marketing Expense": 165400000.0,
        "General And Administrative Expense": 68328000.0,
        "Other Gand A": 68328000.0,
        "Gross Profit": 283715000.0,
        "Cost Of Revenue": 83169000.0,
        "Total Revenue": 366884000.0,
        "Operating Revenue": 359604000.0
    },
    "2025-07-31": {
        "Tax Effect Of Unusual Items": 0.0,
        "Tax Rate For Calcs": 0.21,
        "Normalized EBITDA": -21220000.0,
        "Total Unusual Items": NaN,
        "Total Unusual Items Excluding Goodwill": NaN,
        "Net Income From Continuing Operation Net Minority Interest": -16800000.0,
        "Reconciled Depreciation": 5399000.0,
        "Reconciled Cost Of Revenue": 90501000.0,
        "EBITDA": -21220000.0,
        "EBIT": -26619000.0,
        "Net Interest Income": 11426000.0,
        "Interest Income": 11426000.0,
        "Normalized Income": -16800000.0,
        "Net Income From Continuing And Discontinued Operation": -16800000.0,
        "Total Expenses": 418099000.0,
        "Total Operating Income As Reported": -26619000.0,
        "Diluted Average Shares": 571738084.0,
        "Basic Average Shares": 571738084.0,
        "Diluted EPS": -0.03,
        "Basic EPS": -0.03,
        "Diluted NI Availto Com Stockholders": -16800000.0,
        "Net Income Common Stockholders": -16800000.0,
        "Net Income": -16800000.0,
        "Net Income Including Noncontrolling Interests": -16800000.0,
        "Net Income Continuous Operations": -16800000.0,
        "Tax Provision": 1607000.0,
        "Pretax Income": -15193000.0,
        "Other Income Expense": NaN,
        "Special Income Charges": NaN,
        "Other Special Charges": NaN,
        "Net Non Operating Interest Income Expense": 11426000.0,
        "Interest Income Non Operating": 11426000.0,
        "Operating Income": -26619000.0,
        "Operating Expense": 327598000.0,
        "Research And Development": 85612000.0,
        "Selling General And Administration": 241986000.0,
        "Selling And Marketing Expense": 174083000.0,
        "General And Administrative Expense": 67903000.0,
        "Other Gand A": 67903000.0,
        "Gross Profit": 300979000.0,
        "Cost Of Revenue": 90501000.0,
        "Total Revenue": 391480000.0,
        "Operating Revenue": 383890000.0
    }
}