{
    "2023-03-31": {
        "Tax Effect Of Unusual Items": NaN,
        "Tax Rate For Calcs": NaN,
        "Normalized EBITDA": NaN,
        "Total Unusual Items": NaN,
        "Total Unusual Items Excluding Goodwill": NaN,
        "Net Income From Continuing Operation Net Minority Interest": NaN,
        "Reconciled Depreciation": NaN,
        "Reconciled Cost Of Revenue": NaN,
        "EBITDA": NaN,
        "EBIT": NaN,
        "Net Interest Income": NaN,
        "Interest Expense": NaN,
        "Interest Income": 5382000.0,
        "Normalized Income": NaN,
        "Net Income From Continuing And Discontinued Operation": NaN,
        "Total Expenses": NaN,
        "Total Operating Income As Reported": NaN,
        "Diluted Average Shares": NaN,
        "Basic Average Shares": NaN,
        "Diluted EPS": NaN,
        "Basic EPS": NaN,
        "Diluted NI Availto Com Stockholders": NaN,
        "Net Income Common Stockholders": NaN,
        "Net Income": NaN,
        "Minority Interests": NaN,
        "Net Income Including Noncontrolling Interests": NaN,
        "Net Income Continuous Operations": NaN,
        "Tax Provision": NaN,
        "Pretax Income": NaN,
        "Other Income Expense": NaN,
        "Other Non Operating Income Expenses": NaN,
        "Gain On Sale Of Security": NaN,
        "Net Non Operating Interest Income Expense": NaN,
        "Interest Expense Non Operating": NaN,
        "Interest Income Non Operating": 5382000.0,
        "Operating Income": NaN,
        "Operating Expense": NaN,
        "Selling General And Administration": NaN,
        "Gross Profit": NaN,
        "Cost Of Revenue": NaN,
        "Total Revenue": NaN,
        "Operating Revenue": NaN
    },
    "2022-12-31": {
        "Tax Effect Of Unusual Items": NaN,
        "Tax Rate For Calcs": NaN,
        "Normalized EBITDA": NaN,
        "Total Unusual Items": NaN,
        "Total Unusual Items Excluding Goodwill": NaN,
        "Net Income From Continuing Operation Net Minority Interest": NaN,
        "Reconciled Depreciation": NaN,
        "Reconciled Cost Of Revenue": NaN,
        "EBITDA": NaN,
        "EBIT": NaN,
        "Net Interest Income": NaN,
        "Interest Expense": NaN,
        "Interest Income": NaN,
        "Normalized Income": NaN,
        "Net Income From Continuing And Discontinued Operation": NaN,
        "Total Expenses": NaN,
        "Total Operating Income As Reported": NaN,
        "Diluted Average Shares": NaN,
        "Basic Average Shares": NaN,
        "Diluted EPS": NaN,
        "Basic EPS": NaN,
        "Diluted NI Availto Com Stockholders": NaN,
        "Net Income Common Stockholders": NaN,
        "Net Income": NaN,
        "Minority Interests": NaN,
        "Net Income Including Noncontrolling Interests": NaN,
        "Net Income Continuous Operations": NaN,
        "Tax Provision": NaN,
        "Pretax Income": NaN,
        "Other Income Expense": NaN,
        "Other Non Operating Income Expenses": NaN,
        "Special Income Charges": -7749000.0,
        "Impairment Of Capital Assets": 7749000.0,
        "Gain On Sale Of Security": NaN,
        "Net Non Operating Interest Income Expense": NaN,
        "Interest Expense Non Operating": NaN,
        "Interest Income Non Operating": NaN,
        "Operating Income": NaN,
        "Operating Expense": NaN,
        "Selling General And Administration": NaN,
        "Gross Profit": NaN,
        "Cost Of Revenue": NaN,
        "Total Revenue": NaN,
        "Operating Revenue": NaN
    },
    "2022-09-30": {
        "Tax Effect Of Unusual Items": NaN,
        "Tax Rate For Calcs": NaN,
        "Normalized EBITDA": NaN,
        "Total Unusual Items": NaN,
        "Total Unusual Items Excluding Goodwill": NaN,
        "Net Income From Continuing Operation Net Minority Interest": NaN,
        "Reconciled Depreciation": NaN,
        "Reconciled Cost Of Revenue": NaN,
        "EBITDA": NaN,
        "EBIT": NaN,
        "Net Interest Income": NaN,
        "Interest Expense": NaN,
        "Interest Income": NaN,
        "Normalized Income": NaN,
        "Net Income From Continuing And Discontinued Operation": NaN,
        "Total Expenses": NaN,
        "Total Operating Income As Reported": NaN,
        "Diluted Average Shares": NaN,
        "Basic Average Shares": NaN,
        "Diluted EPS": NaN,
        "Basic EPS": NaN,
        "Diluted NI Availto Com Stockholders": NaN,
        "Net Income Common Stockholders": NaN,
        "Net Income": NaN,
        "Minority Interests": NaN,
        "Net Income Including Noncontrolling Interests": NaN,
        "Net Income Continuous Operations": NaN,
        "Tax Provision": NaN,
        "Pretax Income": NaN,
        "Other Income Expense": NaN,
        "Other Non Operating Income Expenses": NaN,
        "Special Income Charges": 0.0,
        "Impairment Of Capital Assets": 0.0,
        "Gain On Sale Of Security": NaN,
        "Net Non Operating Interest Income Expense": NaN,
        "Interest Expense Non Operating": NaN,
        "Interest Income Non Operating": NaN,
        "Operating Income": NaN,
        "Operating Expense": NaN,
        "Selling General And Administration": NaN,
        "Gross Profit": NaN,
        "Cost Of Revenue": NaN,
        "Total Revenue": NaN,
        "Operating Revenue": NaN
    },
    "2022-06-30": {
        "Tax Effect Of Unusual Items": 67071.735064,
        "Tax Rate For Calcs": 0.2404,
        "Normalized EBITDA": 49868000.0,
        "Total Unusual Items": 279000.0,
        "Total Unusual Items Excluding Goodwill": 279000.0,
        "Net Income From Continuing Operation Net Minority Interest": 27617000.0,
        "Reconciled Depreciation": 3679000.0,
        "Reconciled Cost Of Revenue": 90943000.0,
        "EBITDA": 50147000.0,
        "EBIT": 46468000.0,
        "Net Interest Income": -559000.0,
        "Interest Expense": 1023000.0,
        "Interest Income": 464000.0,
        "Normalized Income": 27405071.735064,
        "Net Income From Continuing And Discontinued Operation": 27617000.0,
        "Total Expenses": 199328000.0,
        "Total Operating Income As Reported": 45397000.0,
        "Diluted Average Shares": 31952000.0,
        "Basic Average Shares": 31845000.0,
        "Diluted EPS": 0.86,
        "Basic EPS": 0.87,
        "Diluted NI Availto Com Stockholders": 27617000.0,
        "Net Income Common Stockholders": 27617000.0,
        "Net Income": 27617000.0,
        "Minority Interests": -6903000.0,
        "Net Income Including Noncontrolling Interests": 34520000.0,
        "Net Income Continuous Operations": 34520000.0,
        "Tax Provision": 10925000.0,
        "Pretax Income": 45445000.0,
        "Other Income Expense": 607000.0,
        "Other Non Operating Income Expenses": 328000.0,
        "Special Income Charges": 0.0,
        "Impairment Of Capital Assets": 0.0,
        "Gain On Sale Of Security": 279000.0,
        "Net Non Operating Interest Income Expense": -559000.0,
        "Interest Expense Non Operating": 1023000.0,
        "Interest Income Non Operating": 464000.0,
        "Operating Income": 45397000.0,
        "Operating Expense": 108385000.0,
        "Selling General And Administration": 108385000.0,
        "Gross Profit": 153782000.0,
        "Cost Of Revenue": 90943000.0,
        "Total Revenue": 244725000.0,
        "Operating Revenue": 244725000.0
    },
    "2022-03-31": {
        "Diluted EPS": 1.1,
        "Total Revenue": 251,
        "Gross Profit": 159,
        "Operating Income": 61,
        "EBIT": 64,
        "Net Income": 35
    },
    "2021-12-31": {
        "Diluted EPS": -0.03,
        "Total Revenue": 211,
        "Gross Profit": 132,
        "Operating Income": -12,
        "EBIT": -7,
        "Net Income": -1
    },
    "2021-09-30": {
        "Diluted EPS": 1.2,
        "Total Revenue": 263,
        "Gross Profit": 167,
        "Operating Income": 68,
        "EBIT": 70,
        "Net Income": 38
    },
    "2021-06-30": {
        "Diluted EPS": 0.71,
        "Total Revenue": 208,
        "Gross Profit": 132,
        "Operating Income": 45,
        "EBIT": 47,
        "Net Income": 23
    },
    "2021-03-31": {
        "Diluted EPS": 0.87,
        "Total Revenue": 199,
        "Gross Profit": 125,
        "Operating Income": 48,
        "EBIT": 50,
        "Net Income": 28
    },
    "2020-12-31": {
        "Diluted EPS": 0.47,
        "Total Revenue": 184,
        "Gross Profit": 118,
        "Operating Income": 26,
        "EBIT": 29,
        "Net Income": 15
    },
    "2020-09-30": {
        "Diluted EPS": 0.52,
        "Total Revenue": 161,
        "Gross Profit": 97,
        "Operating Income": 31,
        "EBIT": 34,
        "Net Income": 17
    },
    "2020-06-30": {
        "Diluted EPS": -0.1,
        "Total Revenue": 50,
        "Gross Profit": 27,
        "Operating Income": -6,
        "EBIT": -3,
        "Net Income": -3
    },
    "2020-03-31": {
        "Diluted EPS": 0.32,
        "Total Revenue": 145,
        "Gross Profit": 89,
        "Operating Income": 18,
        "EBIT": 20,
        "Net Income": 10
    },
    "2019-12-31": {
        "Diluted EPS": 0.25,
        "Total Revenue": 178,
        "Gross Profit": 115,
        "Operating Income": 12,
        "EBIT": 15,
        "Net Income": 8
    },
    "2019-09-30": {
        "Diluted EPS": 0.66,
        "Total Revenue": 191,
        "Gross Profit": 114,
        "Operating Income": 37,
        "EBIT": 39,
        "Net Income": 21
    },
    "2019-06-30": {
        "Diluted EPS": 0.39,
        "Total Revenue": 166,
        "Gross Profit": 107,
        "Operating Income": 22,
        "EBIT": 24,
        "Net Income": 12
    },
    "2019-03-31": {
        "Diluted EPS": 0.6,
        "Total Revenue": 178,
        "Gross Profit": 110,
        "Operating Income": 33,
        "EBIT": 35,
        "Net Income": 19
    },
    "2018-12-31": {
        "Diluted EPS": 0.25,
        "Total Revenue": 177,
        "Gross Profit": 117,
        "Operating Income": 11,
        "EBIT": 13,
        "Net Income": 8
    },
    "2018-09-30": {
        "Diluted EPS": 0.6,
        "Total Revenue": 177,
        "Gross Profit": 109,
        "Operating Income": 35,
        "EBIT": 38,
        "Net Income": 19
    },
    "2018-06-30": {
        "Diluted EPS": 0.35,
        "Total Revenue": 149,
        "Gross Profit": 96,
        "Operating Income": 19,
        "EBIT": 22,
        "Net Income": 11
    },
    "2018-03-31": {
        "Diluted EPS": 0.51,
        "Total Revenue": 172,
        "Gross Profit": 106,
        "Operating Income": 30,
        "EBIT": 33,
        "Net Income": 16
    },
    "2017-12-31": {
        "Diluted EPS": 0.13,
        "Total Revenue": 150,
        "Gross Profit": 99,
        "Operating Income": 5,
        "EBIT": 9,
        "Net Income": 4
    },
    "2017-09-30": {
        "Diluted EPS": 0.55,
        "Total Revenue": 170,
        "Gross Profit": 103,
        "Operating Income": 33,
        "EBIT": 36,
        "Net Income": 17
    },
    "2017-06-30": {
        "Diluted EPS": 0.22,
        "Total Revenue": 129,
        "Gross Profit": 84,
        "Operating Income": 14,
        "EBIT": 17,
        "Net Income": 7
    },
    "2017-03-31": {
        "Diluted EPS": 0.43,
        "Total Revenue": 143,
        "Gross Profit": 90,
        "Operating Income": 26,
        "EBIT": 29,
        "Net Income": 13
    },
    "2016-12-31": {
        "Diluted EPS": 0.12,
        "Total Revenue": 135,
        "Gross Profit": 86,
        "Operating Income": 5,
        "EBIT": 14,
        "Net Income": 4
    },
    "2016-09-30": {
        "Diluted EPS": 0.52,
        "Total Revenue": 158,
        "Gross Profit": 95,
        "Operating Income": 32,
        "EBIT": 35,
        "Net Income": 16
    },
    "2016-06-30": {
        "Diluted EPS": 0.19,
        "Total Revenue": 117,
        "Gross Profit": 74,
        "Operating Income": 11,
        "EBIT": 14,
        "Net Income": 6
    },
    "2016-03-31": {
        "Diluted EPS": 0.24,
        "Total Revenue": 112,
        "Gross Profit": 71,
        "Operating Income": 18,
        "EBIT": 20,
        "Net Income": 7
    },
    "2015-12-31": {
        "Diluted EPS": 0.06,
        "Total Revenue": 118,
        "Gross Profit": 76,
        "Operating Income": 4,
        "EBIT": 7,
        "Net Income": 2
    },
    "2015-09-30": {
        "Diluted EPS": 0.46,
        "Total Revenue": 139,
        "Gross Profit": 86,
        "Operating Income": 28,
        "EBIT": 30,
        "Net Income": 14
    },
    "2015-06-30": {
        "Diluted EPS": 0.14,
        "Total Revenue": 102,
        "Gross Profit": 60,
        "Operating Income": 8,
        "EBIT": 10,
        "Net Income": 4
    },
    "2015-03-31": {
        "Diluted EPS": 0.32,
        "Total Revenue": 109,
        "Gross Profit": 68,
        "Operating Income": 21,
        "EBIT": 23,
        "Net Income": 10
    },
    "2014-12-31": {
        "Diluted EPS": 0.1,
        "Total Revenue": 125,
        "Gross Profit": 74,
        "Operating Income": 4,
        "EBIT": 7,
        "Net Income": 3
    },
    "2014-09-30": {
        "Diluted EPS": 0.36,
        "Total Revenue": 134,
        "Gross Profit": 75,
        "Operating Income": 19,
        "EBIT": 21,
        "Net Income": 11
    },
    "2014-06-30": {
        "Diluted EPS": 0.2,
        "Total Revenue": 118,
        "Gross Profit": 68,
        "Operating Income": 13,
        "EBIT": 15,
        "Net Income": 6
    },
    "2014-03-31": {
        "Diluted EPS": 0.29,
        "Total Revenue": 122,
        "Gross Profit": 69,
        "Operating Income": 17,
        "EBIT": 20,
        "Net Income": 9
    },
    "2013-12-31": {
        "Diluted EPS": -0.13,
        "Total Revenue": 106,
        "Gross Profit": 61,
        "Operating Income": -11,
        "EBIT": -8,
        "Net Income": -4
    },
    "2013-09-30": {
        "Diluted EPS": 0.25,
        "Total Revenue": 127,
        "Gross Profit": 70,
        "Operating Income": 15,
        "EBIT": 17,
        "Net Income": 8
    },
    "2013-06-30": {
        "Diluted EPS": 0.12,
        "Total Revenue": 117,
        "Gross Profit": 64,
        "Operating Income": 8,
        "EBIT": 10,
        "Net Income": 4
    },
    "2013-03-31": {
        "Diluted EPS": 1.03,
        "Total Revenue": 214,
        "Gross Profit": 135,
        "Operating Income": 67,
        "EBIT": 71,
        "Net Income": 32
    },
    "2012-12-31": {
        "Diluted EPS": 3.22,
        "Total Revenue": 177,
        "Gross Profit": 111,
        "Operating Income": 212,
        "EBIT": 216,
        "Net Income": 100
    },
    "2012-09-30": {
        "Diluted EPS": 0.33,
        "Total Revenue": 166,
        "Gross Profit": 101,
        "Operating Income": 22,
        "EBIT": 26,
        "Net Income": 10
    },
    "2012-06-30": {
        "Diluted EPS": 0.2,
        "Total Revenue": 146,
        "Gross Profit": 88,
        "Operating Income": 13,
        "EBIT": 16,
        "Net Income": 6
    },
    "2012-03-31": {
        "Diluted EPS": 0.51,
        "Total Revenue": 165,
        "Gross Profit": 107,
        "Operating Income": 32,
        "EBIT": 35,
        "Net Income": 15
    },
    "2011-12-31": {
        "Diluted EPS": 0.14,
        "Total Revenue": 189,
        "Gross Profit": 115,
        "Operating Income": 9,
        "EBIT": 12,
        "Net Income": 4
    },
    "2011-09-30": {
        "Diluted EPS": 0.34,
        "Total Revenue": 172,
        "Gross Profit": 107,
        "Operating Income": 22,
        "EBIT": 25,
        "Net Income": 10
    },
    "2011-06-30": {
        "Diluted EPS": 0.16,
        "Total Revenue": 121,
        "Gross Profit": 75,
        "Operating Income": 11,
        "EBIT": 14,
        "Net Income": 5
    },
    "2011-03-31": {
        "Diluted EPS": 0.41,
        "Total Revenue": 133,
        "Gross Profit": 87,
        "Operating Income": 26,
        "EBIT": 29,
        "Net Income": 13
    },
    "2010-12-31": {
        "Diluted EPS": 0.19,
        "Total Revenue": 112,
        "Gross Profit": 65,
        "Operating Income": 12,
        "EBIT": 15,
        "Net Income": 6
    },
    "2010-09-30": {
        "Diluted EPS": 0.28,
        "Total Revenue": 121,
        "Gross Profit": 71,
        "Operating Income": 17,
        "EBIT": 19,
        "Net Income": 8
    },
    "2010-06-30": {
        "Diluted EPS": 0.18,
        "Total Revenue": 108,
        "Gross Profit": 65,
        "Operating Income": 11,
        "EBIT": 14,
        "Net Income": 5
    },
    "2010-03-31": {
        "Diluted EPS": 0.22,
        "Total Revenue": 119,
        "Gross Profit": 72,
        "Operating Income": 16,
        "EBIT": 18,
        "Net Income": 7
    },
    "2009-12-31": {
        "Diluted EPS": 0.18,
        "Total Revenue": 113,
        "Gross Profit": 63,
        "Operating Income": 14,
        "EBIT": 17,
        "Net Income": 5
    },
    "2009-09-30": {
        "Diluted EPS": 0.24,
        "Total Revenue": 118,
        "Gross Profit": 67,
        "Operating Income": 14,
        "EBIT": 17,
        "Net Income": 7
    },
    "2009-06-30": {
        "Diluted EPS": 0.14,
        "Total Revenue": 89,
        "Gross Profit": 50,
        "Operating Income": 7,
        "EBIT": 10,
        "Net Income": 4
    },
    "2009-03-31": {
        "Diluted EPS": 0.18,
        "Total Revenue": 90,
        "Gross Profit": 54,
        "Operating Income": 10,
        "EBIT": 13,
        "Net Income": 5
    },
    "2023-06-30": {
        "Tax Effect Of Unusual Items": NaN,
        "Tax Rate For Calcs": NaN,
        "Normalized EBITDA": NaN,
        "Total Unusual Items": NaN,
        "Total Unusual Items Excluding Goodwill": NaN,
        "Net Income From Continuing Operation Net Minority Interest": NaN,
        "Reconciled Depreciation": NaN,
        "Reconciled Cost Of Revenue": NaN,
        "EBITDA": NaN,
        "EBIT": NaN,
        "Net Interest Income": NaN,
        "Interest Expense": NaN,
        "Interest Income": 1977000.0,
        "Normalized Income": NaN,
        "Net Income From Continuing And Discontinued Operation": NaN,
        "Total Expenses": NaN,
        "Total Operating Income As Reported": NaN,
        "Diluted Average Shares": 32162000.0,
        "Basic Average Shares": 32006000.0,
        "Diluted EPS": 1.09,
        "Basic EPS": 1.09,
        "Diluted NI Availto Com Stockholders": NaN,
        "Net Income Common Stockholders": NaN,
        "Net Income": NaN,
        "Minority Interests": NaN,
        "Net Income Including Noncontrolling Interests": NaN,
        "Net Income Continuous Operations": NaN,
        "Tax Provision": NaN,
        "Pretax Income": NaN,
        "Other Income Expense": NaN,
        "Other Non Operating Income Expenses": NaN,
        "Gain On Sale Of Security": NaN,
        "Net Non Operating Interest Income Expense": NaN,
        "Interest Expense Non Operating": NaN,
        "Interest Income Non Operating": 1977000.0,
        "Operating Income": NaN,
        "Operating Expense": NaN,
        "Selling General And Administration": NaN,
        "Gross Profit": NaN,
        "Cost Of Revenue": NaN,
        "Total Revenue": NaN,
        "Operating Revenue": NaN
    },
    "2023-09-30": {
        "Tax Effect Of Unusual Items": NaN,
        "Tax Rate For Calcs": NaN,
        "Normalized EBITDA": NaN,
        "Total Unusual Items": NaN,
        "Total Unusual Items Excluding Goodwill": NaN,
        "Net Income From Continuing Operation Net Minority Interest": NaN,
        "Reconciled Depreciation": NaN,
        "Reconciled Cost Of Revenue": NaN,
        "EBITDA": NaN,
        "EBIT": NaN,
        "Net Interest Income": NaN,
        "Interest Expense": NaN,
        "Interest Income": 1062000.0,
        "Normalized Income": NaN,
        "Net Income From Continuing And Discontinued Operation": NaN,
        "Total Expenses": NaN,
        "Total Operating Income As Reported": NaN,
        "Diluted Average Shares": 32124000.0,
        "Basic Average Shares": 31976000.0,
        "Diluted EPS": 1.66,
        "Basic EPS": 1.66,
        "Diluted NI Availto Com Stockholders": NaN,
        "Net Income Common Stockholders": NaN,
        "Net Income": NaN,
        "Minority Interests": NaN,
        "Net Income Including Noncontrolling Interests": NaN,
        "Net Income Continuous Operations": NaN,
        "Tax Provision": NaN,
        "Pretax Income": NaN,
        "Other Income Expense": NaN,
        "Other Non Operating Income Expenses": NaN,
        "Gain On Sale Of Security": NaN,
        "Net Non Operating Interest Income Expense": NaN,
        "Interest Expense Non Operating": NaN,
        "Interest Income Non Operating": 1062000.0,
        "Operating Income": NaN,
        "Operating Expense": NaN,
        "Selling General And Administration": NaN,
        "Gross Profit": NaN,
        "Cost Of Revenue": NaN,
        "Total Revenue": NaN,
        "Operating Revenue": NaN
    },
    "2023-12-31": {
        "Tax Effect Of Unusual Items": -469980.0,
        "Tax Rate For Calcs": 0.21,
        "Normalized EBITDA": 25930000.0,
        "Total Unusual Items": -2238000.0,
        "Total Unusual Items Excluding Goodwill": -2238000.0,
        "Net Income From Continuing Operation Net Minority Interest": 10420000.0,
        "Reconciled Depreciation": 4550000.0,
        "Reconciled Cost Of Revenue": 116029000.0,
        "EBITDA": 23692000.0,
        "EBIT": 19142000.0,
        "Net Interest Income": -1915000.0,
        "Interest Expense": 4223000.0,
        "Interest Income": 2308000.0,
        "Normalized Income": 12188020.0,
        "Net Income From Continuing And Discontinued Operation": 10420000.0,
        "Total Expenses": 309859000.0,
        "Total Operating Income As Reported": 18880000.0,
        "Diluted Average Shares": NaN,
        "Basic Average Shares": NaN,
        "Diluted EPS": NaN,
        "Basic EPS": NaN,
        "Diluted NI Availto Com Stockholders": 10420000.0,
        "Net Income Common Stockholders": 10420000.0,
        "Net Income": 10420000.0,
        "Minority Interests": 2190000.0,
        "Net Income Including Noncontrolling Interests": 8230000.0,
        "Net Income Continuous Operations": 8230000.0,
        "Tax Provision": 6689000.0,
        "Pretax Income": 14919000.0,
        "Other Income Expense": -2046000.0,
        "Other Non Operating Income Expenses": 192000.0,
        "Gain On Sale Of Security": -2238000.0,
        "Net Non Operating Interest Income Expense": -1915000.0,
        "Interest Expense Non Operating": 4223000.0,
        "Interest Income Non Operating": 2308000.0,
        "Operating Income": 18880000.0,
        "Operating Expense": 193830000.0,
        "Selling General And Administration": 193830000.0,
        "Gross Profit": 212710000.0,
        "Cost Of Revenue": 116029000.0,
        "Total Revenue": 328739000.0,
        "Operating Revenue": 328739000.0
    },
    "2024-03-31": {
        "Tax Effect Of Unusual Items": 216295.0,
        "Tax Rate For Calcs": 0.239,
        "Normalized EBITDA": 76973000.0,
        "Total Unusual Items": 905000.0,
        "Total Unusual Items Excluding Goodwill": 905000.0,
        "Net Income From Continuing Operation Net Minority Interest": 41048000.0,
        "Reconciled Depreciation": 6018000.0,
        "Reconciled Cost Of Revenue": 121578000.0,
        "EBITDA": 77878000.0,
        "EBIT": 71860000.0,
        "Net Interest Income": 1213000.0,
        "Interest Expense": 1807000.0,
        "Interest Income": 3020000.0,
        "Normalized Income": 40359295.0,
        "Net Income From Continuing And Discontinued Operation": 41048000.0,
        "Total Expenses": 255990000.0,
        "Total Operating Income As Reported": 67973000.0,
        "Diluted Average Shares": 32266000.0,
        "Basic Average Shares": 32041000.0,
        "Diluted EPS": 1.27,
        "Basic EPS": 1.28,
        "Diluted NI Availto Com Stockholders": 41048000.0,
        "Net Income Common Stockholders": 41048000.0,
        "Net Income": 41048000.0,
        "Minority Interests": -12255000.0,
        "Net Income Including Noncontrolling Interests": 53303000.0,
        "Net Income Continuous Operations": 53303000.0,
        "Tax Provision": 16750000.0,
        "Pretax Income": 70053000.0,
        "Other Income Expense": 867000.0,
        "Other Non Operating Income Expenses": -38000.0,
        "Gain On Sale Of Security": 905000.0,
        "Net Non Operating Interest Income Expense": 1213000.0,
        "Interest Expense Non Operating": 1807000.0,
        "Interest Income Non Operating": 3020000.0,
        "Operating Income": 67973000.0,
        "Operating Expense": 134412000.0,
        "Selling General And Administration": 134412000.0,
        "Gross Profit": 202385000.0,
        "Cost Of Revenue": 121578000.0,
        "Total Revenue": 323963000.0,
        "Operating Revenue": 323963000.0
    },
    "2024-06-30": {
        "Tax Effect Of Unusual Items": -151671.025779,
        "Tax Rate For Calcs": 0.239229,
        "Normalized EBITDA": 70904000.0,
        "Total Unusual Items": -634000.0,
        "Total Unusual Items Excluding Goodwill": -634000.0,
        "Net Income From Continuing Operation Net Minority Interest": 36823000.0,
        "Reconciled Depreciation": 6002000.0,
        "Reconciled Cost Of Revenue": 121472000.0,
        "EBITDA": 70270000.0,
        "EBIT": 64268000.0,
        "Net Interest Income": -3017000.0,
        "Interest Expense": 3017000.0,
        "Interest Income": NaN,
        "Normalized Income": 37305328.974221,
        "Net Income From Continuing And Discontinued Operation": 36823000.0,
        "Total Expenses": 277401000.0,
        "Total Operating Income As Reported": 64828000.0,
        "Diluted Average Shares": 32266000.0,
        "Basic Average Shares": 32024000.0,
        "Diluted EPS": 1.14,
        "Basic EPS": 1.15,
        "Diluted NI Availto Com Stockholders": 36823000.0,
        "Net Income Common Stockholders": 36823000.0,
        "Net Income": 36823000.0,
        "Minority Interests": -9775000.0,
        "Net Income Including Noncontrolling Interests": 46598000.0,
        "Net Income Continuous Operations": 46598000.0,
        "Tax Provision": 14653000.0,
        "Pretax Income": 61251000.0,
        "Other Income Expense": -560000.0,
        "Other Non Operating Income Expenses": 74000.0,
        "Gain On Sale Of Security": -634000.0,
        "Net Non Operating Interest Income Expense": -3017000.0,
        "Interest Expense Non Operating": 3017000.0,
        "Interest Income Non Operating": NaN,
        "Operating Income": 64828000.0,
        "Operating Expense": 155929000.0,
        "Selling General And Administration": 155929000.0,
        "Gross Profit": 220757000.0,
        "Cost Of Revenue": 121472000.0,
        "Total Revenue": 342229000.0,
        "Operating Revenue": 342229000.0
    },
    "2024-09-30": {
        "Tax Effect Of Unusual Items": -787609.356015,
        "Tax Rate For Calcs": 0.234757,
        "Normalized EBITDA": 112174000.0,
        "Total Unusual Items": -3355000.0,
        "Total Unusual Items Excluding Goodwill": -3355000.0,
        "Net Income From Continuing Operation Net Minority Interest": 62259000.0,
        "Reconciled Depreciation": 6181000.0,
        "Reconciled Cost Of Revenue": 153469000.0,
        "EBITDA": 108819000.0,
        "EBIT": 102638000.0,
        "Net Interest Income": -2232000.0,
        "Interest Expense": 2232000.0,
        "Interest Income": NaN,
        "Normalized Income": 64826390.643985,
        "Net Income From Continuing And Discontinued Operation": 62259000.0,
        "Total Expenses": 318635000.0,
        "Total Operating Income As Reported": 105994000.0,
        "Diluted Average Shares": 32266000.0,
        "Basic Average Shares": 32026000.0,
        "Diluted EPS": 1.93,
        "Basic EPS": 1.94,
        "Diluted NI Availto Com Stockholders": 62259000.0,
        "Net Income Common Stockholders": 62259000.0,
        "Net Income": 62259000.0,
        "Minority Interests": -14576000.0,
        "Net Income Including Noncontrolling Interests": 76835000.0,
        "Net Income Continuous Operations": 76835000.0,
        "Tax Provision": 23571000.0,
        "Pretax Income": 100406000.0,
        "Other Income Expense": -3356000.0,
        "Other Non Operating Income Expenses": -1000.0,
        "Gain On Sale Of Security": -3355000.0,
        "Net Non Operating Interest Income Expense": -2232000.0,
        "Interest Expense Non Operating": 2232000.0,
        "Interest Income Non Operating": NaN,
        "Operating Income": 105994000.0,
        "Operating Expense": 165166000.0,
        "Selling General And Administration": 165166000.0,
        "Gross Profit": 271160000.0,
        "Cost Of Revenue": 153469000.0,
        "Total Revenue": 424629000.0,
        "Operating Revenue": 424629000.0
    },
    "2024-12-31": {
        "Tax Effect Of Unusual Items": -545729.941932,
        "Tax Rate For Calcs": 0.272185,
        "Normalized EBITDA": 50942000.0,
        "Total Unusual Items": -2005000.0,
        "Total Unusual Items Excluding Goodwill": -2005000.0,
        "Net Income From Continuing Operation Net Minority Interest": 24228000.0,
        "Reconciled Depreciation": 10157000.0,
        "Reconciled Cost Of Revenue": 128465000.0,
        "EBITDA": 48937000.0,
        "EBIT": 38780000.0,
        "Net Interest Income": -1571000.0,
        "Interest Expense": 2099000.0,
        "Interest Income": 528000.0,
        "Normalized Income": 25687270.058068,
        "Net Income From Continuing And Discontinued Operation": 24228000.0,
        "Total Expenses": 321499000.0,
        "Total Operating Income As Reported": 36000000.0,
        "Diluted Average Shares": NaN,
        "Basic Average Shares": NaN,
        "Diluted EPS": NaN,
        "Basic EPS": NaN,
        "Diluted NI Availto Com Stockholders": 24228000.0,
        "Net Income Common Stockholders": 24228000.0,
        "Net Income": 24228000.0,
        "Minority Interests": -2469000.0,
        "Net Income Including Noncontrolling Interests": 26697000.0,
        "Net Income Continuous Operations": 26697000.0,
        "Tax Provision": 9984000.0,
        "Pretax Income": 36681000.0,
        "Other Income Expense": -1753000.0,
        "Other Non Operating Income Expenses": 252000.0,
        "Gain On Sale Of Security": 2000000.0,
        "Net Non Operating Interest Income Expense": -1571000.0,
        "Interest Expense Non Operating": 2099000.0,
        "Interest Income Non Operating": 528000.0,
        "Operating Income": 40005000.0,
        "Operating Expense": 193034000.0,
        "Selling General And Administration": 193034000.0,
        "Gross Profit": 233039000.0,
        "Cost Of Revenue": 128465000.0,
        "Total Revenue": 361504000.0,
        "Operating Revenue": 361504000.0
    }
}