{
    "2023-03-31": {
        "Tax Effect Of Unusual Items": NaN,
        "Tax Rate For Calcs": NaN,
        "Normalized EBITDA": NaN,
        "Total Unusual Items": NaN,
        "Total Unusual Items Excluding Goodwill": NaN,
        "Net Income From Continuing Operation Net Minority Interest": NaN,
        "Reconciled Depreciation": NaN,
        "Reconciled Cost Of Revenue": NaN,
        "EBITDA": NaN,
        "EBIT": NaN,
        "Net Interest Income": NaN,
        "Interest Income": 7533000.0,
        "Normalized Income": NaN,
        "Net Income From Continuing And Discontinued Operation": NaN,
        "Total Expenses": NaN,
        "Total Operating Income As Reported": NaN,
        "Diluted Average Shares": NaN,
        "Basic Average Shares": NaN,
        "Diluted EPS": NaN,
        "Basic EPS": NaN,
        "Diluted NI Availto Com Stockholders": NaN,
        "Net Income Common Stockholders": NaN,
        "Net Income": NaN,
        "Minority Interests": 0.0,
        "Net Income Including Noncontrolling Interests": NaN,
        "Net Income Continuous Operations": NaN,
        "Tax Provision": NaN,
        "Pretax Income": NaN,
        "Other Income Expense": NaN,
        "Other Non Operating Income Expenses": NaN,
        "Special Income Charges": NaN,
        "Gain On Sale Of Ppe": 0.0,
        "Gain On Sale Of Business": NaN,
        "Impairment Of Capital Assets": NaN,
        "Restructuring And Mergern Acquisition": NaN,
        "Gain On Sale Of Security": NaN,
        "Net Non Operating Interest Income Expense": NaN,
        "Total Other Finance Cost": -7533000.0,
        "Interest Income Non Operating": 7533000.0,
        "Operating Income": NaN,
        "Operating Expense": NaN,
        "Research And Development": NaN,
        "Selling General And Administration": NaN,
        "Selling And Marketing Expense": NaN,
        "General And Administrative Expense": NaN,
        "Other Gand A": NaN,
        "Gross Profit": NaN,
        "Cost Of Revenue": NaN,
        "Total Revenue": NaN,
        "Operating Revenue": NaN
    },
    "2022-12-31": {
        "Tax Effect Of Unusual Items": NaN,
        "Tax Rate For Calcs": NaN,
        "Normalized EBITDA": NaN,
        "Total Unusual Items": NaN,
        "Total Unusual Items Excluding Goodwill": NaN,
        "Net Income From Continuing Operation Net Minority Interest": NaN,
        "Reconciled Depreciation": NaN,
        "Reconciled Cost Of Revenue": NaN,
        "EBITDA": NaN,
        "EBIT": NaN,
        "Net Interest Income": NaN,
        "Interest Income": NaN,
        "Normalized Income": NaN,
        "Net Income From Continuing And Discontinued Operation": NaN,
        "Total Expenses": NaN,
        "Total Operating Income As Reported": NaN,
        "Diluted Average Shares": NaN,
        "Basic Average Shares": NaN,
        "Diluted EPS": NaN,
        "Basic EPS": NaN,
        "Diluted NI Availto Com Stockholders": NaN,
        "Net Income Common Stockholders": NaN,
        "Net Income": NaN,
        "Minority Interests": 0.0,
        "Net Income Including Noncontrolling Interests": NaN,
        "Net Income Continuous Operations": NaN,
        "Tax Provision": NaN,
        "Pretax Income": NaN,
        "Other Income Expense": NaN,
        "Other Non Operating Income Expenses": NaN,
        "Special Income Charges": NaN,
        "Gain On Sale Of Ppe": NaN,
        "Gain On Sale Of Business": 10098000.0,
        "Impairment Of Capital Assets": 79030000.0,
        "Restructuring And Mergern Acquisition": NaN,
        "Gain On Sale Of Security": NaN,
        "Net Non Operating Interest Income Expense": NaN,
        "Total Other Finance Cost": -7888000.0,
        "Interest Income Non Operating": NaN,
        "Operating Income": NaN,
        "Operating Expense": NaN,
        "Research And Development": NaN,
        "Selling General And Administration": NaN,
        "Selling And Marketing Expense": NaN,
        "General And Administrative Expense": NaN,
        "Other Gand A": NaN,
        "Gross Profit": NaN,
        "Cost Of Revenue": NaN,
        "Total Revenue": NaN,
        "Operating Revenue": NaN
    },
    "2022-09-30": {
        "Tax Effect Of Unusual Items": NaN,
        "Tax Rate For Calcs": NaN,
        "Normalized EBITDA": NaN,
        "Total Unusual Items": NaN,
        "Total Unusual Items Excluding Goodwill": NaN,
        "Net Income From Continuing Operation Net Minority Interest": NaN,
        "Reconciled Depreciation": NaN,
        "Reconciled Cost Of Revenue": NaN,
        "EBITDA": NaN,
        "EBIT": NaN,
        "Net Interest Income": NaN,
        "Interest Income": 3625000.0,
        "Normalized Income": NaN,
        "Net Income From Continuing And Discontinued Operation": NaN,
        "Total Expenses": NaN,
        "Total Operating Income As Reported": NaN,
        "Diluted Average Shares": NaN,
        "Basic Average Shares": NaN,
        "Diluted EPS": NaN,
        "Basic EPS": NaN,
        "Diluted NI Availto Com Stockholders": NaN,
        "Net Income Common Stockholders": NaN,
        "Net Income": NaN,
        "Minority Interests": NaN,
        "Net Income Including Noncontrolling Interests": NaN,
        "Net Income Continuous Operations": NaN,
        "Tax Provision": NaN,
        "Pretax Income": NaN,
        "Other Income Expense": NaN,
        "Other Non Operating Income Expenses": NaN,
        "Special Income Charges": NaN,
        "Gain On Sale Of Ppe": NaN,
        "Gain On Sale Of Business": 21748000.0,
        "Impairment Of Capital Assets": 919000.0,
        "Restructuring And Mergern Acquisition": NaN,
        "Gain On Sale Of Security": NaN,
        "Net Non Operating Interest Income Expense": NaN,
        "Total Other Finance Cost": -3625000.0,
        "Interest Income Non Operating": 3625000.0,
        "Operating Income": NaN,
        "Operating Expense": NaN,
        "Research And Development": NaN,
        "Selling General And Administration": NaN,
        "Selling And Marketing Expense": NaN,
        "General And Administrative Expense": NaN,
        "Other Gand A": NaN,
        "Gross Profit": NaN,
        "Cost Of Revenue": NaN,
        "Total Revenue": NaN,
        "Operating Revenue": NaN
    },
    "2022-06-30": {
        "Tax Effect Of Unusual Items": -3880800.0,
        "Tax Rate For Calcs": 0.22,
        "Normalized EBITDA": 130624000.0,
        "Total Unusual Items": -17640000.0,
        "Total Unusual Items Excluding Goodwill": -17640000.0,
        "Net Income From Continuing Operation Net Minority Interest": 56968000.0,
        "Reconciled Depreciation": 23669000.0,
        "Reconciled Cost Of Revenue": 204679000.0,
        "EBITDA": 112984000.0,
        "EBIT": 89315000.0,
        "Net Interest Income": 1177000.0,
        "Interest Income": NaN,
        "Normalized Income": 70727200.0,
        "Net Income From Continuing And Discontinued Operation": 56968000.0,
        "Total Expenses": 287708000.0,
        "Total Operating Income As Reported": 71675000.0,
        "Diluted Average Shares": 51795000.0,
        "Basic Average Shares": 51687000.0,
        "Diluted EPS": 1.1,
        "Basic EPS": 1.1,
        "Diluted NI Availto Com Stockholders": 56968000.0,
        "Net Income Common Stockholders": 56968000.0,
        "Net Income": 56968000.0,
        "Minority Interests": -363000.0,
        "Net Income Including Noncontrolling Interests": 57331000.0,
        "Net Income Continuous Operations": 57331000.0,
        "Tax Provision": 16139000.0,
        "Pretax Income": 73470000.0,
        "Other Income Expense": -17022000.0,
        "Other Non Operating Income Expenses": 618000.0,
        "Special Income Charges": NaN,
        "Gain On Sale Of Business": NaN,
        "Impairment Of Capital Assets": NaN,
        "Restructuring And Mergern Acquisition": NaN,
        "Gain On Sale Of Security": -17640000.0,
        "Net Non Operating Interest Income Expense": 1177000.0,
        "Total Other Finance Cost": -1177000.0,
        "Interest Income Non Operating": NaN,
        "Operating Income": 89315000.0,
        "Operating Expense": 83029000.0,
        "Research And Development": 30608000.0,
        "Selling General And Administration": 52421000.0,
        "Selling And Marketing Expense": 19010000.0,
        "General And Administrative Expense": 33411000.0,
        "Other Gand A": 33411000.0,
        "Gross Profit": 172344000.0,
        "Cost Of Revenue": 204679000.0,
        "Total Revenue": 377023000.0,
        "Operating Revenue": 377023000.0
    },
    "2023-06-30": {
        "Tax Effect Of Unusual Items": NaN,
        "Tax Rate For Calcs": NaN,
        "Normalized EBITDA": NaN,
        "Total Unusual Items": NaN,
        "Total Unusual Items Excluding Goodwill": NaN,
        "Net Income From Continuing Operation Net Minority Interest": NaN,
        "Reconciled Depreciation": NaN,
        "Reconciled Cost Of Revenue": NaN,
        "EBITDA": NaN,
        "EBIT": NaN,
        "Net Interest Income": NaN,
        "Interest Income": 9264000.0,
        "Normalized Income": NaN,
        "Net Income From Continuing And Discontinued Operation": NaN,
        "Total Expenses": NaN,
        "Total Operating Income As Reported": NaN,
        "Diluted Average Shares": NaN,
        "Basic Average Shares": NaN,
        "Diluted EPS": NaN,
        "Basic EPS": NaN,
        "Diluted NI Availto Com Stockholders": NaN,
        "Net Income Common Stockholders": NaN,
        "Net Income": NaN,
        "Minority Interests": 0.0,
        "Net Income Including Noncontrolling Interests": NaN,
        "Net Income Continuous Operations": NaN,
        "Tax Provision": NaN,
        "Pretax Income": NaN,
        "Other Income Expense": NaN,
        "Other Non Operating Income Expenses": NaN,
        "Special Income Charges": NaN,
        "Gain On Sale Of Ppe": 0.0,
        "Gain On Sale Of Business": NaN,
        "Impairment Of Capital Assets": NaN,
        "Restructuring And Mergern Acquisition": NaN,
        "Gain On Sale Of Security": NaN,
        "Net Non Operating Interest Income Expense": NaN,
        "Total Other Finance Cost": -9264000.0,
        "Interest Income Non Operating": 9264000.0,
        "Operating Income": NaN,
        "Operating Expense": NaN,
        "Research And Development": NaN,
        "Selling General And Administration": NaN,
        "Selling And Marketing Expense": NaN,
        "General And Administrative Expense": NaN,
        "Other Gand A": NaN,
        "Gross Profit": NaN,
        "Cost Of Revenue": NaN,
        "Total Revenue": NaN,
        "Operating Revenue": NaN
    },
    "2022-03-31": {
        "Diluted EPS": 1.31,
        "Total Revenue": 370,
        "Gross Profit": 172,
        "Operating Income": 93,
        "EBIT": 117,
        "Net Income": 70
    },
    "2021-12-31": {
        "Diluted EPS": 1.21,
        "Total Revenue": 364,
        "Gross Profit": 166,
        "Operating Income": 85,
        "EBIT": 109,
        "Net Income": 65
    },
    "2021-09-30": {
        "Diluted EPS": 1.4,
        "Total Revenue": 379,
        "Gross Profit": 186,
        "Operating Income": 102,
        "EBIT": 126,
        "Net Income": 75
    },
    "2021-06-30": {
        "Diluted EPS": 1.29,
        "Total Revenue": 372,
        "Gross Profit": 181,
        "Operating Income": 92,
        "EBIT": 116,
        "Net Income": 70
    },
    "2021-03-31": {
        "Diluted EPS": 1.26,
        "Total Revenue": 346,
        "Gross Profit": 164,
        "Operating Income": 89,
        "EBIT": 113,
        "Net Income": 68
    },
    "2020-12-31": {
        "Diluted EPS": 0.92,
        "Total Revenue": 337,
        "Gross Profit": 147,
        "Operating Income": 65,
        "EBIT": 65,
        "Net Income": 49
    },
    "2020-09-30": {
        "Diluted EPS": 0.66,
        "Total Revenue": 318,
        "Gross Profit": 153,
        "Operating Income": 41,
        "EBIT": 110,
        "Net Income": 36
    },
    "2020-06-30": {
        "Diluted EPS": 0.71,
        "Total Revenue": 296,
        "Gross Profit": 136,
        "Operating Income": 47,
        "EBIT": 70,
        "Net Income": 38
    },
    "2020-03-31": {
        "Diluted EPS": 0.68,
        "Total Revenue": 249,
        "Gross Profit": 103,
        "Operating Income": 45,
        "EBIT": 69,
        "Net Income": 36
    },
    "2019-12-31": {
        "Diluted EPS": -0.08,
        "Total Revenue": 307,
        "Gross Profit": 124,
        "Operating Income": 0,
        "EBIT": 61,
        "Net Income": -4
    },
    "2019-09-30": {
        "Diluted EPS": 1.07,
        "Total Revenue": 329,
        "Gross Profit": 153,
        "Operating Income": 74,
        "EBIT": 99,
        "Net Income": 57
    },
    "2019-06-30": {
        "Diluted EPS": 1.34,
        "Total Revenue": 364,
        "Gross Profit": 180,
        "Operating Income": 91,
        "EBIT": 116,
        "Net Income": 72
    },
    "2019-03-31": {
        "Diluted EPS": 1.02,
        "Total Revenue": 315,
        "Gross Profit": 149,
        "Operating Income": 68,
        "EBIT": 91,
        "Net Income": 55
    },
    "2018-12-31": {
        "Diluted EPS": 1.4,
        "Total Revenue": 330,
        "Gross Profit": 167,
        "Operating Income": 96,
        "EBIT": 117,
        "Net Income": 76
    },
    "2018-09-30": {
        "Diluted EPS": 1.84,
        "Total Revenue": 356,
        "Gross Profit": 195,
        "Operating Income": 124,
        "EBIT": 144,
        "Net Income": 101
    },
    "2018-06-30": {
        "Diluted EPS": 2.21,
        "Total Revenue": 414,
        "Gross Profit": 235,
        "Operating Income": 162,
        "EBIT": 182,
        "Net Income": 122
    },
    "2018-03-31": {
        "Diluted EPS": 1.93,
        "Total Revenue": 360,
        "Gross Profit": 203,
        "Operating Income": 141,
        "EBIT": 160,
        "Net Income": 106
    },
    "2017-12-31": {
        "Diluted EPS": 0.96,
        "Total Revenue": 361,
        "Gross Profit": 209,
        "Operating Income": 148,
        "EBIT": 166,
        "Net Income": 53
    },
    "2017-09-30": {
        "Diluted EPS": 2.11,
        "Total Revenue": 393,
        "Gross Profit": 225,
        "Operating Income": 160,
        "EBIT": 177,
        "Net Income": 116
    },
    "2017-06-30": {
        "Diluted EPS": 1.91,
        "Total Revenue": 369,
        "Gross Profit": 206,
        "Operating Income": 141,
        "EBIT": 156,
        "Net Income": 104
    },
    "2017-03-31": {
        "Diluted EPS": 1.38,
        "Total Revenue": 286,
        "Gross Profit": 157,
        "Operating Income": 101,
        "EBIT": 116,
        "Net Income": 75
    },
    "2016-12-31": {
        "Diluted EPS": 1.39,
        "Total Revenue": 280,
        "Gross Profit": 155,
        "Operating Income": 105,
        "EBIT": 119,
        "Net Income": 75
    },
    "2016-09-30": {
        "Diluted EPS": 1.29,
        "Total Revenue": 266,
        "Gross Profit": 145,
        "Operating Income": 94,
        "EBIT": 108,
        "Net Income": 69
    },
    "2016-06-30": {
        "Diluted EPS": 1.25,
        "Total Revenue": 253,
        "Gross Profit": 138,
        "Operating Income": 95,
        "EBIT": 107,
        "Net Income": 67
    },
    "2016-03-31": {
        "Diluted EPS": 0.92,
        "Total Revenue": 207,
        "Gross Profit": 114,
        "Operating Income": 70,
        "EBIT": 81,
        "Net Income": 49
    },
    "2015-12-31": {
        "Diluted EPS": 1.12,
        "Total Revenue": 224,
        "Gross Profit": 122,
        "Operating Income": 83,
        "EBIT": 94,
        "Net Income": 61
    },
    "2015-09-30": {
        "Diluted EPS": 1.18,
        "Total Revenue": 244,
        "Gross Profit": 133,
        "Operating Income": 90,
        "EBIT": 100,
        "Net Income": 63
    },
    "2015-06-30": {
        "Diluted EPS": 1.15,
        "Total Revenue": 235,
        "Gross Profit": 129,
        "Operating Income": 87,
        "EBIT": 98,
        "Net Income": 61
    },
    "2015-03-31": {
        "Diluted EPS": 1.08,
        "Total Revenue": 199,
        "Gross Profit": 108,
        "Operating Income": 82,
        "EBIT": 92,
        "Net Income": 57
    },
    "2014-12-31": {
        "Diluted EPS": 1.05,
        "Total Revenue": 207,
        "Gross Profit": 114,
        "Operating Income": 80,
        "EBIT": 89,
        "Net Income": 56
    },
    "2014-09-30": {
        "Diluted EPS": 1.05,
        "Total Revenue": 200,
        "Gross Profit": 109,
        "Operating Income": 78,
        "EBIT": 87,
        "Net Income": 55
    },
    "2014-06-30": {
        "Diluted EPS": 0.92,
        "Total Revenue": 192,
        "Gross Profit": 104,
        "Operating Income": 69,
        "EBIT": 78,
        "Net Income": 48
    },
    "2014-03-31": {
        "Diluted EPS": 0.77,
        "Total Revenue": 171,
        "Gross Profit": 89,
        "Operating Income": 58,
        "EBIT": 66,
        "Net Income": 41
    },
    "2013-12-31": {
        "Diluted EPS": 0.69,
        "Total Revenue": 166,
        "Gross Profit": 82,
        "Operating Income": 49,
        "EBIT": 57,
        "Net Income": 37
    },
    "2013-09-30": {
        "Diluted EPS": 0.81,
        "Total Revenue": 172,
        "Gross Profit": 93,
        "Operating Income": 60,
        "EBIT": 68,
        "Net Income": 42
    },
    "2013-06-30": {
        "Diluted EPS": 0.8,
        "Total Revenue": 168,
        "Gross Profit": 90,
        "Operating Income": 60,
        "EBIT": 68,
        "Net Income": 42
    },
    "2013-03-31": {
        "Diluted EPS": 0.67,
        "Total Revenue": 142,
        "Gross Profit": 76,
        "Operating Income": 50,
        "EBIT": 57,
        "Net Income": 35
    },
    "2012-12-31": {
        "Diluted EPS": 0.67,
        "Total Revenue": 145,
        "Gross Profit": 75,
        "Operating Income": 47,
        "EBIT": 54,
        "Net Income": 35
    },
    "2012-09-30": {
        "Diluted EPS": 0.81,
        "Total Revenue": 156,
        "Gross Profit": 86,
        "Operating Income": 60,
        "EBIT": 67,
        "Net Income": 42
    },
    "2012-06-30": {
        "Diluted EPS": 0.72,
        "Total Revenue": 138,
        "Gross Profit": 75,
        "Operating Income": 56,
        "EBIT": 63,
        "Net Income": 38
    },
    "2012-03-31": {
        "Diluted EPS": 0.61,
        "Total Revenue": 123,
        "Gross Profit": 69,
        "Operating Income": 45,
        "EBIT": 51,
        "Net Income": 30
    },
    "2011-12-31": {
        "Diluted EPS": 0.65,
        "Total Revenue": 124,
        "Gross Profit": 66,
        "Operating Income": 46,
        "EBIT": 52,
        "Net Income": 32
    },
    "2011-09-30": {
        "Diluted EPS": 0.66,
        "Total Revenue": 129,
        "Gross Profit": 70,
        "Operating Income": 49,
        "EBIT": 55,
        "Net Income": 32
    },
    "2011-06-30": {
        "Diluted EPS": 0.63,
        "Total Revenue": 122,
        "Gross Profit": 67,
        "Operating Income": 46,
        "EBIT": 52,
        "Net Income": 31
    },
    "2011-03-31": {
        "Diluted EPS": 0.47,
        "Total Revenue": 100,
        "Gross Profit": 54,
        "Operating Income": 34,
        "EBIT": 40,
        "Net Income": 23
    },
    "2010-12-31": {
        "Diluted EPS": 0.56,
        "Total Revenue": 101,
        "Gross Profit": 56,
        "Operating Income": 39,
        "EBIT": 45,
        "Net Income": 27
    },
    "2010-09-30": {
        "Diluted EPS": 0.28,
        "Total Revenue": 80,
        "Gross Profit": 40,
        "Operating Income": 21,
        "EBIT": 26,
        "Net Income": 13
    },
    "2010-06-30": {
        "Diluted EPS": 0.22,
        "Total Revenue": 67,
        "Gross Profit": 30,
        "Operating Income": 16,
        "EBIT": 21,
        "Net Income": 10
    },
    "2010-03-31": {
        "Diluted EPS": 0.07,
        "Total Revenue": 51,
        "Gross Profit": 21,
        "Operating Income": 5,
        "EBIT": 11,
        "Net Income": 3
    },
    "2009-12-31": {
        "Diluted EPS": 0.07,
        "Total Revenue": 54,
        "Gross Profit": 20,
        "Operating Income": 5,
        "EBIT": 10,
        "Net Income": 3
    },
    "2009-09-30": {
        "Diluted EPS": 0.05,
        "Total Revenue": 46,
        "Gross Profit": 17,
        "Operating Income": 4,
        "EBIT": 9,
        "Net Income": 2
    },
    "2009-06-30": {
        "Diluted EPS": -0.03,
        "Total Revenue": 40,
        "Gross Profit": 12,
        "Operating Income": -1,
        "EBIT": 3,
        "Net Income": -1
    },
    "2009-03-31": {
        "Diluted EPS": 0.03,
        "Total Revenue": 45,
        "Gross Profit": 16,
        "Operating Income": 2,
        "EBIT": 6,
        "Net Income": 1
    },
    "2023-09-30": {
        "Tax Effect Of Unusual Items": NaN,
        "Tax Rate For Calcs": NaN,
        "Normalized EBITDA": NaN,
        "Total Unusual Items": NaN,
        "Total Unusual Items Excluding Goodwill": NaN,
        "Net Income From Continuing Operation Net Minority Interest": NaN,
        "Reconciled Depreciation": NaN,
        "Reconciled Cost Of Revenue": NaN,
        "EBITDA": NaN,
        "EBIT": NaN,
        "Net Interest Income": NaN,
        "Interest Income": 11569000.0,
        "Normalized Income": NaN,
        "Net Income From Continuing And Discontinued Operation": NaN,
        "Total Expenses": NaN,
        "Total Operating Income As Reported": NaN,
        "Diluted Average Shares": NaN,
        "Basic Average Shares": NaN,
        "Diluted EPS": NaN,
        "Basic EPS": NaN,
        "Diluted NI Availto Com Stockholders": NaN,
        "Net Income Common Stockholders": NaN,
        "Net Income": NaN,
        "Minority Interests": 0.0,
        "Net Income Including Noncontrolling Interests": NaN,
        "Net Income Continuous Operations": NaN,
        "Tax Provision": NaN,
        "Pretax Income": NaN,
        "Other Income Expense": NaN,
        "Other Non Operating Income Expenses": NaN,
        "Special Income Charges": NaN,
        "Gain On Sale Of Ppe": NaN,
        "Gain On Sale Of Business": 0.0,
        "Impairment Of Capital Assets": 1237000.0,
        "Restructuring And Mergern Acquisition": NaN,
        "Gain On Sale Of Security": NaN,
        "Net Non Operating Interest Income Expense": NaN,
        "Total Other Finance Cost": NaN,
        "Interest Income Non Operating": 11569000.0,
        "Operating Income": NaN,
        "Operating Expense": NaN,
        "Research And Development": NaN,
        "Selling General And Administration": NaN,
        "Selling And Marketing Expense": NaN,
        "General And Administrative Expense": NaN,
        "Other Gand A": NaN,
        "Gross Profit": NaN,
        "Cost Of Revenue": NaN,
        "Total Revenue": NaN,
        "Operating Revenue": NaN
    },
    "2023-12-31": {
        "Tax Effect Of Unusual Items": NaN,
        "Tax Rate For Calcs": NaN,
        "Normalized EBITDA": NaN,
        "Total Unusual Items": NaN,
        "Total Unusual Items Excluding Goodwill": NaN,
        "Net Income From Continuing Operation Net Minority Interest": NaN,
        "Reconciled Depreciation": NaN,
        "Reconciled Cost Of Revenue": NaN,
        "EBITDA": NaN,
        "EBIT": NaN,
        "Net Interest Income": NaN,
        "Interest Income": NaN,
        "Normalized Income": NaN,
        "Net Income From Continuing And Discontinued Operation": NaN,
        "Total Expenses": NaN,
        "Total Operating Income As Reported": NaN,
        "Diluted Average Shares": NaN,
        "Basic Average Shares": NaN,
        "Diluted EPS": NaN,
        "Basic EPS": NaN,
        "Diluted NI Availto Com Stockholders": NaN,
        "Net Income Common Stockholders": NaN,
        "Net Income": NaN,
        "Minority Interests": 0.0,
        "Net Income Including Noncontrolling Interests": NaN,
        "Net Income Continuous Operations": NaN,
        "Tax Provision": NaN,
        "Pretax Income": NaN,
        "Other Income Expense": NaN,
        "Other Non Operating Income Expenses": NaN,
        "Special Income Charges": NaN,
        "Gain On Sale Of Ppe": NaN,
        "Gain On Sale Of Business": 0.0,
        "Impairment Of Capital Assets": 0.0,
        "Restructuring And Mergern Acquisition": 69000.0,
        "Gain On Sale Of Security": NaN,
        "Net Non Operating Interest Income Expense": NaN,
        "Total Other Finance Cost": NaN,
        "Interest Income Non Operating": NaN,
        "Operating Income": NaN,
        "Operating Expense": NaN,
        "Research And Development": NaN,
        "Selling General And Administration": NaN,
        "Selling And Marketing Expense": NaN,
        "General And Administrative Expense": NaN,
        "Other Gand A": NaN,
        "Gross Profit": NaN,
        "Cost Of Revenue": NaN,
        "Total Revenue": NaN,
        "Operating Revenue": NaN
    },
    "2024-03-31": {
        "Tax Effect Of Unusual Items": 1442616.600202,
        "Tax Rate For Calcs": 0.282811,
        "Normalized EBITDA": 25112000.0,
        "Total Unusual Items": 5101000.0,
        "Total Unusual Items Excluding Goodwill": 5101000.0,
        "Net Income From Continuing Operation Net Minority Interest": 24099000.0,
        "Reconciled Depreciation": 16214000.0,
        "Reconciled Cost Of Revenue": 154473000.0,
        "EBITDA": 30213000.0,
        "EBIT": 13999000.0,
        "Net Interest Income": 14177000.0,
        "Interest Income": 14177000.0,
        "Normalized Income": 20440616.600202,
        "Net Income From Continuing And Discontinued Operation": 24099000.0,
        "Total Expenses": 238010000.0,
        "Total Operating Income As Reported": 19100000.0,
        "Diluted Average Shares": 46174518.0,
        "Basic Average Shares": 45960476.0,
        "Diluted EPS": 0.52,
        "Basic EPS": 0.52,
        "Diluted NI Availto Com Stockholders": 24099000.0,
        "Net Income Common Stockholders": 24099000.0,
        "Net Income": 24099000.0,
        "Minority Interests": NaN,
        "Net Income Including Noncontrolling Interests": 24099000.0,
        "Net Income Continuous Operations": 24099000.0,
        "Tax Provision": 9503000.0,
        "Pretax Income": 33602000.0,
        "Other Income Expense": 5426000.0,
        "Other Non Operating Income Expenses": 325000.0,
        "Special Income Charges": 6776000.0,
        "Gain On Sale Of Ppe": 6776000.0,
        "Gain On Sale Of Business": NaN,
        "Impairment Of Capital Assets": NaN,
        "Restructuring And Mergern Acquisition": 0.0,
        "Gain On Sale Of Security": -1675000.0,
        "Net Non Operating Interest Income Expense": 14177000.0,
        "Total Other Finance Cost": NaN,
        "Interest Income Non Operating": 14177000.0,
        "Operating Income": 13999000.0,
        "Operating Expense": 83537000.0,
        "Research And Development": 29381000.0,
        "Selling General And Administration": 54156000.0,
        "Selling And Marketing Expense": 22998000.0,
        "General And Administrative Expense": 31158000.0,
        "Other Gand A": 31158000.0,
        "Gross Profit": 97536000.0,
        "Cost Of Revenue": 154473000.0,
        "Total Revenue": 252009000.0,
        "Operating Revenue": 252009000.0
    },
    "2024-06-30": {
        "Tax Effect Of Unusual Items": -498580.0,
        "Tax Rate For Calcs": 0.194,
        "Normalized EBITDA": 32472000.0,
        "Total Unusual Items": -2570000.0,
        "Total Unusual Items Excluding Goodwill": -2570000.0,
        "Net Income From Continuing Operation Net Minority Interest": 20154000.0,
        "Reconciled Depreciation": 15292000.0,
        "Reconciled Cost Of Revenue": 161459000.0,
        "EBITDA": 29902000.0,
        "EBIT": 14610000.0,
        "Net Interest Income": 12778000.0,
        "Interest Income": NaN,
        "Normalized Income": 22225420.0,
        "Net Income From Continuing And Discontinued Operation": 20154000.0,
        "Total Expenses": 243035000.0,
        "Total Operating Income As Reported": 12040000.0,
        "Diluted Average Shares": 45012474.0,
        "Basic Average Shares": 44917696.0,
        "Diluted EPS": 0.45,
        "Basic EPS": 0.45,
        "Diluted NI Availto Com Stockholders": 20154000.0,
        "Net Income Common Stockholders": 20154000.0,
        "Net Income": 20154000.0,
        "Minority Interests": NaN,
        "Net Income Including Noncontrolling Interests": 20154000.0,
        "Net Income Continuous Operations": 20154000.0,
        "Tax Provision": 4858000.0,
        "Pretax Income": 25012000.0,
        "Other Income Expense": -2376000.0,
        "Other Non Operating Income Expenses": 194000.0,
        "Special Income Charges": 674000.0,
        "Gain On Sale Of Ppe": 674000.0,
        "Gain On Sale Of Business": NaN,
        "Impairment Of Capital Assets": NaN,
        "Restructuring And Mergern Acquisition": 0.0,
        "Gain On Sale Of Security": -3244000.0,
        "Net Non Operating Interest Income Expense": 12778000.0,
        "Total Other Finance Cost": -12778000.0,
        "Interest Income Non Operating": NaN,
        "Operating Income": 14610000.0,
        "Operating Expense": 81576000.0,
        "Research And Development": 27487000.0,
        "Selling General And Administration": 54089000.0,
        "Selling And Marketing Expense": 22487000.0,
        "General And Administrative Expense": 31602000.0,
        "Other Gand A": 31602000.0,
        "Gross Profit": 96186000.0,
        "Cost Of Revenue": 161459000.0,
        "Total Revenue": 257645000.0,
        "Operating Revenue": 257645000.0
    },
    "2024-09-30": {
        "Tax Effect Of Unusual Items": -8338505.0,
        "Tax Rate For Calcs": 0.037,
        "Normalized EBITDA": 212501000.0,
        "Total Unusual Items": -225365000.0,
        "Total Unusual Items Excluding Goodwill": -225365000.0,
        "Net Income From Continuing Operation Net Minority Interest": -233594000.0,
        "Reconciled Depreciation": 15117000.0,
        "Reconciled Cost Of Revenue": 179054000.0,
        "EBITDA": -12864000.0,
        "EBIT": -27981000.0,
        "Net Interest Income": 11103000.0,
        "Interest Income": 11103000.0,
        "Normalized Income": -16567505.0,
        "Net Income From Continuing And Discontinued Operation": -233594000.0,
        "Total Expenses": 261124000.0,
        "Total Operating Income As Reported": -253346000.0,
        "Diluted Average Shares": 43837357.0,
        "Basic Average Shares": 43837357.0,
        "Diluted EPS": -5.33,
        "Basic EPS": -5.33,
        "Diluted NI Availto Com Stockholders": -233594000.0,
        "Net Income Common Stockholders": -233594000.0,
        "Net Income": -233594000.0,
        "Minority Interests": NaN,
        "Net Income Including Noncontrolling Interests": -233594000.0,
        "Net Income Continuous Operations": -233594000.0,
        "Tax Provision": -8920000.0,
        "Pretax Income": -242514000.0,
        "Other Income Expense": -225636000.0,
        "Other Non Operating Income Expenses": -271000.0,
        "Special Income Charges": -224217000.0,
        "Gain On Sale Of Ppe": NaN,
        "Gain On Sale Of Business": -197651000.0,
        "Impairment Of Capital Assets": 26566000.0,
        "Restructuring And Mergern Acquisition": 0.0,
        "Gain On Sale Of Security": -1148000.0,
        "Net Non Operating Interest Income Expense": 11103000.0,
        "Total Other Finance Cost": NaN,
        "Interest Income Non Operating": 11103000.0,
        "Operating Income": -27981000.0,
        "Operating Expense": 82070000.0,
        "Research And Development": 27177000.0,
        "Selling General And Administration": 54893000.0,
        "Selling And Marketing Expense": 22233000.0,
        "General And Administrative Expense": 32660000.0,
        "Other Gand A": 32660000.0,
        "Gross Profit": 54089000.0,
        "Cost Of Revenue": 179054000.0,
        "Total Revenue": 233143000.0,
        "Operating Revenue": 233143000.0
    },
    "2024-12-31": {
        "Tax Effect Of Unusual Items": 21630.0,
        "Tax Rate For Calcs": 0.21,
        "Normalized EBITDA": 28566000.0,
        "Total Unusual Items": 103000.0,
        "Total Unusual Items Excluding Goodwill": 103000.0,
        "Net Income From Continuing Operation Net Minority Interest": 7815000.0,
        "Reconciled Depreciation": 14820000.0,
        "Reconciled Cost Of Revenue": 143993000.0,
        "EBITDA": 28669000.0,
        "EBIT": 13849000.0,
        "Net Interest Income": 7409000.0,
        "Interest Income": NaN,
        "Normalized Income": 7733630.0,
        "Net Income From Continuing And Discontinued Operation": 7815000.0,
        "Total Expenses": 220488000.0,
        "Total Operating Income As Reported": 13952000.0,
        "Diluted Average Shares": 42781000.0,
        "Basic Average Shares": 42652000.0,
        "Diluted EPS": 0.18,
        "Basic EPS": 0.18,
        "Diluted NI Availto Com Stockholders": 7815000.0,
        "Net Income Common Stockholders": 7815000.0,
        "Net Income": 7815000.0,
        "Minority Interests": NaN,
        "Net Income Including Noncontrolling Interests": 7815000.0,
        "Net Income Continuous Operations": 7815000.0,
        "Tax Provision": 14197000.0,
        "Pretax Income": 22012000.0,
        "Other Income Expense": 754000.0,
        "Other Non Operating Income Expenses": 651000.0,
        "Special Income Charges": -440000.0,
        "Gain On Sale Of Ppe": NaN,
        "Gain On Sale Of Business": 0.0,
        "Impairment Of Capital Assets": 440000.0,
        "Restructuring And Mergern Acquisition": 0.0,
        "Gain On Sale Of Security": 543000.0,
        "Net Non Operating Interest Income Expense": 7409000.0,
        "Total Other Finance Cost": NaN,
        "Interest Income Non Operating": NaN,
        "Operating Income": 13849000.0,
        "Operating Expense": 76495000.0,
        "Research And Development": 25738000.0,
        "Selling General And Administration": 50757000.0,
        "Selling And Marketing Expense": 21864000.0,
        "General And Administrative Expense": 28893000.0,
        "Other Gand A": 28893000.0,
        "Gross Profit": 90344000.0,
        "Cost Of Revenue": 143993000.0,
        "Total Revenue": 234337000.0,
        "Operating Revenue": 234337000.0
    },
    "2025-03-31": {
        "Tax Effect Of Unusual Items": -964400.0,
        "Tax Rate For Calcs": 0.4,
        "Normalized EBITDA": 21990000.0,
        "Total Unusual Items": -2411000.0,
        "Total Unusual Items Excluding Goodwill": -2411000.0,
        "Net Income From Continuing Operation Net Minority Interest": 3758000.0,
        "Reconciled Depreciation": 15341000.0,
        "Reconciled Cost Of Revenue": 137981000.0,
        "EBITDA": 19579000.0,
        "EBIT": 4238000.0,
        "Net Interest Income": 7444000.0,
        "Interest Income": 7444000.0,
        "Normalized Income": 5204600.0,
        "Net Income From Continuing And Discontinued Operation": 3758000.0,
        "Total Expenses": 223555000.0,
        "Total Operating Income As Reported": 1827000.0,
        "Diluted Average Shares": 42831786.0,
        "Basic Average Shares": 42604799.0,
        "Diluted EPS": 0.09,
        "Basic EPS": 0.09,
        "Diluted NI Availto Com Stockholders": 3758000.0,
        "Net Income Common Stockholders": 3758000.0,
        "Net Income": 3758000.0,
        "Minority Interests": NaN,
        "Net Income Including Noncontrolling Interests": 3758000.0,
        "Net Income Continuous Operations": 3758000.0,
        "Tax Provision": 6857000.0,
        "Pretax Income": 10615000.0,
        "Other Income Expense": -1067000.0,
        "Other Non Operating Income Expenses": 1344000.0,
        "Special Income Charges": 0.0,
        "Gain On Sale Of Ppe": 0.0,
        "Gain On Sale Of Business": NaN,
        "Impairment Of Capital Assets": NaN,
        "Restructuring And Mergern Acquisition": NaN,
        "Gain On Sale Of Security": -2411000.0,
        "Net Non Operating Interest Income Expense": 7444000.0,
        "Total Other Finance Cost": NaN,
        "Interest Income Non Operating": 7444000.0,
        "Operating Income": 4238000.0,
        "Operating Expense": 85574000.0,
        "Research And Development": 28336000.0,
        "Selling General And Administration": 57238000.0,
        "Selling And Marketing Expense": 24430000.0,
        "General And Administrative Expense": 32808000.0,
        "Other Gand A": 32808000.0,
        "Gross Profit": 89812000.0,
        "Cost Of Revenue": 137981000.0,
        "Total Revenue": 227793000.0,
        "Operating Revenue": 227793000.0
    }
}