{
    "2023-03-31": {
        "Tax Effect Of Unusual Items": NaN,
        "Tax Rate For Calcs": NaN,
        "Normalized EBITDA": NaN,
        "Total Unusual Items": NaN,
        "Total Unusual Items Excluding Goodwill": NaN,
        "Net Income From Continuing Operation Net Minority Interest": NaN,
        "Reconciled Depreciation": NaN,
        "Reconciled Cost Of Revenue": NaN,
        "EBITDA": NaN,
        "EBIT": NaN,
        "Net Interest Income": NaN,
        "Interest Expense": -131000.0,
        "Interest Income": NaN,
        "Normalized Income": NaN,
        "Net Income From Continuing And Discontinued Operation": NaN,
        "Total Expenses": NaN,
        "Total Operating Income As Reported": NaN,
        "Diluted Average Shares": NaN,
        "Basic Average Shares": NaN,
        "Diluted EPS": NaN,
        "Basic EPS": NaN,
        "Diluted NI Availto Com Stockholders": NaN,
        "Net Income Common Stockholders": NaN,
        "Net Income": NaN,
        "Net Income Including Noncontrolling Interests": NaN,
        "Net Income Continuous Operations": NaN,
        "Tax Provision": NaN,
        "Pretax Income": NaN,
        "Other Income Expense": NaN,
        "Other Non Operating Income Expenses": NaN,
        "Special Income Charges": NaN,
        "Gain On Sale Of Ppe": NaN,
        "Impairment Of Capital Assets": NaN,
        "Earnings From Equity Interest": NaN,
        "Net Non Operating Interest Income Expense": NaN,
        "Total Other Finance Cost": 131000.0,
        "Interest Expense Non Operating": -131000.0,
        "Interest Income Non Operating": NaN,
        "Operating Income": NaN,
        "Operating Expense": NaN,
        "Other Operating Expenses": NaN,
        "Selling General And Administration": NaN,
        "Gross Profit": NaN,
        "Cost Of Revenue": NaN,
        "Total Revenue": NaN,
        "Operating Revenue": NaN
    },
    "2022-12-31": {
        "Tax Effect Of Unusual Items": NaN,
        "Tax Rate For Calcs": NaN,
        "Normalized EBITDA": NaN,
        "Total Unusual Items": NaN,
        "Total Unusual Items Excluding Goodwill": NaN,
        "Net Income From Continuing Operation Net Minority Interest": NaN,
        "Reconciled Depreciation": NaN,
        "Reconciled Cost Of Revenue": NaN,
        "EBITDA": NaN,
        "EBIT": NaN,
        "Net Interest Income": NaN,
        "Interest Expense": -217000.0,
        "Interest Income": NaN,
        "Normalized Income": NaN,
        "Net Income From Continuing And Discontinued Operation": NaN,
        "Total Expenses": NaN,
        "Total Operating Income As Reported": NaN,
        "Diluted Average Shares": NaN,
        "Basic Average Shares": NaN,
        "Diluted EPS": NaN,
        "Basic EPS": NaN,
        "Diluted NI Availto Com Stockholders": NaN,
        "Net Income Common Stockholders": NaN,
        "Net Income": NaN,
        "Net Income Including Noncontrolling Interests": NaN,
        "Net Income Continuous Operations": NaN,
        "Tax Provision": NaN,
        "Pretax Income": NaN,
        "Other Income Expense": NaN,
        "Other Non Operating Income Expenses": NaN,
        "Special Income Charges": NaN,
        "Gain On Sale Of Ppe": NaN,
        "Impairment Of Capital Assets": NaN,
        "Earnings From Equity Interest": NaN,
        "Net Non Operating Interest Income Expense": NaN,
        "Total Other Finance Cost": 233000.0,
        "Interest Expense Non Operating": -217000.0,
        "Interest Income Non Operating": NaN,
        "Operating Income": NaN,
        "Operating Expense": NaN,
        "Other Operating Expenses": NaN,
        "Selling General And Administration": NaN,
        "Gross Profit": NaN,
        "Cost Of Revenue": NaN,
        "Total Revenue": NaN,
        "Operating Revenue": NaN
    },
    "2022-09-30": {
        "Tax Effect Of Unusual Items": NaN,
        "Tax Rate For Calcs": NaN,
        "Normalized EBITDA": NaN,
        "Total Unusual Items": NaN,
        "Total Unusual Items Excluding Goodwill": NaN,
        "Net Income From Continuing Operation Net Minority Interest": NaN,
        "Reconciled Depreciation": NaN,
        "Reconciled Cost Of Revenue": NaN,
        "EBITDA": NaN,
        "EBIT": NaN,
        "Net Interest Income": NaN,
        "Interest Expense": NaN,
        "Interest Income": NaN,
        "Normalized Income": NaN,
        "Net Income From Continuing And Discontinued Operation": NaN,
        "Total Expenses": NaN,
        "Total Operating Income As Reported": NaN,
        "Diluted Average Shares": NaN,
        "Basic Average Shares": NaN,
        "Diluted EPS": NaN,
        "Basic EPS": NaN,
        "Diluted NI Availto Com Stockholders": NaN,
        "Net Income Common Stockholders": NaN,
        "Net Income": NaN,
        "Net Income Including Noncontrolling Interests": NaN,
        "Net Income Continuous Operations": NaN,
        "Tax Provision": NaN,
        "Pretax Income": NaN,
        "Other Income Expense": NaN,
        "Other Non Operating Income Expenses": NaN,
        "Special Income Charges": NaN,
        "Gain On Sale Of Ppe": NaN,
        "Impairment Of Capital Assets": 0.0,
        "Earnings From Equity Interest": NaN,
        "Net Non Operating Interest Income Expense": NaN,
        "Total Other Finance Cost": NaN,
        "Interest Expense Non Operating": NaN,
        "Interest Income Non Operating": NaN,
        "Operating Income": NaN,
        "Operating Expense": NaN,
        "Other Operating Expenses": NaN,
        "Selling General And Administration": NaN,
        "Gross Profit": NaN,
        "Cost Of Revenue": NaN,
        "Total Revenue": NaN,
        "Operating Revenue": NaN
    },
    "2022-06-30": {
        "Tax Effect Of Unusual Items": -270764.0,
        "Tax Rate For Calcs": 0.254,
        "Normalized EBITDA": 40933000.0,
        "Total Unusual Items": -1066000.0,
        "Total Unusual Items Excluding Goodwill": -1066000.0,
        "Net Income From Continuing Operation Net Minority Interest": 23708000.0,
        "Reconciled Depreciation": 8106000.0,
        "Reconciled Cost Of Revenue": 49929000.0,
        "EBITDA": 39867000.0,
        "EBIT": 31761000.0,
        "Net Interest Income": -9000.0,
        "Interest Expense": -36000.0,
        "Interest Income": 15000.0,
        "Normalized Income": 24503236.0,
        "Net Income From Continuing And Discontinued Operation": 23708000.0,
        "Total Expenses": 58879000.0,
        "Total Operating Income As Reported": 31795000.0,
        "Diluted Average Shares": 13620000.0,
        "Basic Average Shares": 13246000.0,
        "Diluted EPS": 1.74,
        "Basic EPS": 1.79,
        "Diluted NI Availto Com Stockholders": 23708000.0,
        "Net Income Common Stockholders": 23708000.0,
        "Net Income": 23708000.0,
        "Net Income Including Noncontrolling Interests": 23708000.0,
        "Net Income Continuous Operations": 23708000.0,
        "Tax Provision": 8089000.0,
        "Pretax Income": 31797000.0,
        "Other Income Expense": -1055000.0,
        "Other Non Operating Income Expenses": 11000.0,
        "Special Income Charges": -1066000.0,
        "Gain On Sale Of Ppe": -1066000.0,
        "Earnings From Equity Interest": NaN,
        "Net Non Operating Interest Income Expense": -9000.0,
        "Total Other Finance Cost": 60000.0,
        "Interest Expense Non Operating": -36000.0,
        "Interest Income Non Operating": 15000.0,
        "Operating Income": 32861000.0,
        "Operating Expense": 8950000.0,
        "Other Operating Expenses": 1732000.0,
        "Selling General And Administration": 7218000.0,
        "Gross Profit": 41811000.0,
        "Cost Of Revenue": 49929000.0,
        "Total Revenue": 91740000.0,
        "Operating Revenue": 91740000.0
    },
    "2023-06-30": {
        "Tax Effect Of Unusual Items": NaN,
        "Tax Rate For Calcs": NaN,
        "Normalized EBITDA": NaN,
        "Total Unusual Items": NaN,
        "Total Unusual Items Excluding Goodwill": NaN,
        "Net Income From Continuing Operation Net Minority Interest": NaN,
        "Reconciled Depreciation": NaN,
        "Reconciled Cost Of Revenue": NaN,
        "EBITDA": NaN,
        "EBIT": NaN,
        "Net Interest Income": NaN,
        "Interest Expense": -132000.0,
        "Interest Income": NaN,
        "Normalized Income": NaN,
        "Net Income From Continuing And Discontinued Operation": NaN,
        "Total Expenses": NaN,
        "Total Operating Income As Reported": NaN,
        "Diluted Average Shares": NaN,
        "Basic Average Shares": NaN,
        "Diluted EPS": NaN,
        "Basic EPS": NaN,
        "Diluted NI Availto Com Stockholders": NaN,
        "Net Income Common Stockholders": NaN,
        "Net Income": NaN,
        "Net Income Including Noncontrolling Interests": NaN,
        "Net Income Continuous Operations": NaN,
        "Tax Provision": NaN,
        "Pretax Income": NaN,
        "Other Income Expense": NaN,
        "Other Non Operating Income Expenses": NaN,
        "Special Income Charges": NaN,
        "Gain On Sale Of Ppe": NaN,
        "Impairment Of Capital Assets": NaN,
        "Earnings From Equity Interest": NaN,
        "Net Non Operating Interest Income Expense": NaN,
        "Total Other Finance Cost": 132000.0,
        "Interest Expense Non Operating": -132000.0,
        "Interest Income Non Operating": NaN,
        "Operating Income": NaN,
        "Operating Expense": NaN,
        "Other Operating Expenses": NaN,
        "Selling General And Administration": NaN,
        "Gross Profit": NaN,
        "Cost Of Revenue": NaN,
        "Total Revenue": NaN,
        "Operating Revenue": NaN
    },
    "2022-03-31": {
        "Diluted EPS": 2.31,
        "Total Revenue": 104,
        "Gross Profit": 47,
        "Operating Income": 40,
        "EBIT": 49,
        "Net Income": 31
    },
    "2021-12-31": {
        "Diluted EPS": 16.72,
        "Total Revenue": 72,
        "Gross Profit": 22,
        "Operating Income": 15,
        "EBIT": 24,
        "Net Income": 224
    },
    "2021-09-30": {
        "Diluted EPS": 0.3,
        "Total Revenue": 59,
        "Gross Profit": 11,
        "Operating Income": 4,
        "EBIT": 13,
        "Net Income": 4
    },
    "2021-06-30": {
        "Diluted EPS": 1.46,
        "Total Revenue": 68,
        "Gross Profit": 14,
        "Operating Income": 10,
        "EBIT": 19,
        "Net Income": 19
    },
    "2021-03-31": {
        "Diluted EPS": 0.18,
        "Total Revenue": 71,
        "Gross Profit": 9,
        "Operating Income": 3,
        "EBIT": 12,
        "Net Income": 2
    },
    "2020-12-31": {
        "Diluted EPS": -0.06,
        "Total Revenue": 48,
        "Gross Profit": 6,
        "Operating Income": -1,
        "EBIT": 9,
        "Net Income": -1
    },
    "2020-09-30": {
        "Diluted EPS": -0.78,
        "Total Revenue": 38,
        "Gross Profit": 0,
        "Operating Income": -8,
        "EBIT": 1,
        "Net Income": -10
    },
    "2020-06-30": {
        "Diluted EPS": -0.68,
        "Total Revenue": 46,
        "Gross Profit": -1,
        "Operating Income": -8,
        "EBIT": 0,
        "Net Income": -9
    },
    "2020-03-31": {
        "Diluted EPS": -0.57,
        "Total Revenue": 64,
        "Gross Profit": 6,
        "Operating Income": -7,
        "EBIT": 3,
        "Net Income": -7
    },
    "2019-12-31": {
        "Diluted EPS": 0.16,
        "Total Revenue": 49,
        "Gross Profit": 10,
        "Operating Income": 3,
        "EBIT": 12,
        "Net Income": 2
    },
    "2019-09-30": {
        "Diluted EPS": -0.02,
        "Total Revenue": 51,
        "Gross Profit": 7,
        "Operating Income": 1,
        "EBIT": 9,
        "Net Income": 0
    },
    "2019-06-30": {
        "Diluted EPS": 0.4,
        "Total Revenue": 63,
        "Gross Profit": 13,
        "Operating Income": 6,
        "EBIT": 15,
        "Net Income": 6
    },
    "2019-03-31": {
        "Diluted EPS": 0.5,
        "Total Revenue": 58,
        "Gross Profit": 13,
        "Operating Income": 6,
        "EBIT": 15,
        "Net Income": 6
    },
    "2018-12-31": {
        "Diluted EPS": 0.6,
        "Total Revenue": 54,
        "Gross Profit": 15,
        "Operating Income": 9,
        "EBIT": 17,
        "Net Income": 8
    },
    "2018-09-30": {
        "Diluted EPS": 0.3,
        "Total Revenue": 41,
        "Gross Profit": 9,
        "Operating Income": 4,
        "EBIT": 12,
        "Net Income": 3
    },
    "2018-06-30": {
        "Diluted EPS": -0.1,
        "Total Revenue": 55,
        "Gross Profit": 7,
        "Operating Income": 0,
        "EBIT": 8,
        "Net Income": -1
    },
    "2018-03-31": {
        "Diluted EPS": 0.1,
        "Total Revenue": 57,
        "Gross Profit": 7,
        "Operating Income": 3,
        "EBIT": 11,
        "Net Income": 2
    },
    "2017-12-31": {
        "Diluted EPS": 0.4,
        "Total Revenue": 50,
        "Gross Profit": 4,
        "Operating Income": -3,
        "EBIT": 5,
        "Net Income": -1
    },
    "2017-09-30": {
        "Diluted EPS": -0.2,
        "Total Revenue": 34,
        "Gross Profit": 6,
        "Operating Income": 0,
        "EBIT": 8,
        "Net Income": -2
    },
    "2017-06-30": {
        "Diluted EPS": -0.5,
        "Total Revenue": 45,
        "Gross Profit": 5,
        "Operating Income": -2,
        "EBIT": 7,
        "Net Income": -6
    },
    "2017-03-31": {
        "Diluted EPS": -1.7,
        "Total Revenue": 49,
        "Gross Profit": -3,
        "Operating Income": -10,
        "EBIT": 0,
        "Net Income": -14
    },
    "2016-12-31": {
        "Diluted EPS": -1.9,
        "Total Revenue": 43,
        "Gross Profit": -5,
        "Operating Income": -14,
        "EBIT": -6,
        "Net Income": -14
    },
    "2016-09-30": {
        "Diluted EPS": -2.4,
        "Total Revenue": 44,
        "Gross Profit": -8,
        "Operating Income": -15,
        "EBIT": -5,
        "Net Income": -18
    },
    "2016-06-30": {
        "Diluted EPS": -1.8,
        "Total Revenue": 52,
        "Gross Profit": -5,
        "Operating Income": -11,
        "EBIT": 0,
        "Net Income": -13
    },
    "2016-03-31": {
        "Diluted EPS": -2.4,
        "Total Revenue": 73,
        "Gross Profit": -9,
        "Operating Income": -16,
        "EBIT": -1,
        "Net Income": -18
    },
    "2015-12-31": {
        "Diluted EPS": -68.5,
        "Total Revenue": 43,
        "Gross Profit": -28,
        "Operating Income": -362,
        "EBIT": -335,
        "Net Income": -518
    },
    "2015-09-30": {
        "Diluted EPS": -1.1,
        "Total Revenue": 54,
        "Gross Profit": -8,
        "Operating Income": -15,
        "EBIT": 6,
        "Net Income": -8
    },
    "2015-06-30": {
        "Diluted EPS": -0.7,
        "Total Revenue": 74,
        "Gross Profit": 3,
        "Operating Income": -4,
        "EBIT": 16,
        "Net Income": -5
    },
    "2015-03-31": {
        "Diluted EPS": 0.9,
        "Total Revenue": 117,
        "Gross Profit": 19,
        "Operating Income": 11,
        "EBIT": 32,
        "Net Income": 7
    },
    "2014-12-31": {
        "Diluted EPS": 0.8,
        "Total Revenue": 98,
        "Gross Profit": 15,
        "Operating Income": 9,
        "EBIT": 31,
        "Net Income": 6
    },
    "2014-09-30": {
        "Diluted EPS": -0.2,
        "Total Revenue": 102,
        "Gross Profit": 7,
        "Operating Income": 0,
        "EBIT": 20,
        "Net Income": -1
    },
    "2014-06-30": {
        "Diluted EPS": 0.7,
        "Total Revenue": 111,
        "Gross Profit": 16,
        "Operating Income": 9,
        "EBIT": 28,
        "Net Income": 6
    },
    "2014-03-31": {
        "Diluted EPS": 0.0,
        "Total Revenue": 99,
        "Gross Profit": 4,
        "Operating Income": -2,
        "EBIT": 18,
        "Net Income": 0
    },
    "2013-12-31": {
        "Diluted EPS": -0.8,
        "Total Revenue": 74,
        "Gross Profit": 3,
        "Operating Income": -5,
        "EBIT": 12,
        "Net Income": -6
    },
    "2013-09-30": {
        "Diluted EPS": 0.3,
        "Total Revenue": 71,
        "Gross Profit": 13,
        "Operating Income": 2,
        "EBIT": 17,
        "Net Income": 2
    },
    "2013-06-30": {
        "Diluted EPS": 1.5,
        "Total Revenue": 93,
        "Gross Profit": 28,
        "Operating Income": 20,
        "EBIT": 35,
        "Net Income": 11
    },
    "2013-03-31": {
        "Diluted EPS": 2.0,
        "Total Revenue": 99,
        "Gross Profit": 34,
        "Operating Income": 24,
        "EBIT": 38,
        "Net Income": 15
    },
    "2012-12-31": {
        "Diluted EPS": 2.0,
        "Total Revenue": 111,
        "Gross Profit": 37,
        "Operating Income": 28,
        "EBIT": 41,
        "Net Income": 15
    },
    "2012-09-30": {
        "Diluted EPS": 4.4,
        "Total Revenue": 129,
        "Gross Profit": 52,
        "Operating Income": 44,
        "EBIT": 56,
        "Net Income": 33
    },
    "2012-06-30": {
        "Diluted EPS": 2.5,
        "Total Revenue": 99,
        "Gross Profit": 40,
        "Operating Income": 31,
        "EBIT": 42,
        "Net Income": 19
    },
    "2012-03-31": {
        "Diluted EPS": 2.7,
        "Total Revenue": 112,
        "Gross Profit": 41,
        "Operating Income": 33,
        "EBIT": 44,
        "Net Income": 21
    },
    "2011-12-31": {
        "Diluted EPS": 3.2,
        "Total Revenue": 105,
        "Gross Profit": 43,
        "Operating Income": 35,
        "EBIT": 45,
        "Net Income": 25
    },
    "2011-09-30": {
        "Diluted EPS": 3.4,
        "Total Revenue": 114,
        "Gross Profit": 47,
        "Operating Income": 42,
        "EBIT": 51,
        "Net Income": 26
    },
    "2011-06-30": {
        "Diluted EPS": 4.1,
        "Total Revenue": 119,
        "Gross Profit": 55,
        "Operating Income": 51,
        "EBIT": 59,
        "Net Income": 31
    },
    "2011-03-31": {
        "Diluted EPS": 3.8,
        "Total Revenue": 105,
        "Gross Profit": 41,
        "Operating Income": 47,
        "EBIT": 55,
        "Net Income": 28
    },
    "2010-12-31": {
        "Diluted EPS": 2.3,
        "Total Revenue": 96,
        "Gross Profit": 38,
        "Operating Income": 29,
        "EBIT": 37,
        "Net Income": 18
    },
    "2010-09-30": {
        "Diluted EPS": 1.6,
        "Total Revenue": 91,
        "Gross Profit": 27,
        "Operating Income": 20,
        "EBIT": 27,
        "Net Income": 12
    },
    "2010-06-30": {
        "Diluted EPS": 0.5,
        "Total Revenue": 64,
        "Gross Profit": 15,
        "Operating Income": 6,
        "EBIT": 13,
        "Net Income": 4
    },
    "2010-03-31": {
        "Diluted EPS": 1.6,
        "Total Revenue": 107,
        "Gross Profit": 27,
        "Operating Income": 20,
        "EBIT": 26,
        "Net Income": 12
    },
    "2009-12-31": {
        "Diluted EPS": 0.9,
        "Total Revenue": 73,
        "Gross Profit": 17,
        "Operating Income": 9,
        "EBIT": 14,
        "Net Income": 7
    },
    "2009-09-30": {
        "Diluted EPS": 1.3,
        "Total Revenue": 66,
        "Gross Profit": 23,
        "Operating Income": 16,
        "EBIT": 21,
        "Net Income": 10
    },
    "2009-06-30": {
        "Diluted EPS": 1.9,
        "Total Revenue": 73,
        "Gross Profit": 35,
        "Operating Income": 27,
        "EBIT": 31,
        "Net Income": 14
    },
    "2009-03-31": {
        "Diluted EPS": 3.3,
        "Total Revenue": 89,
        "Gross Profit": 47,
        "Operating Income": 40,
        "EBIT": 44,
        "Net Income": 25
    },
    "2023-09-30": {
        "Tax Effect Of Unusual Items": -121800.0,
        "Tax Rate For Calcs": 0.21,
        "Normalized EBITDA": 2196000.0,
        "Total Unusual Items": -580000.0,
        "Total Unusual Items Excluding Goodwill": -580000.0,
        "Net Income From Continuing Operation Net Minority Interest": -7196000.0,
        "Reconciled Depreciation": 10202000.0,
        "Reconciled Cost Of Revenue": 53974000.0,
        "EBITDA": 1616000.0,
        "EBIT": -8586000.0,
        "Net Interest Income": 88000.0,
        "Interest Expense": -132000.0,
        "Interest Income": 88000.0,
        "Normalized Income": -6737800.0,
        "Net Income From Continuing And Discontinued Operation": -7196000.0,
        "Total Expenses": 63051000.0,
        "Total Operating Income As Reported": -9166000.0,
        "Diluted Average Shares": 12789000.0,
        "Basic Average Shares": 12789000.0,
        "Diluted EPS": -0.56,
        "Basic EPS": -0.56,
        "Diluted NI Availto Com Stockholders": -7196000.0,
        "Net Income Common Stockholders": -7196000.0,
        "Net Income": -7196000.0,
        "Net Income Including Noncontrolling Interests": -7196000.0,
        "Net Income Continuous Operations": -7196000.0,
        "Tax Provision": -1917000.0,
        "Pretax Income": -9113000.0,
        "Other Income Expense": -615000.0,
        "Other Non Operating Income Expenses": 19000.0,
        "Special Income Charges": -580000.0,
        "Gain On Sale Of Ppe": -59000.0,
        "Impairment Of Capital Assets": 521000.0,
        "Earnings From Equity Interest": -54000.0,
        "Net Non Operating Interest Income Expense": 88000.0,
        "Total Other Finance Cost": 132000.0,
        "Interest Expense Non Operating": -132000.0,
        "Interest Income Non Operating": 88000.0,
        "Operating Income": -8586000.0,
        "Operating Expense": 9077000.0,
        "Other Operating Expenses": 1392000.0,
        "Selling General And Administration": 7685000.0,
        "Gross Profit": 491000.0,
        "Cost Of Revenue": 53974000.0,
        "Total Revenue": 54465000.0,
        "Operating Revenue": 54465000.0
    },
    "2023-12-31": {
        "Tax Effect Of Unusual Items": -9363817.616145,
        "Tax Rate For Calcs": 0.216145,
        "Normalized EBITDA": 6474000.0,
        "Total Unusual Items": -43322000.0,
        "Total Unusual Items Excluding Goodwill": -43322000.0,
        "Net Income From Continuing Operation Net Minority Interest": -37288000.0,
        "Reconciled Depreciation": 10854000.0,
        "Reconciled Cost Of Revenue": 52042000.0,
        "EBITDA": -36848000.0,
        "EBIT": -47702000.0,
        "Net Interest Income": 49000.0,
        "Interest Expense": -132000.0,
        "Interest Income": 49000.0,
        "Normalized Income": -3329817.616145,
        "Net Income From Continuing And Discontinued Operation": -37288000.0,
        "Total Expenses": 60786000.0,
        "Total Operating Income As Reported": -47445000.0,
        "Diluted Average Shares": 12792650.0,
        "Basic Average Shares": 12792650.0,
        "Diluted EPS": -2.91,
        "Basic EPS": -2.91,
        "Diluted NI Availto Com Stockholders": -37288000.0,
        "Net Income Common Stockholders": -37288000.0,
        "Net Income": -37288000.0,
        "Net Income Including Noncontrolling Interests": -37288000.0,
        "Net Income Continuous Operations": -37288000.0,
        "Tax Provision": -10282000.0,
        "Pretax Income": -47570000.0,
        "Other Income Expense": -43496000.0,
        "Other Non Operating Income Expenses": 20000.0,
        "Special Income Charges": -43322000.0,
        "Gain On Sale Of Ppe": -555000.0,
        "Impairment Of Capital Assets": 42767000.0,
        "Earnings From Equity Interest": -194000.0,
        "Net Non Operating Interest Income Expense": 49000.0,
        "Total Other Finance Cost": 132000.0,
        "Interest Expense Non Operating": -132000.0,
        "Interest Income Non Operating": 49000.0,
        "Operating Income": -4123000.0,
        "Operating Expense": 8744000.0,
        "Other Operating Expenses": 812000.0,
        "Selling General And Administration": 7932000.0,
        "Gross Profit": 4621000.0,
        "Cost Of Revenue": 52042000.0,
        "Total Revenue": 56663000.0,
        "Operating Revenue": 62755000.0
    },
    "2024-03-31": {
        "Tax Effect Of Unusual Items": -322344.0,
        "Tax Rate For Calcs": 0.198,
        "Normalized EBITDA": 8334000.0,
        "Total Unusual Items": -1628000.0,
        "Total Unusual Items Excluding Goodwill": -1628000.0,
        "Net Income From Continuing Operation Net Minority Interest": -3130000.0,
        "Reconciled Depreciation": 9384000.0,
        "Reconciled Cost Of Revenue": 72853000.0,
        "EBITDA": 6706000.0,
        "EBIT": -2678000.0,
        "Net Interest Income": 244000.0,
        "Interest Expense": NaN,
        "Interest Income": 244000.0,
        "Normalized Income": -1824344.0,
        "Net Income From Continuing And Discontinued Operation": -3130000.0,
        "Total Expenses": 81965000.0,
        "Total Operating Income As Reported": -4306000.0,
        "Diluted Average Shares": 12817000.0,
        "Basic Average Shares": 12817000.0,
        "Diluted EPS": -0.24,
        "Basic EPS": -0.24,
        "Diluted NI Availto Com Stockholders": -3130000.0,
        "Net Income Common Stockholders": -3130000.0,
        "Net Income": -3130000.0,
        "Net Income Including Noncontrolling Interests": -3130000.0,
        "Net Income Continuous Operations": -3130000.0,
        "Tax Provision": -775000.0,
        "Pretax Income": -3905000.0,
        "Other Income Expense": -1471000.0,
        "Other Non Operating Income Expenses": 8000.0,
        "Special Income Charges": -1628000.0,
        "Gain On Sale Of Ppe": -251000.0,
        "Impairment Of Capital Assets": 1377000.0,
        "Earnings From Equity Interest": 149000.0,
        "Net Non Operating Interest Income Expense": 244000.0,
        "Total Other Finance Cost": NaN,
        "Interest Expense Non Operating": NaN,
        "Interest Income Non Operating": 244000.0,
        "Operating Income": -2678000.0,
        "Operating Expense": 9112000.0,
        "Other Operating Expenses": 755000.0,
        "Selling General And Administration": 8357000.0,
        "Gross Profit": 6434000.0,
        "Cost Of Revenue": 72853000.0,
        "Total Revenue": 79287000.0,
        "Operating Revenue": 79287000.0
    },
    "2024-06-30": {
        "Tax Effect Of Unusual Items": -286224.0,
        "Tax Rate For Calcs": 0.267,
        "Normalized EBITDA": 9194000.0,
        "Total Unusual Items": -1072000.0,
        "Total Unusual Items Excluding Goodwill": -1072000.0,
        "Net Income From Continuing Operation Net Minority Interest": -833000.0,
        "Reconciled Depreciation": 8678000.0,
        "Reconciled Cost Of Revenue": 54431000.0,
        "EBITDA": 8122000.0,
        "EBIT": -556000.0,
        "Net Interest Income": 547000.0,
        "Interest Expense": NaN,
        "Interest Income": 547000.0,
        "Normalized Income": -47224.0,
        "Net Income From Continuing And Discontinued Operation": -833000.0,
        "Total Expenses": 62611000.0,
        "Total Operating Income As Reported": -1628000.0,
        "Diluted Average Shares": 12886000.0,
        "Basic Average Shares": 12886000.0,
        "Diluted EPS": -0.06,
        "Basic EPS": -0.06,
        "Diluted NI Availto Com Stockholders": -833000.0,
        "Net Income Common Stockholders": -833000.0,
        "Net Income": -833000.0,
        "Net Income Including Noncontrolling Interests": -833000.0,
        "Net Income Continuous Operations": -833000.0,
        "Tax Provision": -304000.0,
        "Pretax Income": -1137000.0,
        "Other Income Expense": -1128000.0,
        "Other Non Operating Income Expenses": 60000.0,
        "Special Income Charges": -1072000.0,
        "Gain On Sale Of Ppe": -241000.0,
        "Impairment Of Capital Assets": 831000.0,
        "Earnings From Equity Interest": -116000.0,
        "Net Non Operating Interest Income Expense": 547000.0,
        "Total Other Finance Cost": NaN,
        "Interest Expense Non Operating": NaN,
        "Interest Income Non Operating": 547000.0,
        "Operating Income": -556000.0,
        "Operating Expense": 8180000.0,
        "Other Operating Expenses": 243000.0,
        "Selling General And Administration": 7937000.0,
        "Gross Profit": 7624000.0,
        "Cost Of Revenue": 54431000.0,
        "Total Revenue": 62055000.0,
        "Operating Revenue": 62055000.0
    },
    "2024-09-30": {
        "Tax Effect Of Unusual Items": -4032.0,
        "Tax Rate For Calcs": 0.004,
        "Normalized EBITDA": 8908000.0,
        "Total Unusual Items": -1008000.0,
        "Total Unusual Items Excluding Goodwill": -1008000.0,
        "Net Income From Continuing Operation Net Minority Interest": -1833000.0,
        "Reconciled Depreciation": 9115000.0,
        "Reconciled Cost Of Revenue": 49817000.0,
        "EBITDA": 7900000.0,
        "EBIT": -1215000.0,
        "Net Interest Income": 536000.0,
        "Interest Expense": NaN,
        "Interest Income": 536000.0,
        "Normalized Income": -829032.0,
        "Net Income From Continuing And Discontinued Operation": -1833000.0,
        "Total Expenses": 58764000.0,
        "Total Operating Income As Reported": -2223000.0,
        "Diluted Average Shares": 12908000.0,
        "Basic Average Shares": 12908000.0,
        "Diluted EPS": -0.14,
        "Basic EPS": -0.14,
        "Diluted NI Availto Com Stockholders": -1833000.0,
        "Net Income Common Stockholders": -1833000.0,
        "Net Income": -1833000.0,
        "Net Income Including Noncontrolling Interests": -1833000.0,
        "Net Income Continuous Operations": -1833000.0,
        "Tax Provision": -7000.0,
        "Pretax Income": -1840000.0,
        "Other Income Expense": -1161000.0,
        "Other Non Operating Income Expenses": 136000.0,
        "Special Income Charges": -1008000.0,
        "Gain On Sale Of Ppe": -134000.0,
        "Impairment Of Capital Assets": 874000.0,
        "Earnings From Equity Interest": -289000.0,
        "Net Non Operating Interest Income Expense": 536000.0,
        "Total Other Finance Cost": NaN,
        "Interest Expense Non Operating": NaN,
        "Interest Income Non Operating": 536000.0,
        "Operating Income": -1215000.0,
        "Operating Expense": 8947000.0,
        "Other Operating Expenses": -207000.0,
        "Selling General And Administration": 9154000.0,
        "Gross Profit": 7732000.0,
        "Cost Of Revenue": 49817000.0,
        "Total Revenue": 57549000.0,
        "Operating Revenue": 57549000.0
    }
}