{
    "2023-03-31": {
        "Tax Effect Of Unusual Items": 0.0,
        "Tax Rate For Calcs": 0.277665,
        "Normalized EBITDA": -1683180.0,
        "Total Unusual Items": 0.0,
        "Total Unusual Items Excluding Goodwill": 0.0,
        "Net Income From Continuing Operation Net Minority Interest": -1530534.0,
        "Reconciled Depreciation": 201550.0,
        "Reconciled Cost Of Revenue": 12433898.0,
        "EBITDA": -1683180.0,
        "EBIT": -1884730.0,
        "Net Interest Income": -238623.0,
        "Interest Expense": 238623.0,
        "Normalized Income": -1530534.0,
        "Net Income From Continuing And Discontinued Operation": -1530534.0,
        "Total Expenses": 22036817.0,
        "Total Operating Income As Reported": -1811198.0,
        "Diluted Average Shares": 29730914.0,
        "Basic Average Shares": 29730914.0,
        "Diluted EPS": -0.05,
        "Basic EPS": -0.05,
        "Diluted NI Availto Com Stockholders": -1530534.0,
        "Net Income Common Stockholders": -1530534.0,
        "Net Income": -1530534.0,
        "Minority Interests": 3238.0,
        "Net Income Including Noncontrolling Interests": -1533772.0,
        "Net Income Continuous Operations": -1533772.0,
        "Tax Provision": -589581.0,
        "Pretax Income": -2123353.0,
        "Other Income Expense": -73532.0,
        "Other Non Operating Income Expenses": -72235.0,
        "Special Income Charges": 0.0,
        "Impairment Of Capital Assets": 0.0,
        "Earnings From Equity Interest": -1297.0,
        "Net Non Operating Interest Income Expense": -238623.0,
        "Interest Expense Non Operating": 238623.0,
        "Operating Income": -1811198.0,
        "Operating Expense": 9602919.0,
        "Selling General And Administration": 9602919.0,
        "Selling And Marketing Expense": 6537124.0,
        "General And Administrative Expense": 3065795.0,
        "Other Gand A": 3065795.0,
        "Gross Profit": 7791721.0,
        "Cost Of Revenue": 12433898.0,
        "Total Revenue": 20225619.0,
        "Operating Revenue": 20225619.0
    },
    "2022-12-31": {
        "Tax Effect Of Unusual Items": 0.0,
        "Tax Rate For Calcs": 0.2414,
        "Normalized EBITDA": -3825670.0,
        "Total Unusual Items": 0.0,
        "Total Unusual Items Excluding Goodwill": 0.0,
        "Net Income From Continuing Operation Net Minority Interest": -3290439.0,
        "Reconciled Depreciation": 201234.0,
        "Reconciled Cost Of Revenue": 11285064.0,
        "EBITDA": -3825670.0,
        "EBIT": -4026904.0,
        "Net Interest Income": -314119.0,
        "Interest Expense": 314119.0,
        "Normalized Income": -3290439.0,
        "Net Income From Continuing And Discontinued Operation": -3290439.0,
        "Total Expenses": 23337156.0,
        "Total Operating Income As Reported": -4082566.0,
        "Diluted Average Shares": 29742620.0,
        "Basic Average Shares": 29742620.0,
        "Diluted EPS": -0.11,
        "Basic EPS": -0.11,
        "Diluted NI Availto Com Stockholders": -3290439.0,
        "Net Income Common Stockholders": -3290439.0,
        "Net Income": -3290439.0,
        "Minority Interests": 2835.0,
        "Net Income Including Noncontrolling Interests": -3293274.0,
        "Net Income Continuous Operations": -3293274.0,
        "Tax Provision": -1047749.0,
        "Pretax Income": -4341023.0,
        "Other Income Expense": 55662.0,
        "Other Non Operating Income Expenses": 59600.0,
        "Special Income Charges": 0.0,
        "Impairment Of Capital Assets": 0.0,
        "Earnings From Equity Interest": -3938.0,
        "Net Non Operating Interest Income Expense": -314119.0,
        "Interest Expense Non Operating": 314119.0,
        "Operating Income": -4082566.0,
        "Operating Expense": 12052092.0,
        "Selling General And Administration": 12052092.0,
        "Selling And Marketing Expense": 9338737.0,
        "General And Administrative Expense": 2713355.0,
        "Other Gand A": 2713355.0,
        "Gross Profit": 7969526.0,
        "Cost Of Revenue": 11285064.0,
        "Total Revenue": 19254590.0,
        "Operating Revenue": 19254590.0
    },
    "2022-09-30": {
        "Tax Effect Of Unusual Items": -295905.2878,
        "Tax Rate For Calcs": 0.0967,
        "Normalized EBITDA": -1132968.0,
        "Total Unusual Items": -3060034.0,
        "Total Unusual Items Excluding Goodwill": -3060034.0,
        "Net Income From Continuing Operation Net Minority Interest": -4182376.0,
        "Reconciled Depreciation": 191934.0,
        "Reconciled Cost Of Revenue": 16036957.0,
        "EBITDA": -4193002.0,
        "EBIT": -4384936.0,
        "Net Interest Income": -248041.0,
        "Interest Expense": 248041.0,
        "Normalized Income": -1418247.2878,
        "Net Income From Continuing And Discontinued Operation": -4182376.0,
        "Total Expenses": 27555945.0,
        "Total Operating Income As Reported": -4593306.0,
        "Diluted Average Shares": 29665716.0,
        "Basic Average Shares": 29665716.0,
        "Diluted EPS": -0.14,
        "Basic EPS": -0.14,
        "Diluted NI Availto Com Stockholders": -4182376.0,
        "Net Income Common Stockholders": -4182376.0,
        "Net Income": -4182376.0,
        "Minority Interests": 2805.0,
        "Net Income Including Noncontrolling Interests": -4185181.0,
        "Net Income Continuous Operations": -4185181.0,
        "Tax Provision": -447796.0,
        "Pretax Income": -4632977.0,
        "Other Income Expense": -2851664.0,
        "Other Non Operating Income Expenses": 211760.0,
        "Special Income Charges": -3060034.0,
        "Impairment Of Capital Assets": 3060034.0,
        "Earnings From Equity Interest": -3390.0,
        "Net Non Operating Interest Income Expense": -248041.0,
        "Interest Expense Non Operating": 248041.0,
        "Operating Income": -1533272.0,
        "Operating Expense": 11518988.0,
        "Selling General And Administration": 11518988.0,
        "Selling And Marketing Expense": 8418812.0,
        "General And Administrative Expense": 3100176.0,
        "Other Gand A": 3100176.0,
        "Gross Profit": 9985716.0,
        "Cost Of Revenue": 16036957.0,
        "Total Revenue": 26022673.0,
        "Operating Revenue": 26022673.0
    },
    "2022-06-30": {
        "Tax Effect Of Unusual Items": 552.485018,
        "Tax Rate For Calcs": 0.097389,
        "Normalized EBITDA": -1496225.0,
        "Total Unusual Items": 5673.0,
        "Total Unusual Items Excluding Goodwill": 5673.0,
        "Net Income From Continuing Operation Net Minority Interest": -1349271.0,
        "Reconciled Depreciation": 182599.0,
        "Reconciled Cost Of Revenue": 12998903.0,
        "EBITDA": -1490552.0,
        "EBIT": -1490552.0,
        "Net Interest Income": -231017.0,
        "Interest Expense": NaN,
        "Normalized Income": -1354391.514982,
        "Net Income From Continuing And Discontinued Operation": -1349271.0,
        "Total Expenses": 23608383.0,
        "Total Operating Income As Reported": -1490552.0,
        "Diluted Average Shares": 30127946.0,
        "Basic Average Shares": 30127946.0,
        "Diluted EPS": -0.05,
        "Basic EPS": -0.05,
        "Diluted NI Availto Com Stockholders": -1349271.0,
        "Net Income Common Stockholders": -1349271.0,
        "Net Income": -1349271.0,
        "Minority Interests": 9162.0,
        "Net Income Including Noncontrolling Interests": -1358433.0,
        "Net Income Continuous Operations": -1358433.0,
        "Tax Provision": -146570.0,
        "Pretax Income": -1505003.0,
        "Other Income Expense": 216566.0,
        "Other Non Operating Income Expenses": 210893.0,
        "Special Income Charges": 0.0,
        "Impairment Of Capital Assets": NaN,
        "Earnings From Equity Interest": 5673.0,
        "Gain On Sale Of Security": 5673.0,
        "Net Non Operating Interest Income Expense": -231017.0,
        "Total Other Finance Cost": 231017.0,
        "Interest Expense Non Operating": NaN,
        "Operating Income": -1490552.0,
        "Operating Expense": 10609480.0,
        "Selling General And Administration": 10609480.0,
        "Selling And Marketing Expense": 6842363.0,
        "General And Administrative Expense": 3767117.0,
        "Other Gand A": 3767117.0,
        "Gross Profit": 9118928.0,
        "Cost Of Revenue": 12998903.0,
        "Total Revenue": 22117831.0,
        "Operating Revenue": 22117831.0
    },
    "2022-03-31": {
        "Diluted EPS": 0.04,
        "Total Revenue": 23,
        "Gross Profit": 9,
        "Operating Income": 1,
        "EBIT": 2,
        "Net Income": 1
    },
    "2021-12-31": {
        "Diluted EPS": 0.03,
        "Total Revenue": 17,
        "Gross Profit": 8,
        "Operating Income": 1,
        "EBIT": 1,
        "Net Income": 1
    },
    "2021-09-30": {
        "Diluted EPS": 0.03,
        "Total Revenue": 17,
        "Gross Profit": 7,
        "Operating Income": 1,
        "EBIT": 1,
        "Net Income": 1
    },
    "2021-06-30": {
        "Diluted EPS": -0.1,
        "Total Revenue": 15,
        "Gross Profit": 7,
        "Operating Income": 0,
        "EBIT": 1,
        "Net Income": -2
    },
    "2021-03-31": {
        "Diluted EPS": -0.01,
        "Total Revenue": 13,
        "Gross Profit": 6,
        "Operating Income": 1,
        "EBIT": 1,
        "Net Income": 0
    },
    "2020-12-31": {
        "Diluted EPS": 0.03,
        "Total Revenue": 11,
        "Gross Profit": 5,
        "Operating Income": 1,
        "EBIT": 1,
        "Net Income": 1
    },
    "2020-09-30": {
        "Diluted EPS": 0.04,
        "Total Revenue": 15,
        "Gross Profit": 6,
        "Operating Income": 1,
        "EBIT": 1,
        "Net Income": 1
    },
    "2020-06-30": {
        "Diluted EPS": 0.0,
        "Total Revenue": NaN,
        "Gross Profit": NaN,
        "Operating Income": NaN,
        "EBIT": NaN,
        "Net Income": NaN
    },
    "2020-03-31": {
        "Diluted EPS": 0.01,
        "Total Revenue": 10,
        "Gross Profit": 3,
        "Operating Income": 0,
        "EBIT": 0,
        "Net Income": 0
    },
    "2019-06-30": {
        "Diluted EPS": 0.0,
        "Total Revenue": NaN,
        "Gross Profit": NaN,
        "Operating Income": NaN,
        "EBIT": NaN,
        "Net Income": NaN
    },
    "2023-06-30": {
        "Tax Effect Of Unusual Items": NaN,
        "Tax Rate For Calcs": NaN,
        "Normalized EBITDA": NaN,
        "Total Unusual Items": 0.0,
        "Total Unusual Items Excluding Goodwill": 0.0,
        "Net Income From Continuing Operation Net Minority Interest": NaN,
        "Reconciled Depreciation": NaN,
        "Reconciled Cost Of Revenue": NaN,
        "EBITDA": NaN,
        "EBIT": NaN,
        "Net Interest Income": NaN,
        "Interest Expense": NaN,
        "Normalized Income": NaN,
        "Net Income From Continuing And Discontinued Operation": NaN,
        "Total Expenses": NaN,
        "Total Operating Income As Reported": NaN,
        "Diluted Average Shares": NaN,
        "Basic Average Shares": NaN,
        "Diluted EPS": NaN,
        "Basic EPS": NaN,
        "Diluted NI Availto Com Stockholders": NaN,
        "Net Income Common Stockholders": NaN,
        "Net Income": NaN,
        "Minority Interests": NaN,
        "Net Income Including Noncontrolling Interests": NaN,
        "Net Income Continuous Operations": NaN,
        "Tax Provision": NaN,
        "Pretax Income": NaN,
        "Other Income Expense": NaN,
        "Other Non Operating Income Expenses": NaN,
        "Special Income Charges": 0.0,
        "Impairment Of Capital Assets": 0.0,
        "Earnings From Equity Interest": NaN,
        "Net Non Operating Interest Income Expense": NaN,
        "Interest Expense Non Operating": NaN,
        "Operating Income": NaN,
        "Operating Expense": NaN,
        "Selling General And Administration": NaN,
        "Selling And Marketing Expense": NaN,
        "General And Administrative Expense": NaN,
        "Other Gand A": NaN,
        "Gross Profit": NaN,
        "Cost Of Revenue": NaN,
        "Total Revenue": NaN,
        "Operating Revenue": NaN
    },
    "2023-09-30": {
        "Tax Effect Of Unusual Items": NaN,
        "Tax Rate For Calcs": NaN,
        "Normalized EBITDA": NaN,
        "Total Unusual Items": 0.0,
        "Total Unusual Items Excluding Goodwill": 0.0,
        "Net Income From Continuing Operation Net Minority Interest": NaN,
        "Reconciled Depreciation": NaN,
        "Reconciled Cost Of Revenue": NaN,
        "EBITDA": NaN,
        "EBIT": NaN,
        "Net Interest Income": NaN,
        "Interest Expense": NaN,
        "Normalized Income": NaN,
        "Net Income From Continuing And Discontinued Operation": NaN,
        "Total Expenses": NaN,
        "Total Operating Income As Reported": NaN,
        "Diluted Average Shares": NaN,
        "Basic Average Shares": NaN,
        "Diluted EPS": NaN,
        "Basic EPS": NaN,
        "Diluted NI Availto Com Stockholders": NaN,
        "Net Income Common Stockholders": NaN,
        "Net Income": NaN,
        "Minority Interests": NaN,
        "Net Income Including Noncontrolling Interests": NaN,
        "Net Income Continuous Operations": NaN,
        "Tax Provision": NaN,
        "Pretax Income": NaN,
        "Other Income Expense": NaN,
        "Other Non Operating Income Expenses": NaN,
        "Special Income Charges": 0.0,
        "Impairment Of Capital Assets": 0.0,
        "Earnings From Equity Interest": NaN,
        "Net Non Operating Interest Income Expense": NaN,
        "Interest Expense Non Operating": NaN,
        "Operating Income": NaN,
        "Operating Expense": NaN,
        "Selling General And Administration": NaN,
        "Selling And Marketing Expense": NaN,
        "General And Administrative Expense": NaN,
        "Other Gand A": NaN,
        "Gross Profit": NaN,
        "Cost Of Revenue": NaN,
        "Total Revenue": NaN,
        "Operating Revenue": NaN
    },
    "2023-12-31": {
        "Tax Effect Of Unusual Items": NaN,
        "Tax Rate For Calcs": NaN,
        "Normalized EBITDA": NaN,
        "Total Unusual Items": 0.0,
        "Total Unusual Items Excluding Goodwill": 0.0,
        "Net Income From Continuing Operation Net Minority Interest": NaN,
        "Reconciled Depreciation": NaN,
        "Reconciled Cost Of Revenue": NaN,
        "EBITDA": NaN,
        "EBIT": NaN,
        "Net Interest Income": NaN,
        "Interest Expense": NaN,
        "Normalized Income": NaN,
        "Net Income From Continuing And Discontinued Operation": NaN,
        "Total Expenses": NaN,
        "Total Operating Income As Reported": NaN,
        "Diluted Average Shares": NaN,
        "Basic Average Shares": NaN,
        "Diluted EPS": NaN,
        "Basic EPS": NaN,
        "Diluted NI Availto Com Stockholders": NaN,
        "Net Income Common Stockholders": NaN,
        "Net Income": NaN,
        "Minority Interests": NaN,
        "Net Income Including Noncontrolling Interests": NaN,
        "Net Income Continuous Operations": NaN,
        "Tax Provision": NaN,
        "Pretax Income": NaN,
        "Other Income Expense": NaN,
        "Other Non Operating Income Expenses": NaN,
        "Special Income Charges": 0.0,
        "Impairment Of Capital Assets": 0.0,
        "Earnings From Equity Interest": NaN,
        "Net Non Operating Interest Income Expense": NaN,
        "Interest Expense Non Operating": NaN,
        "Operating Income": NaN,
        "Operating Expense": NaN,
        "Selling General And Administration": NaN,
        "Selling And Marketing Expense": NaN,
        "General And Administrative Expense": NaN,
        "Other Gand A": NaN,
        "Gross Profit": NaN,
        "Cost Of Revenue": NaN,
        "Total Revenue": NaN,
        "Operating Revenue": NaN
    },
    "2024-03-31": {
        "Tax Effect Of Unusual Items": NaN,
        "Tax Rate For Calcs": NaN,
        "Normalized EBITDA": NaN,
        "Total Unusual Items": 0.0,
        "Total Unusual Items Excluding Goodwill": 0.0,
        "Net Income From Continuing Operation Net Minority Interest": NaN,
        "Reconciled Depreciation": NaN,
        "Reconciled Cost Of Revenue": NaN,
        "EBITDA": NaN,
        "EBIT": NaN,
        "Net Interest Income": NaN,
        "Interest Expense": NaN,
        "Normalized Income": NaN,
        "Net Income From Continuing And Discontinued Operation": NaN,
        "Total Expenses": NaN,
        "Total Operating Income As Reported": NaN,
        "Diluted Average Shares": NaN,
        "Basic Average Shares": NaN,
        "Diluted EPS": NaN,
        "Basic EPS": NaN,
        "Diluted NI Availto Com Stockholders": NaN,
        "Net Income Common Stockholders": NaN,
        "Net Income": NaN,
        "Minority Interests": NaN,
        "Net Income Including Noncontrolling Interests": NaN,
        "Net Income Continuous Operations": NaN,
        "Tax Provision": NaN,
        "Pretax Income": NaN,
        "Other Income Expense": NaN,
        "Other Non Operating Income Expenses": NaN,
        "Special Income Charges": 0.0,
        "Gain On Sale Of Business": NaN,
        "Impairment Of Capital Assets": 0.0,
        "Earnings From Equity Interest": NaN,
        "Net Non Operating Interest Income Expense": NaN,
        "Interest Expense Non Operating": NaN,
        "Operating Income": NaN,
        "Operating Expense": NaN,
        "Selling General And Administration": NaN,
        "Selling And Marketing Expense": NaN,
        "General And Administrative Expense": NaN,
        "Other Gand A": NaN,
        "Gross Profit": NaN,
        "Cost Of Revenue": NaN,
        "Total Revenue": NaN,
        "Operating Revenue": NaN
    },
    "2024-06-30": {
        "Tax Effect Of Unusual Items": 0.0,
        "Tax Rate For Calcs": 0.3398,
        "Normalized EBITDA": 3096141.0,
        "Total Unusual Items": 0.0,
        "Total Unusual Items Excluding Goodwill": 0.0,
        "Net Income From Continuing Operation Net Minority Interest": 657102.0,
        "Reconciled Depreciation": 1910166.0,
        "Reconciled Cost Of Revenue": 10226651.0,
        "EBITDA": 3096141.0,
        "EBIT": 1185975.0,
        "Net Interest Income": -196249.0,
        "Interest Expense": 196249.0,
        "Normalized Income": 657102.0,
        "Net Income From Continuing And Discontinued Operation": 657102.0,
        "Total Expenses": 18197625.0,
        "Total Operating Income As Reported": 1256856.0,
        "Diluted Average Shares": 29943439.0,
        "Basic Average Shares": 29943439.0,
        "Diluted EPS": 0.02,
        "Basic EPS": 0.02,
        "Diluted NI Availto Com Stockholders": 657102.0,
        "Net Income Common Stockholders": 657102.0,
        "Net Income": 657102.0,
        "Minority Interests": 3685.0,
        "Net Income Including Noncontrolling Interests": 653417.0,
        "Net Income Continuous Operations": 653417.0,
        "Tax Provision": 336309.0,
        "Pretax Income": 989726.0,
        "Other Income Expense": -70881.0,
        "Other Non Operating Income Expenses": -67991.0,
        "Special Income Charges": 0.0,
        "Gain On Sale Of Business": NaN,
        "Impairment Of Capital Assets": 0.0,
        "Earnings From Equity Interest": -2890.0,
        "Net Non Operating Interest Income Expense": -196249.0,
        "Interest Expense Non Operating": 196249.0,
        "Operating Income": 1256856.0,
        "Operating Expense": 7970974.0,
        "Selling General And Administration": 7970974.0,
        "Selling And Marketing Expense": 5068847.0,
        "General And Administrative Expense": 2902127.0,
        "Other Gand A": 2902127.0,
        "Gross Profit": 9227830.0,
        "Cost Of Revenue": 10226651.0,
        "Total Revenue": 19454481.0,
        "Operating Revenue": 19454481.0
    },
    "2024-09-30": {
        "Tax Effect Of Unusual Items": 0.0,
        "Tax Rate For Calcs": 0.238516,
        "Normalized EBITDA": -1809571.0,
        "Total Unusual Items": 0.0,
        "Total Unusual Items Excluding Goodwill": 0.0,
        "Net Income From Continuing Operation Net Minority Interest": -2029281.0,
        "Reconciled Depreciation": 719096.0,
        "Reconciled Cost Of Revenue": 10520624.0,
        "EBITDA": -1809571.0,
        "EBIT": -2528667.0,
        "Net Interest Income": -139962.0,
        "Interest Expense": 139962.0,
        "Normalized Income": -2029281.0,
        "Net Income From Continuing And Discontinued Operation": -2029281.0,
        "Total Expenses": 21754955.0,
        "Total Operating Income As Reported": -2746434.0,
        "Diluted Average Shares": 1048288.0,
        "Basic Average Shares": 1048288.0,
        "Diluted EPS": -1.93806,
        "Basic EPS": -1.93806,
        "Diluted NI Availto Com Stockholders": -2029281.0,
        "Net Income Common Stockholders": -2029281.0,
        "Net Income": -2029281.0,
        "Minority Interests": 2836.0,
        "Net Income Including Noncontrolling Interests": -2032117.0,
        "Net Income Continuous Operations": -2032117.0,
        "Tax Provision": -636512.0,
        "Pretax Income": -2668629.0,
        "Other Income Expense": 217767.0,
        "Other Non Operating Income Expenses": 218686.0,
        "Special Income Charges": 0.0,
        "Gain On Sale Of Business": 0.0,
        "Impairment Of Capital Assets": NaN,
        "Earnings From Equity Interest": -919.0,
        "Net Non Operating Interest Income Expense": -139962.0,
        "Interest Expense Non Operating": 139962.0,
        "Operating Income": -2746434.0,
        "Operating Expense": 11234331.0,
        "Selling General And Administration": 11234331.0,
        "Selling And Marketing Expense": 5914808.0,
        "General And Administrative Expense": 5319523.0,
        "Other Gand A": 5319523.0,
        "Gross Profit": 8487897.0,
        "Cost Of Revenue": 10520624.0,
        "Total Revenue": 19008521.0,
        "Operating Revenue": 19008521.0
    },
    "2024-12-31": {
        "Tax Effect Of Unusual Items": 0.0,
        "Tax Rate For Calcs": 0.3585,
        "Normalized EBITDA": 1083020.0,
        "Total Unusual Items": NaN,
        "Total Unusual Items Excluding Goodwill": NaN,
        "Net Income From Continuing Operation Net Minority Interest": 218819.0,
        "Reconciled Depreciation": 606173.0,
        "Reconciled Cost Of Revenue": 10682685.0,
        "EBITDA": 1083020.0,
        "EBIT": 476847.0,
        "Net Interest Income": -140672.0,
        "Interest Expense": 140672.0,
        "Normalized Income": 218819.0,
        "Net Income From Continuing And Discontinued Operation": 218819.0,
        "Total Expenses": 18388964.0,
        "Total Operating Income As Reported": 683607.0,
        "Diluted Average Shares": 31437517.0,
        "Basic Average Shares": 31437517.0,
        "Diluted EPS": 0.01,
        "Basic EPS": 0.01,
        "Diluted NI Availto Com Stockholders": 218819.0,
        "Net Income Common Stockholders": 218819.0,
        "Net Income": 218819.0,
        "Minority Interests": 3155.0,
        "Net Income Including Noncontrolling Interests": 215664.0,
        "Net Income Continuous Operations": 215664.0,
        "Tax Provision": 120511.0,
        "Pretax Income": 336175.0,
        "Other Income Expense": -206760.0,
        "Other Non Operating Income Expenses": -205958.0,
        "Special Income Charges": NaN,
        "Gain On Sale Of Business": NaN,
        "Impairment Of Capital Assets": NaN,
        "Earnings From Equity Interest": -802.0,
        "Net Non Operating Interest Income Expense": -140672.0,
        "Interest Expense Non Operating": 140672.0,
        "Operating Income": 683607.0,
        "Operating Expense": 7706279.0,
        "Selling General And Administration": 7706279.0,
        "Selling And Marketing Expense": 4628914.0,
        "General And Administrative Expense": 3077365.0,
        "Other Gand A": 3077365.0,
        "Gross Profit": 8389886.0,
        "Cost Of Revenue": 10682685.0,
        "Total Revenue": 19072571.0,
        "Operating Revenue": 19072571.0
    },
    "2025-03-31": {
        "Tax Effect Of Unusual Items": 0.0,
        "Tax Rate For Calcs": 0.21,
        "Normalized EBITDA": 435332.0,
        "Total Unusual Items": NaN,
        "Total Unusual Items Excluding Goodwill": NaN,
        "Net Income From Continuing Operation Net Minority Interest": -339599.0,
        "Reconciled Depreciation": 669720.0,
        "Reconciled Cost Of Revenue": 9392704.0,
        "EBITDA": 435332.0,
        "EBIT": -234388.0,
        "Net Interest Income": -81968.0,
        "Interest Expense": 81968.0,
        "Normalized Income": -339599.0,
        "Net Income From Continuing And Discontinued Operation": -339599.0,
        "Total Expenses": 16838681.0,
        "Total Operating Income As Reported": -269003.0,
        "Diluted Average Shares": 31455248.0,
        "Basic Average Shares": 31455248.0,
        "Diluted EPS": -0.01,
        "Basic EPS": -0.01,
        "Diluted NI Availto Com Stockholders": -339599.0,
        "Net Income Common Stockholders": -339599.0,
        "Net Income": -339599.0,
        "Minority Interests": 2774.0,
        "Net Income Including Noncontrolling Interests": -342373.0,
        "Net Income Continuous Operations": -342373.0,
        "Tax Provision": 26017.0,
        "Pretax Income": -316356.0,
        "Other Income Expense": 34615.0,
        "Other Non Operating Income Expenses": 35601.0,
        "Special Income Charges": NaN,
        "Gain On Sale Of Business": NaN,
        "Impairment Of Capital Assets": NaN,
        "Earnings From Equity Interest": -986.0,
        "Net Non Operating Interest Income Expense": -81968.0,
        "Interest Expense Non Operating": 81968.0,
        "Operating Income": -269003.0,
        "Operating Expense": 7445977.0,
        "Selling General And Administration": 7445977.0,
        "Selling And Marketing Expense": 5531751.0,
        "General And Administrative Expense": 1914226.0,
        "Other Gand A": 1914226.0,
        "Gross Profit": 7176974.0,
        "Cost Of Revenue": 9392704.0,
        "Total Revenue": 16569678.0,
        "Operating Revenue": 16569678.0
    },
    "2025-09-30": {
        "Tax Effect Of Unusual Items": -8321.04,
        "Tax Rate For Calcs": 0.21,
        "Normalized EBITDA": -385312.0,
        "Total Unusual Items": -39624.0,
        "Total Unusual Items Excluding Goodwill": -39624.0,
        "Net Income From Continuing Operation Net Minority Interest": -533648.0,
        "Reconciled Depreciation": 510577.0,
        "Reconciled Cost Of Revenue": 7210943.0,
        "EBITDA": -424936.0,
        "EBIT": -935513.0,
        "Net Interest Income": -61719.0,
        "Interest Expense": 61719.0,
        "Normalized Income": -502345.04,
        "Net Income From Continuing And Discontinued Operation": -533648.0,
        "Total Expenses": 13712646.0,
        "Total Operating Income As Reported": -1695179.0,
        "Diluted Average Shares": 1050645.0,
        "Basic Average Shares": 1050645.0,
        "Diluted EPS": -0.50949,
        "Basic EPS": -0.50949,
        "Diluted NI Availto Com Stockholders": -533648.0,
        "Net Income Common Stockholders": -533648.0,
        "Net Income": -533648.0,
        "Minority Interests": 0.0,
        "Net Income Including Noncontrolling Interests": -533648.0,
        "Net Income Continuous Operations": -533648.0,
        "Tax Provision": -463584.0,
        "Pretax Income": -997232.0,
        "Other Income Expense": 759666.0,
        "Other Non Operating Income Expenses": 799290.0,
        "Special Income Charges": -39624.0,
        "Gain On Sale Of Business": -39624.0,
        "Impairment Of Capital Assets": NaN,
        "Earnings From Equity Interest": 0.0,
        "Net Non Operating Interest Income Expense": -61719.0,
        "Interest Expense Non Operating": 61719.0,
        "Operating Income": -1695179.0,
        "Operating Expense": 6501703.0,
        "Selling General And Administration": 6501703.0,
        "Selling And Marketing Expense": 5180190.0,
        "General And Administrative Expense": 1321513.0,
        "Other Gand A": 1321513.0,
        "Gross Profit": 4806524.0,
        "Cost Of Revenue": 7210943.0,
        "Total Revenue": 12017467.0,
        "Operating Revenue": 12017467.0
    }
}