{
    "2023-03-31": {
        "Tax Effect Of Unusual Items": 0.0,
        "Tax Rate For Calcs": 0.21,
        "Normalized EBITDA": -1958000.0,
        "Net Income From Continuing Operation Net Minority Interest": -2090000.0,
        "Reconciled Depreciation": 386000.0,
        "Reconciled Cost Of Revenue": 7768000.0,
        "EBITDA": -1958000.0,
        "EBIT": -2344000.0,
        "Normalized Income": -2090000.0,
        "Net Income From Continuing And Discontinued Operation": -2090000.0,
        "Total Expenses": 16050000.0,
        "Total Operating Income As Reported": -2344000.0,
        "Diluted Average Shares": 16001000.0,
        "Basic Average Shares": 16001000.0,
        "Diluted EPS": -0.13,
        "Basic EPS": -0.13,
        "Diluted NI Availto Com Stockholders": -2090000.0,
        "Net Income Common Stockholders": -2090000.0,
        "Net Income": -2090000.0,
        "Net Income Including Noncontrolling Interests": -2090000.0,
        "Net Income Continuous Operations": -2090000.0,
        "Tax Provision": 12000.0,
        "Pretax Income": -2078000.0,
        "Other Income Expense": 266000.0,
        "Other Non Operating Income Expenses": 266000.0,
        "Operating Income": -2344000.0,
        "Operating Expense": 8282000.0,
        "Research And Development": 1749000.0,
        "Selling General And Administration": 6533000.0,
        "Selling And Marketing Expense": 4283000.0,
        "General And Administrative Expense": 2250000.0,
        "Other Gand A": 2250000.0,
        "Gross Profit": 5938000.0,
        "Cost Of Revenue": 7768000.0,
        "Total Revenue": 13706000.0,
        "Operating Revenue": 13706000.0
    },
    "2022-12-31": {
        "Tax Effect Of Unusual Items": 0.0,
        "Tax Rate For Calcs": 0.21,
        "Normalized EBITDA": -365000.0,
        "Net Income From Continuing Operation Net Minority Interest": -1148000.0,
        "Reconciled Depreciation": 1045000.0,
        "Reconciled Cost Of Revenue": 8531000.0,
        "EBITDA": -365000.0,
        "EBIT": -1410000.0,
        "Normalized Income": -1148000.0,
        "Net Income From Continuing And Discontinued Operation": -1148000.0,
        "Total Expenses": 16605000.0,
        "Total Operating Income As Reported": -1410000.0,
        "Diluted Average Shares": 15990000.0,
        "Basic Average Shares": 15990000.0,
        "Diluted EPS": -0.07,
        "Basic EPS": -0.07,
        "Diluted NI Availto Com Stockholders": -1148000.0,
        "Net Income Common Stockholders": -1148000.0,
        "Net Income": -1148000.0,
        "Net Income Including Noncontrolling Interests": -1148000.0,
        "Net Income Continuous Operations": -1148000.0,
        "Tax Provision": 14000.0,
        "Pretax Income": -1134000.0,
        "Other Income Expense": 276000.0,
        "Other Non Operating Income Expenses": 276000.0,
        "Operating Income": -1410000.0,
        "Operating Expense": 8074000.0,
        "Research And Development": 1450000.0,
        "Selling General And Administration": 6624000.0,
        "Selling And Marketing Expense": 4826000.0,
        "General And Administrative Expense": 1798000.0,
        "Other Gand A": 1798000.0,
        "Gross Profit": 6664000.0,
        "Cost Of Revenue": 8531000.0,
        "Total Revenue": 15195000.0,
        "Operating Revenue": 15195000.0
    },
    "2022-09-30": {
        "Tax Effect Of Unusual Items": 0.0,
        "Tax Rate For Calcs": 0.4,
        "Normalized EBITDA": -1584000.0,
        "Net Income From Continuing Operation Net Minority Interest": -1767000.0,
        "Reconciled Depreciation": 111000.0,
        "Reconciled Cost Of Revenue": 8175000.0,
        "EBITDA": -1584000.0,
        "EBIT": -1695000.0,
        "Normalized Income": -1767000.0,
        "Net Income From Continuing And Discontinued Operation": -1767000.0,
        "Total Expenses": 16330000.0,
        "Total Operating Income As Reported": -1695000.0,
        "Diluted Average Shares": 15986000.0,
        "Basic Average Shares": 15986000.0,
        "Diluted EPS": -0.11,
        "Basic EPS": -0.11,
        "Diluted NI Availto Com Stockholders": -1767000.0,
        "Net Income Common Stockholders": -1767000.0,
        "Net Income": -1767000.0,
        "Net Income Including Noncontrolling Interests": -1767000.0,
        "Net Income Continuous Operations": -1767000.0,
        "Tax Provision": 14000.0,
        "Pretax Income": -1753000.0,
        "Other Income Expense": -58000.0,
        "Other Non Operating Income Expenses": -58000.0,
        "Operating Income": -1695000.0,
        "Operating Expense": 8155000.0,
        "Research And Development": 1687000.0,
        "Selling General And Administration": 6468000.0,
        "Selling And Marketing Expense": 4445000.0,
        "General And Administrative Expense": 2023000.0,
        "Other Gand A": 2023000.0,
        "Gross Profit": 6460000.0,
        "Cost Of Revenue": 8175000.0,
        "Total Revenue": 14635000.0,
        "Operating Revenue": 14635000.0
    },
    "2022-06-30": {
        "Tax Effect Of Unusual Items": 0.0,
        "Tax Rate For Calcs": 0.4,
        "Normalized EBITDA": -2051000.0,
        "Net Income From Continuing Operation Net Minority Interest": -2241000.0,
        "Reconciled Depreciation": 109000.0,
        "Reconciled Cost Of Revenue": 7488000.0,
        "EBITDA": -2051000.0,
        "EBIT": -2160000.0,
        "Normalized Income": -2241000.0,
        "Net Income From Continuing And Discontinued Operation": -2241000.0,
        "Total Expenses": 15915000.0,
        "Total Operating Income As Reported": -2160000.0,
        "Diluted Average Shares": 15894000.0,
        "Basic Average Shares": 15894000.0,
        "Diluted EPS": -0.14,
        "Basic EPS": -0.14,
        "Diluted NI Availto Com Stockholders": -2241000.0,
        "Net Income Common Stockholders": -2241000.0,
        "Net Income": -2241000.0,
        "Net Income Including Noncontrolling Interests": -2241000.0,
        "Net Income Continuous Operations": -2241000.0,
        "Tax Provision": 17000.0,
        "Pretax Income": -2224000.0,
        "Other Income Expense": -64000.0,
        "Other Non Operating Income Expenses": -64000.0,
        "Operating Income": -2160000.0,
        "Operating Expense": 8427000.0,
        "Research And Development": 1922000.0,
        "Selling General And Administration": 6505000.0,
        "Selling And Marketing Expense": 4607000.0,
        "General And Administrative Expense": 1898000.0,
        "Other Gand A": 1898000.0,
        "Gross Profit": 6267000.0,
        "Cost Of Revenue": 7488000.0,
        "Total Revenue": 13755000.0,
        "Operating Revenue": 13755000.0
    },
    "2022-03-31": {
        "Diluted EPS": -0.15,
        "Total Revenue": 13,
        "Gross Profit": 6,
        "Operating Income": -2,
        "EBIT": -2,
        "Net Income": -2
    },
    "2021-12-31": {
        "Diluted EPS": -0.15,
        "Total Revenue": 15,
        "Gross Profit": 6,
        "Operating Income": -2,
        "EBIT": -2,
        "Net Income": -2
    },
    "2021-09-30": {
        "Diluted EPS": -0.14,
        "Total Revenue": 13,
        "Gross Profit": 6,
        "Operating Income": -2,
        "EBIT": -2,
        "Net Income": -2
    },
    "2021-06-30": {
        "Diluted EPS": 0.09,
        "Total Revenue": 13,
        "Gross Profit": 6,
        "Operating Income": -1,
        "EBIT": -1,
        "Net Income": 1
    },
    "2021-03-31": {
        "Diluted EPS": -0.14,
        "Total Revenue": 12,
        "Gross Profit": 5,
        "Operating Income": -2,
        "EBIT": -2,
        "Net Income": -2
    },
    "2020-12-31": {
        "Diluted EPS": -0.02,
        "Total Revenue": 12,
        "Gross Profit": 6,
        "Operating Income": 0,
        "EBIT": 0,
        "Net Income": 0
    },
    "2020-09-30": {
        "Diluted EPS": -0.12,
        "Total Revenue": 9,
        "Gross Profit": 4,
        "Operating Income": -2,
        "EBIT": -2,
        "Net Income": -2
    },
    "2020-06-30": {
        "Diluted EPS": -0.2,
        "Total Revenue": 6,
        "Gross Profit": 2,
        "Operating Income": -3,
        "EBIT": -3,
        "Net Income": -3
    },
    "2020-03-31": {
        "Diluted EPS": -0.12,
        "Total Revenue": 9,
        "Gross Profit": 4,
        "Operating Income": -2,
        "EBIT": -2,
        "Net Income": -2
    },
    "2019-12-31": {
        "Diluted EPS": -0.11,
        "Total Revenue": 12,
        "Gross Profit": 5,
        "Operating Income": -2,
        "EBIT": -1,
        "Net Income": -2
    },
    "2019-09-30": {
        "Diluted EPS": -0.13,
        "Total Revenue": 11,
        "Gross Profit": 4,
        "Operating Income": -2,
        "EBIT": -2,
        "Net Income": -2
    },
    "2019-06-30": {
        "Diluted EPS": -0.18,
        "Total Revenue": 10,
        "Gross Profit": 5,
        "Operating Income": -2,
        "EBIT": -2,
        "Net Income": -2
    },
    "2019-03-31": {
        "Diluted EPS": -0.22,
        "Total Revenue": 11,
        "Gross Profit": 4,
        "Operating Income": -3,
        "EBIT": -3,
        "Net Income": -3
    },
    "2018-12-31": {
        "Diluted EPS": -0.2,
        "Total Revenue": 11,
        "Gross Profit": 5,
        "Operating Income": -3,
        "EBIT": -3,
        "Net Income": -3
    },
    "2018-09-30": {
        "Diluted EPS": -0.26,
        "Total Revenue": 11,
        "Gross Profit": 5,
        "Operating Income": -3,
        "EBIT": -3,
        "Net Income": -3
    },
    "2018-06-30": {
        "Diluted EPS": -0.28,
        "Total Revenue": 10,
        "Gross Profit": 4,
        "Operating Income": -3,
        "EBIT": -3,
        "Net Income": -3
    },
    "2018-03-31": {
        "Diluted EPS": -0.31,
        "Total Revenue": 10,
        "Gross Profit": 4,
        "Operating Income": -4,
        "EBIT": -3,
        "Net Income": -4
    },
    "2017-12-31": {
        "Diluted EPS": -0.44,
        "Total Revenue": 10,
        "Gross Profit": 2,
        "Operating Income": -5,
        "EBIT": -5,
        "Net Income": -5
    },
    "2017-09-30": {
        "Diluted EPS": -0.27,
        "Total Revenue": 11,
        "Gross Profit": 4,
        "Operating Income": -3,
        "EBIT": -3,
        "Net Income": -3
    },
    "2017-06-30": {
        "Diluted EPS": -0.24,
        "Total Revenue": 10,
        "Gross Profit": 4,
        "Operating Income": -3,
        "EBIT": -3,
        "Net Income": -3
    },
    "2017-03-31": {
        "Diluted EPS": -0.16,
        "Total Revenue": 10,
        "Gross Profit": 4,
        "Operating Income": -2,
        "EBIT": -2,
        "Net Income": -2
    },
    "2016-12-31": {
        "Diluted EPS": -1.06,
        "Total Revenue": 13,
        "Gross Profit": 6,
        "Operating Income": -1,
        "EBIT": -1,
        "Net Income": -11
    },
    "2016-09-30": {
        "Diluted EPS": -0.07,
        "Total Revenue": 10,
        "Gross Profit": 4,
        "Operating Income": -1,
        "EBIT": -1,
        "Net Income": -1
    },
    "2016-06-30": {
        "Diluted EPS": -0.03,
        "Total Revenue": 12,
        "Gross Profit": 6,
        "Operating Income": 0,
        "EBIT": 0,
        "Net Income": 0
    },
    "2016-03-31": {
        "Diluted EPS": 0.01,
        "Total Revenue": 12,
        "Gross Profit": 5,
        "Operating Income": 0,
        "EBIT": 0,
        "Net Income": 0
    },
    "2015-12-31": {
        "Diluted EPS": 0.06,
        "Total Revenue": 12,
        "Gross Profit": 5,
        "Operating Income": 0,
        "EBIT": 1,
        "Net Income": 0
    },
    "2015-09-30": {
        "Diluted EPS": 0.04,
        "Total Revenue": 10,
        "Gross Profit": 5,
        "Operating Income": 0,
        "EBIT": 0,
        "Net Income": 0
    },
    "2015-06-30": {
        "Diluted EPS": -0.07,
        "Total Revenue": 9,
        "Gross Profit": 4,
        "Operating Income": -1,
        "EBIT": -1,
        "Net Income": -1
    },
    "2015-03-31": {
        "Diluted EPS": 0.02,
        "Total Revenue": 11,
        "Gross Profit": 5,
        "Operating Income": 0,
        "EBIT": 1,
        "Net Income": 0
    },
    "2014-12-31": {
        "Diluted EPS": 0.84,
        "Total Revenue": 12,
        "Gross Profit": 6,
        "Operating Income": 1,
        "EBIT": 1,
        "Net Income": 9
    },
    "2014-09-30": {
        "Diluted EPS": 0.05,
        "Total Revenue": 10,
        "Gross Profit": 5,
        "Operating Income": 1,
        "EBIT": 1,
        "Net Income": 0
    },
    "2014-06-30": {
        "Diluted EPS": 0.03,
        "Total Revenue": 11,
        "Gross Profit": 5,
        "Operating Income": 0,
        "EBIT": 0,
        "Net Income": 0
    },
    "2014-03-31": {
        "Diluted EPS": 0.05,
        "Total Revenue": 10,
        "Gross Profit": 5,
        "Operating Income": 1,
        "EBIT": 1,
        "Net Income": 0
    },
    "2013-12-31": {
        "Diluted EPS": 0.04,
        "Total Revenue": 11,
        "Gross Profit": 5,
        "Operating Income": 1,
        "EBIT": 1,
        "Net Income": 0
    },
    "2013-09-30": {
        "Diluted EPS": 0.05,
        "Total Revenue": 10,
        "Gross Profit": 5,
        "Operating Income": 1,
        "EBIT": 1,
        "Net Income": 1
    },
    "2013-06-30": {
        "Diluted EPS": 0.04,
        "Total Revenue": 9,
        "Gross Profit": 4,
        "Operating Income": 1,
        "EBIT": 1,
        "Net Income": 0
    },
    "2013-03-31": {
        "Diluted EPS": 0.09,
        "Total Revenue": 9,
        "Gross Profit": 4,
        "Operating Income": 1,
        "EBIT": 1,
        "Net Income": 1
    },
    "2012-12-31": {
        "Diluted EPS": 0.03,
        "Total Revenue": 9,
        "Gross Profit": 4,
        "Operating Income": 0,
        "EBIT": 0,
        "Net Income": 0
    },
    "2012-09-30": {
        "Diluted EPS": -0.08,
        "Total Revenue": 8,
        "Gross Profit": 4,
        "Operating Income": -1,
        "EBIT": 0,
        "Net Income": -1
    },
    "2012-06-30": {
        "Diluted EPS": 0.03,
        "Total Revenue": 8,
        "Gross Profit": 4,
        "Operating Income": 0,
        "EBIT": 0,
        "Net Income": 0
    },
    "2012-03-31": {
        "Diluted EPS": 0.18,
        "Total Revenue": 8,
        "Gross Profit": 4,
        "Operating Income": 0,
        "EBIT": 0,
        "Net Income": 2
    },
    "2011-12-31": {
        "Diluted EPS": 0.08,
        "Total Revenue": 9,
        "Gross Profit": 4,
        "Operating Income": 1,
        "EBIT": 1,
        "Net Income": 1
    },
    "2011-09-30": {
        "Diluted EPS": 0.03,
        "Total Revenue": 8,
        "Gross Profit": 4,
        "Operating Income": 0,
        "EBIT": 0,
        "Net Income": 0
    },
    "2011-06-30": {
        "Diluted EPS": 0.09,
        "Total Revenue": 8,
        "Gross Profit": 4,
        "Operating Income": 0,
        "EBIT": 0,
        "Net Income": 1
    },
    "2011-03-31": {
        "Diluted EPS": 0.06,
        "Total Revenue": 8,
        "Gross Profit": 4,
        "Operating Income": 0,
        "EBIT": 0,
        "Net Income": 1
    },
    "2010-12-31": {
        "Diluted EPS": 0.08,
        "Total Revenue": 1,
        "Gross Profit": 1,
        "Operating Income": 0,
        "EBIT": -1,
        "Net Income": 1
    },
    "2010-09-30": {
        "Diluted EPS": 0.09,
        "Total Revenue": 11,
        "Gross Profit": 5,
        "Operating Income": 1,
        "EBIT": 1,
        "Net Income": 1
    },
    "2010-06-30": {
        "Diluted EPS": 0.08,
        "Total Revenue": 10,
        "Gross Profit": 5,
        "Operating Income": 0,
        "EBIT": 0,
        "Net Income": 1
    },
    "2010-03-31": {
        "Diluted EPS": 0.05,
        "Total Revenue": 11,
        "Gross Profit": 5,
        "Operating Income": 1,
        "EBIT": 1,
        "Net Income": 0
    },
    "2009-12-31": {
        "Diluted EPS": 0.05,
        "Total Revenue": -1,
        "Gross Profit": 0,
        "Operating Income": -1,
        "EBIT": -1,
        "Net Income": 1
    },
    "2009-09-30": {
        "Diluted EPS": 0.07,
        "Total Revenue": 10,
        "Gross Profit": 5,
        "Operating Income": 1,
        "EBIT": 1,
        "Net Income": 1
    },
    "2009-06-30": {
        "Diluted EPS": 0.12,
        "Total Revenue": 11,
        "Gross Profit": 5,
        "Operating Income": 0,
        "EBIT": 1,
        "Net Income": 1
    },
    "2009-03-31": {
        "Diluted EPS": 0.02,
        "Total Revenue": 11,
        "Gross Profit": 5,
        "Operating Income": 0,
        "EBIT": 1,
        "Net Income": 0
    },
    "2023-06-30": {
        "Tax Effect Of Unusual Items": 0.0,
        "Tax Rate For Calcs": 0.21,
        "Normalized EBITDA": -2379000.0,
        "Net Income From Continuing Operation Net Minority Interest": -2766000.0,
        "Reconciled Depreciation": 515000.0,
        "Reconciled Cost Of Revenue": 7492000.0,
        "EBITDA": -2379000.0,
        "EBIT": -2894000.0,
        "Normalized Income": -2766000.0,
        "Net Income From Continuing And Discontinued Operation": -2766000.0,
        "Total Expenses": 15749000.0,
        "Total Operating Income As Reported": -2894000.0,
        "Diluted Average Shares": 16036000.0,
        "Basic Average Shares": 16036000.0,
        "Diluted EPS": -0.17,
        "Basic EPS": -0.17,
        "Diluted NI Availto Com Stockholders": -2766000.0,
        "Net Income Common Stockholders": -2766000.0,
        "Net Income": -2766000.0,
        "Net Income Including Noncontrolling Interests": -2766000.0,
        "Net Income Continuous Operations": -2766000.0,
        "Tax Provision": 10000.0,
        "Pretax Income": -2756000.0,
        "Other Income Expense": 138000.0,
        "Other Non Operating Income Expenses": 138000.0,
        "Operating Income": -2894000.0,
        "Operating Expense": 8257000.0,
        "Research And Development": 1845000.0,
        "Selling General And Administration": 6412000.0,
        "Selling And Marketing Expense": 4264000.0,
        "General And Administrative Expense": 2148000.0,
        "Other Gand A": 2148000.0,
        "Gross Profit": 5363000.0,
        "Cost Of Revenue": 7492000.0,
        "Total Revenue": 12855000.0,
        "Operating Revenue": 12855000.0
    },
    "2023-09-30": {
        "Tax Effect Of Unusual Items": NaN,
        "Tax Rate For Calcs": NaN,
        "Normalized EBITDA": NaN,
        "Net Income From Continuing Operation Net Minority Interest": NaN,
        "Reconciled Depreciation": NaN,
        "Reconciled Cost Of Revenue": NaN,
        "EBITDA": NaN,
        "EBIT": NaN,
        "Normalized Income": NaN,
        "Net Income From Continuing And Discontinued Operation": NaN,
        "Total Expenses": NaN,
        "Total Operating Income As Reported": NaN,
        "Diluted Average Shares": 16231000.0,
        "Basic Average Shares": 16231000.0,
        "Diluted EPS": -0.11,
        "Basic EPS": -0.11,
        "Diluted NI Availto Com Stockholders": NaN,
        "Net Income Common Stockholders": NaN,
        "Net Income": NaN,
        "Net Income Including Noncontrolling Interests": NaN,
        "Net Income Continuous Operations": NaN,
        "Tax Provision": NaN,
        "Pretax Income": NaN,
        "Other Income Expense": NaN,
        "Other Non Operating Income Expenses": NaN,
        "Operating Income": NaN,
        "Operating Expense": NaN,
        "Research And Development": NaN,
        "Selling General And Administration": NaN,
        "Selling And Marketing Expense": NaN,
        "General And Administrative Expense": NaN,
        "Other Gand A": NaN,
        "Gross Profit": NaN,
        "Cost Of Revenue": NaN,
        "Total Revenue": NaN,
        "Operating Revenue": NaN
    },
    "2023-12-31": {
        "Tax Effect Of Unusual Items": 0.0,
        "Tax Rate For Calcs": 0.21,
        "Normalized EBITDA": -2305000.0,
        "Net Income From Continuing Operation Net Minority Interest": -2960000.0,
        "Reconciled Depreciation": 776000.0,
        "Reconciled Cost Of Revenue": 7573000.0,
        "EBITDA": -2305000.0,
        "EBIT": -3081000.0,
        "Normalized Income": -2960000.0,
        "Net Income From Continuing And Discontinued Operation": -2960000.0,
        "Total Expenses": 15539000.0,
        "Total Operating Income As Reported": -3081000.0,
        "Diluted Average Shares": 16245000.0,
        "Basic Average Shares": 16245000.0,
        "Diluted EPS": -0.18,
        "Basic EPS": -0.18,
        "Diluted NI Availto Com Stockholders": -2960000.0,
        "Net Income Common Stockholders": -2960000.0,
        "Net Income": -2960000.0,
        "Net Income Including Noncontrolling Interests": -2960000.0,
        "Net Income Continuous Operations": -2960000.0,
        "Tax Provision": 60000.0,
        "Pretax Income": -2900000.0,
        "Other Income Expense": 181000.0,
        "Other Non Operating Income Expenses": 181000.0,
        "Operating Income": -3081000.0,
        "Operating Expense": 7966000.0,
        "Research And Development": 1694000.0,
        "Selling General And Administration": 6272000.0,
        "Selling And Marketing Expense": 3867000.0,
        "General And Administrative Expense": 2405000.0,
        "Other Gand A": 2405000.0,
        "Gross Profit": 4885000.0,
        "Cost Of Revenue": 7573000.0,
        "Total Revenue": 12458000.0,
        "Operating Revenue": 12458000.0
    },
    "2024-03-31": {
        "Tax Effect Of Unusual Items": 0.0,
        "Tax Rate For Calcs": 0.21,
        "Normalized EBITDA": -2890000.0,
        "Net Income From Continuing Operation Net Minority Interest": -3464000.0,
        "Reconciled Depreciation": 403000.0,
        "Reconciled Cost Of Revenue": 7303000.0,
        "EBITDA": -2890000.0,
        "EBIT": -3293000.0,
        "Normalized Income": -3464000.0,
        "Net Income From Continuing And Discontinued Operation": -3464000.0,
        "Total Expenses": 15054000.0,
        "Total Operating Income As Reported": -3293000.0,
        "Diluted Average Shares": 16253000.0,
        "Basic Average Shares": 16253000.0,
        "Diluted EPS": -0.21,
        "Basic EPS": -0.21,
        "Diluted NI Availto Com Stockholders": -3464000.0,
        "Net Income Common Stockholders": -3464000.0,
        "Net Income": -3464000.0,
        "Net Income Including Noncontrolling Interests": -3464000.0,
        "Net Income Continuous Operations": -3464000.0,
        "Tax Provision": 38000.0,
        "Pretax Income": -3426000.0,
        "Other Income Expense": -133000.0,
        "Other Non Operating Income Expenses": -133000.0,
        "Operating Income": -3293000.0,
        "Operating Expense": 7751000.0,
        "Research And Development": 1536000.0,
        "Selling General And Administration": 6215000.0,
        "Selling And Marketing Expense": 3747000.0,
        "General And Administrative Expense": 2468000.0,
        "Other Gand A": 2468000.0,
        "Gross Profit": 4458000.0,
        "Cost Of Revenue": 7303000.0,
        "Total Revenue": 11761000.0,
        "Operating Revenue": 11761000.0
    },
    "2024-06-30": {
        "Tax Effect Of Unusual Items": 0.0,
        "Tax Rate For Calcs": 0.21,
        "Normalized EBITDA": -2269000.0,
        "Net Income From Continuing Operation Net Minority Interest": -2679000.0,
        "Reconciled Depreciation": 369000.0,
        "Reconciled Cost Of Revenue": 7496000.0,
        "EBITDA": -2269000.0,
        "EBIT": -2638000.0,
        "Normalized Income": -2679000.0,
        "Net Income From Continuing And Discontinued Operation": -2679000.0,
        "Total Expenses": 15269000.0,
        "Total Operating Income As Reported": -2638000.0,
        "Diluted Average Shares": 16287000.0,
        "Basic Average Shares": 16287000.0,
        "Diluted EPS": -0.16,
        "Basic EPS": -0.16,
        "Diluted NI Availto Com Stockholders": -2679000.0,
        "Net Income Common Stockholders": -2679000.0,
        "Net Income": -2679000.0,
        "Net Income Including Noncontrolling Interests": -2679000.0,
        "Net Income Continuous Operations": -2679000.0,
        "Tax Provision": 19000.0,
        "Pretax Income": -2660000.0,
        "Other Income Expense": -22000.0,
        "Other Non Operating Income Expenses": -22000.0,
        "Operating Income": -2638000.0,
        "Operating Expense": 7773000.0,
        "Research And Development": 1501000.0,
        "Selling General And Administration": 6272000.0,
        "Selling And Marketing Expense": 3487000.0,
        "General And Administrative Expense": 2785000.0,
        "Other Gand A": 2785000.0,
        "Gross Profit": 5135000.0,
        "Cost Of Revenue": 7496000.0,
        "Total Revenue": 12631000.0,
        "Operating Revenue": 10631000.0
    },
    "2024-09-30": {
        "Tax Effect Of Unusual Items": 0.0,
        "Tax Rate For Calcs": 0.21,
        "Normalized EBITDA": -1595000.0,
        "Net Income From Continuing Operation Net Minority Interest": -1933000.0,
        "Reconciled Depreciation": 275000.0,
        "Reconciled Cost Of Revenue": 7258000.0,
        "EBITDA": -1595000.0,
        "EBIT": -1870000.0,
        "Normalized Income": -1933000.0,
        "Net Income From Continuing And Discontinued Operation": -1933000.0,
        "Total Expenses": 13451000.0,
        "Total Operating Income As Reported": -1870000.0,
        "Diluted Average Shares": 16581000.0,
        "Basic Average Shares": 16581000.0,
        "Diluted EPS": -0.12,
        "Basic EPS": -0.12,
        "Diluted NI Availto Com Stockholders": -1933000.0,
        "Net Income Common Stockholders": -1933000.0,
        "Net Income": -1933000.0,
        "Net Income Including Noncontrolling Interests": -1933000.0,
        "Net Income Continuous Operations": -1933000.0,
        "Tax Provision": 17000.0,
        "Pretax Income": -1916000.0,
        "Other Income Expense": -46000.0,
        "Other Non Operating Income Expenses": -46000.0,
        "Operating Income": -1870000.0,
        "Operating Expense": 6193000.0,
        "Research And Development": 1299000.0,
        "Selling General And Administration": 4894000.0,
        "Selling And Marketing Expense": 2646000.0,
        "General And Administrative Expense": 2248000.0,
        "Other Gand A": 2248000.0,
        "Gross Profit": 4323000.0,
        "Cost Of Revenue": 7258000.0,
        "Total Revenue": 11581000.0,
        "Operating Revenue": 11581000.0
    },
    "2024-12-31": {
        "Tax Effect Of Unusual Items": 0.0,
        "Tax Rate For Calcs": 0.007143,
        "Normalized EBITDA": -125000.0,
        "Net Income From Continuing Operation Net Minority Interest": -834000.0,
        "Reconciled Depreciation": 377000.0,
        "Reconciled Cost Of Revenue": 7110000.0,
        "EBITDA": -125000.0,
        "EBIT": -502000.0,
        "Normalized Income": -834000.0,
        "Net Income From Continuing And Discontinued Operation": -834000.0,
        "Total Expenses": 13198000.0,
        "Total Operating Income As Reported": -502000.0,
        "Diluted Average Shares": 16636000.0,
        "Basic Average Shares": 16636000.0,
        "Diluted EPS": -0.05,
        "Basic EPS": -0.05,
        "Diluted NI Availto Com Stockholders": -834000.0,
        "Net Income Common Stockholders": -834000.0,
        "Net Income": -834000.0,
        "Net Income Including Noncontrolling Interests": -834000.0,
        "Net Income Continuous Operations": -834000.0,
        "Tax Provision": -6000.0,
        "Pretax Income": -840000.0,
        "Other Income Expense": -338000.0,
        "Other Non Operating Income Expenses": -338000.0,
        "Operating Income": -502000.0,
        "Operating Expense": 6088000.0,
        "Research And Development": 1113000.0,
        "Selling General And Administration": 4975000.0,
        "Selling And Marketing Expense": 2700000.0,
        "General And Administrative Expense": 2275000.0,
        "Other Gand A": 2275000.0,
        "Gross Profit": 5586000.0,
        "Cost Of Revenue": 7110000.0,
        "Total Revenue": 12696000.0,
        "Operating Revenue": 12696000.0
    },
    "2025-03-31": {
        "Tax Effect Of Unusual Items": 0.0,
        "Tax Rate For Calcs": 0.21,
        "Normalized EBITDA": 176000.0,
        "Net Income From Continuing Operation Net Minority Interest": -1686000.0,
        "Reconciled Depreciation": 381000.0,
        "Reconciled Cost Of Revenue": 6841000.0,
        "EBITDA": 176000.0,
        "EBIT": -205000.0,
        "Normalized Income": -1686000.0,
        "Net Income From Continuing And Discontinued Operation": -1686000.0,
        "Total Expenses": 12101000.0,
        "Total Operating Income As Reported": -205000.0,
        "Diluted Average Shares": 16727000.0,
        "Basic Average Shares": 16727000.0,
        "Diluted EPS": -0.1,
        "Basic EPS": -0.1,
        "Diluted NI Availto Com Stockholders": -1686000.0,
        "Net Income Common Stockholders": -1686000.0,
        "Net Income": -1686000.0,
        "Net Income Including Noncontrolling Interests": -1686000.0,
        "Net Income Continuous Operations": -1686000.0,
        "Tax Provision": 12000.0,
        "Pretax Income": -1674000.0,
        "Other Income Expense": -1469000.0,
        "Other Non Operating Income Expenses": -1469000.0,
        "Operating Income": -205000.0,
        "Operating Expense": 5260000.0,
        "Research And Development": 876000.0,
        "Selling General And Administration": 4384000.0,
        "Selling And Marketing Expense": 2453000.0,
        "General And Administrative Expense": 1931000.0,
        "Other Gand A": 1931000.0,
        "Gross Profit": 5055000.0,
        "Cost Of Revenue": 6841000.0,
        "Total Revenue": 11896000.0,
        "Operating Revenue": 11896000.0
    },
    "2025-06-30": {
        "Tax Effect Of Unusual Items": 0.0,
        "Tax Rate For Calcs": 0.21,
        "Normalized EBITDA": -562000.0,
        "Net Income From Continuing Operation Net Minority Interest": -994000.0,
        "Reconciled Depreciation": 378000.0,
        "Reconciled Cost Of Revenue": 8889000.0,
        "EBITDA": -562000.0,
        "EBIT": -940000.0,
        "Normalized Income": -994000.0,
        "Net Income From Continuing And Discontinued Operation": -994000.0,
        "Total Expenses": 14511000.0,
        "Total Operating Income As Reported": -940000.0,
        "Diluted Average Shares": 16793000.0,
        "Basic Average Shares": 16793000.0,
        "Diluted EPS": -0.06,
        "Basic EPS": -0.06,
        "Diluted NI Availto Com Stockholders": -994000.0,
        "Net Income Common Stockholders": -994000.0,
        "Net Income": -994000.0,
        "Net Income Including Noncontrolling Interests": -994000.0,
        "Net Income Continuous Operations": -994000.0,
        "Tax Provision": 21000.0,
        "Pretax Income": -973000.0,
        "Other Income Expense": -33000.0,
        "Other Non Operating Income Expenses": -33000.0,
        "Operating Income": -940000.0,
        "Operating Expense": 5622000.0,
        "Research And Development": 871000.0,
        "Selling General And Administration": 4751000.0,
        "Selling And Marketing Expense": 2535000.0,
        "General And Administrative Expense": 2216000.0,
        "Other Gand A": 2216000.0,
        "Gross Profit": 4682000.0,
        "Cost Of Revenue": 8889000.0,
        "Total Revenue": 13571000.0,
        "Operating Revenue": 11341000.0
    }
}