{
    "2023-03-31": {
        "Tax Effect Of Unusual Items": NaN,
        "Tax Rate For Calcs": NaN,
        "Normalized EBITDA": NaN,
        "Total Unusual Items": NaN,
        "Total Unusual Items Excluding Goodwill": NaN,
        "Net Income From Continuing Operation Net Minority Interest": NaN,
        "Reconciled Depreciation": NaN,
        "Reconciled Cost Of Revenue": NaN,
        "EBITDA": NaN,
        "EBIT": NaN,
        "Net Interest Income": NaN,
        "Interest Expense": NaN,
        "Interest Income": NaN,
        "Normalized Income": NaN,
        "Net Income From Continuing And Discontinued Operation": NaN,
        "Total Expenses": NaN,
        "Rent Expense Supplemental": NaN,
        "Total Operating Income As Reported": NaN,
        "Diluted Average Shares": 81797925.0,
        "Basic Average Shares": 74904984.0,
        "Diluted EPS": 587.9,
        "Basic EPS": 642.0,
        "Diluted NI Availto Com Stockholders": NaN,
        "Net Income Common Stockholders": NaN,
        "Net Income": NaN,
        "Minority Interests": NaN,
        "Net Income Including Noncontrolling Interests": NaN,
        "Net Income Continuous Operations": NaN,
        "Tax Provision": NaN,
        "Pretax Income": NaN,
        "Other Income Expense": NaN,
        "Special Income Charges": NaN,
        "Gain On Sale Of Ppe": NaN,
        "Gain On Sale Of Business": NaN,
        "Other Special Charges": NaN,
        "Impairment Of Capital Assets": NaN,
        "Earnings From Equity Interest": NaN,
        "Gain On Sale Of Security": NaN,
        "Net Non Operating Interest Income Expense": NaN,
        "Total Other Finance Cost": NaN,
        "Interest Expense Non Operating": NaN,
        "Interest Income Non Operating": NaN,
        "Operating Income": NaN,
        "Operating Expense": NaN,
        "Other Operating Expenses": NaN,
        "Other Taxes": NaN,
        "Provision For Doubtful Accounts": NaN,
        "Depreciation Amortization Depletion Income Statement": NaN,
        "Depreciation And Amortization In Income Statement": NaN,
        "Selling General And Administration": NaN,
        "Selling And Marketing Expense": NaN,
        "General And Administrative Expense": NaN,
        "Other Gand A": NaN,
        "Rent And Landing Fees": NaN,
        "Salaries And Wages": NaN,
        "Gross Profit": NaN,
        "Cost Of Revenue": NaN,
        "Total Revenue": NaN,
        "Operating Revenue": NaN
    },
    "2022-12-31": {
        "Tax Effect Of Unusual Items": NaN,
        "Tax Rate For Calcs": NaN,
        "Normalized EBITDA": NaN,
        "Total Unusual Items": NaN,
        "Total Unusual Items Excluding Goodwill": NaN,
        "Net Income From Continuing Operation Net Minority Interest": NaN,
        "Reconciled Depreciation": NaN,
        "Reconciled Cost Of Revenue": NaN,
        "EBITDA": NaN,
        "EBIT": NaN,
        "Net Interest Income": NaN,
        "Interest Expense": NaN,
        "Interest Income": NaN,
        "Normalized Income": NaN,
        "Net Income From Continuing And Discontinued Operation": NaN,
        "Total Expenses": NaN,
        "Rent Expense Supplemental": NaN,
        "Total Operating Income As Reported": NaN,
        "Diluted Average Shares": 74998246.0,
        "Basic Average Shares": 74998246.0,
        "Diluted EPS": 570.0,
        "Basic EPS": 570.0,
        "Diluted NI Availto Com Stockholders": NaN,
        "Net Income Common Stockholders": NaN,
        "Net Income": NaN,
        "Minority Interests": NaN,
        "Net Income Including Noncontrolling Interests": NaN,
        "Net Income Continuous Operations": NaN,
        "Tax Provision": NaN,
        "Pretax Income": NaN,
        "Other Income Expense": NaN,
        "Special Income Charges": NaN,
        "Gain On Sale Of Ppe": NaN,
        "Gain On Sale Of Business": NaN,
        "Other Special Charges": NaN,
        "Earnings From Equity Interest": NaN,
        "Gain On Sale Of Security": NaN,
        "Net Non Operating Interest Income Expense": NaN,
        "Total Other Finance Cost": NaN,
        "Interest Expense Non Operating": NaN,
        "Interest Income Non Operating": NaN,
        "Operating Income": NaN,
        "Operating Expense": NaN,
        "Other Operating Expenses": NaN,
        "Other Taxes": NaN,
        "Provision For Doubtful Accounts": NaN,
        "Depreciation Amortization Depletion Income Statement": NaN,
        "Depreciation And Amortization In Income Statement": NaN,
        "Selling General And Administration": NaN,
        "Selling And Marketing Expense": NaN,
        "General And Administrative Expense": NaN,
        "Other Gand A": NaN,
        "Rent And Landing Fees": NaN,
        "Salaries And Wages": NaN,
        "Gross Profit": NaN,
        "Cost Of Revenue": NaN,
        "Total Revenue": NaN,
        "Operating Revenue": NaN
    },
    "2022-09-30": {
        "Tax Effect Of Unusual Items": NaN,
        "Tax Rate For Calcs": NaN,
        "Normalized EBITDA": NaN,
        "Total Unusual Items": NaN,
        "Total Unusual Items Excluding Goodwill": NaN,
        "Net Income From Continuing Operation Net Minority Interest": NaN,
        "Reconciled Depreciation": NaN,
        "Reconciled Cost Of Revenue": NaN,
        "EBITDA": NaN,
        "EBIT": NaN,
        "Net Interest Income": NaN,
        "Interest Expense": NaN,
        "Interest Income": NaN,
        "Normalized Income": NaN,
        "Net Income From Continuing And Discontinued Operation": NaN,
        "Total Expenses": NaN,
        "Rent Expense Supplemental": 73000000.0,
        "Total Operating Income As Reported": NaN,
        "Diluted Average Shares": NaN,
        "Basic Average Shares": NaN,
        "Diluted EPS": NaN,
        "Basic EPS": NaN,
        "Diluted NI Availto Com Stockholders": NaN,
        "Net Income Common Stockholders": NaN,
        "Net Income": NaN,
        "Minority Interests": NaN,
        "Net Income Including Noncontrolling Interests": NaN,
        "Net Income Continuous Operations": NaN,
        "Tax Provision": NaN,
        "Pretax Income": NaN,
        "Other Income Expense": NaN,
        "Special Income Charges": NaN,
        "Gain On Sale Of Ppe": 0.0,
        "Gain On Sale Of Business": 0.0,
        "Other Special Charges": NaN,
        "Earnings From Equity Interest": NaN,
        "Gain On Sale Of Security": NaN,
        "Net Non Operating Interest Income Expense": NaN,
        "Total Other Finance Cost": NaN,
        "Interest Expense Non Operating": NaN,
        "Interest Income Non Operating": NaN,
        "Operating Income": NaN,
        "Operating Expense": NaN,
        "Other Operating Expenses": NaN,
        "Other Taxes": 361000000.0,
        "Provision For Doubtful Accounts": -24000000.0,
        "Depreciation Amortization Depletion Income Statement": 68000000.0,
        "Depreciation And Amortization In Income Statement": 68000000.0,
        "Selling General And Administration": NaN,
        "Selling And Marketing Expense": NaN,
        "General And Administrative Expense": NaN,
        "Other Gand A": NaN,
        "Rent And Landing Fees": 31000000.0,
        "Salaries And Wages": 1115000000.0,
        "Gross Profit": NaN,
        "Cost Of Revenue": NaN,
        "Total Revenue": NaN,
        "Operating Revenue": NaN
    },
    "2022-06-30": {
        "Tax Effect Of Unusual Items": 8305976382.846489,
        "Tax Rate For Calcs": 0.273151,
        "Normalized EBITDA": 4633000000.0,
        "Total Unusual Items": 30408000000.0,
        "Total Unusual Items Excluding Goodwill": 30408000000.0,
        "Net Income From Continuing Operation Net Minority Interest": 22082000000.0,
        "Reconciled Depreciation": 352000000.0,
        "Reconciled Cost Of Revenue": 4427000000.0,
        "EBITDA": 35041000000.0,
        "EBIT": 34689000000.0,
        "Net Interest Income": -3593000000.0,
        "Interest Expense": 2509000000.0,
        "Interest Income": 221000000.0,
        "Normalized Income": -20023617.153511,
        "Net Income From Continuing And Discontinued Operation": 22082000000.0,
        "Total Expenses": 7657000000.0,
        "Rent Expense Supplemental": 123000000.0,
        "Total Operating Income As Reported": 29593000000.0,
        "Diluted Average Shares": 89149594.0,
        "Basic Average Shares": 80931640.0,
        "Diluted EPS": 101.9,
        "Basic EPS": 112.4,
        "Diluted NI Availto Com Stockholders": 22082000000.0,
        "Net Income Common Stockholders": 22082000000.0,
        "Net Income": 22082000000.0,
        "Minority Interests": -1308000000.0,
        "Net Income Including Noncontrolling Interests": 23390000000.0,
        "Net Income Discontinuous Operations": 0.0,
        "Net Income Continuous Operations": 23390000000.0,
        "Tax Provision": 8790000000.0,
        "Pretax Income": 32180000000.0,
        "Other Income Expense": 30806000000.0,
        "Special Income Charges": 2877000000.0,
        "Gain On Sale Of Business": 0.0,
        "Other Special Charges": -2877000000.0,
        "Earnings From Equity Interest": 398000000.0,
        "Gain On Sale Of Security": 27531000000.0,
        "Net Non Operating Interest Income Expense": -3593000000.0,
        "Total Other Finance Cost": 1305000000.0,
        "Interest Expense Non Operating": 2509000000.0,
        "Interest Income Non Operating": 221000000.0,
        "Operating Income": 4967000000.0,
        "Operating Expense": 3000000000.0,
        "Other Operating Expenses": 96000000.0,
        "Other Taxes": 1390000000.0,
        "Provision For Doubtful Accounts": -32000000.0,
        "Depreciation Amortization Depletion Income Statement": 122000000.0,
        "Depreciation And Amortization In Income Statement": 122000000.0,
        "Selling General And Administration": 1424000000.0,
        "Selling And Marketing Expense": -522000000.0,
        "General And Administrative Expense": 1946000000.0,
        "Other Gand A": 390000000.0,
        "Rent And Landing Fees": 49000000.0,
        "Salaries And Wages": 1507000000.0,
        "Gross Profit": 7967000000.0,
        "Cost Of Revenue": 4657000000.0,
        "Total Revenue": 12624000000.0,
        "Operating Revenue": 12624000000.0
    },
    "2022-03-31": {
        "Diluted EPS": -2.02,
        "Total Revenue": 62,
        "Gross Profit": 38,
        "Operating Income": -321,
        "EBIT": -319,
        "Net Income": -163
    },
    "2021-12-31": {
        "Diluted EPS": 2.96,
        "Total Revenue": 62,
        "Gross Profit": 39,
        "Operating Income": 319,
        "EBIT": 321,
        "Net Income": 264
    },
    "2021-09-30": {
        "Diluted EPS": -0.09,
        "Total Revenue": 45,
        "Gross Profit": 27,
        "Operating Income": -53,
        "EBIT": -52,
        "Net Income": -6
    },
    "2020-12-31": {
        "Diluted EPS": -1.73,
        "Total Revenue": 40,
        "Gross Profit": 22,
        "Operating Income": -212,
        "EBIT": -211,
        "Net Income": -99
    },
    "2020-09-30": {
        "Diluted EPS": 1.58,
        "Total Revenue": 22,
        "Gross Profit": 7,
        "Operating Income": 322,
        "EBIT": 323,
        "Net Income": 91
    },
    "2020-06-30": {
        "Diluted EPS": 6.75,
        "Total Revenue": 478,
        "Gross Profit": 146,
        "Operating Income": 519,
        "EBIT": 603,
        "Net Income": 389
    },
    "2020-03-31": {
        "Diluted EPS": -2.27,
        "Total Revenue": 382,
        "Gross Profit": 132,
        "Operating Income": -10,
        "EBIT": 62,
        "Net Income": -131
    },
    "2019-12-31": {
        "Diluted EPS": -1.5,
        "Total Revenue": 371,
        "Gross Profit": 147,
        "Operating Income": -94,
        "EBIT": -38,
        "Net Income": -86
    },
    "2019-09-30": {
        "Diluted EPS": 1.16,
        "Total Revenue": 378,
        "Gross Profit": 139,
        "Operating Income": 230,
        "EBIT": 290,
        "Net Income": 67
    },
    "2019-06-30": {
        "Diluted EPS": -12.61,
        "Total Revenue": 645,
        "Gross Profit": 248,
        "Operating Income": -703,
        "EBIT": -643,
        "Net Income": -727
    },
    "2019-03-31": {
        "Diluted EPS": -1.3,
        "Total Revenue": 438,
        "Gross Profit": 166,
        "Operating Income": 90,
        "EBIT": 145,
        "Net Income": -75
    },
    "2018-12-31": {
        "Diluted EPS": -3.01,
        "Total Revenue": 405,
        "Gross Profit": 178,
        "Operating Income": -278,
        "EBIT": -233,
        "Net Income": -173
    },
    "2018-09-30": {
        "Diluted EPS": 5.2,
        "Total Revenue": 346,
        "Gross Profit": 138,
        "Operating Income": 573,
        "EBIT": 610,
        "Net Income": 301
    },
    "2018-06-30": {
        "Diluted EPS": 4.07,
        "Total Revenue": NaN,
        "Gross Profit": -465,
        "Operating Income": 388,
        "EBIT": 388,
        "Net Income": 236
    },
    "2018-03-31": {
        "Diluted EPS": 0.43,
        "Total Revenue": NaN,
        "Gross Profit": 365,
        "Operating Income": 139,
        "EBIT": 197,
        "Net Income": 25
    },
    "2017-12-31": {
        "Diluted EPS": 8.24,
        "Total Revenue": NaN,
        "Gross Profit": 415,
        "Operating Income": 604,
        "EBIT": 682,
        "Net Income": 477
    },
    "2017-09-30": {
        "Diluted EPS": 0.56,
        "Total Revenue": NaN,
        "Gross Profit": 376,
        "Operating Income": 311,
        "EBIT": 383,
        "Net Income": 32
    },
    "2017-06-30": {
        "Diluted EPS": 0.97,
        "Total Revenue": NaN,
        "Gross Profit": 406,
        "Operating Income": 422,
        "EBIT": 449,
        "Net Income": 59
    },
    "2017-03-31": {
        "Diluted EPS": 0.08,
        "Total Revenue": NaN,
        "Gross Profit": 342,
        "Operating Income": 45,
        "EBIT": 135,
        "Net Income": 5
    },
    "2016-12-31": {
        "Diluted EPS": 3.0,
        "Total Revenue": NaN,
        "Gross Profit": 354,
        "Operating Income": 74,
        "EBIT": 168,
        "Net Income": 171
    },
    "2016-09-30": {
        "Diluted EPS": -0.67,
        "Total Revenue": NaN,
        "Gross Profit": 363,
        "Operating Income": 77,
        "EBIT": 171,
        "Net Income": -39
    },
    "2016-06-30": {
        "Diluted EPS": 0.07,
        "Total Revenue": NaN,
        "Gross Profit": 476,
        "Operating Income": 57,
        "EBIT": 209,
        "Net Income": 4
    },
    "2016-03-31": {
        "Diluted EPS": -0.23,
        "Total Revenue": NaN,
        "Gross Profit": 289,
        "Operating Income": 84,
        "EBIT": 157,
        "Net Income": -13
    },
    "2015-12-31": {
        "Diluted EPS": -0.37,
        "Total Revenue": 120,
        "Gross Profit": 66,
        "Operating Income": 123,
        "EBIT": 127,
        "Net Income": -21
    },
    "2015-09-30": {
        "Diluted EPS": -0.52,
        "Total Revenue": 105,
        "Gross Profit": 58,
        "Operating Income": 36,
        "EBIT": 42,
        "Net Income": -30
    },
    "2015-06-30": {
        "Diluted EPS": 1.49,
        "Total Revenue": 100,
        "Gross Profit": 59,
        "Operating Income": 172,
        "EBIT": 192,
        "Net Income": 85
    },
    "2015-03-31": {
        "Diluted EPS": -0.49,
        "Total Revenue": 88,
        "Gross Profit": 45,
        "Operating Income": 27,
        "EBIT": 16,
        "Net Income": -28
    },
    "2014-12-31": {
        "Diluted EPS": 0.0,
        "Total Revenue": 115,
        "Gross Profit": 66,
        "Operating Income": 58,
        "EBIT": 69,
        "Net Income": -11
    },
    "2014-09-30": {
        "Diluted EPS": 0.01,
        "Total Revenue": 93,
        "Gross Profit": 50,
        "Operating Income": 36,
        "EBIT": 36,
        "Net Income": 0
    },
    "2014-06-30": {
        "Diluted EPS": -0.87,
        "Total Revenue": 95,
        "Gross Profit": 41,
        "Operating Income": 19,
        "EBIT": 19,
        "Net Income": -50
    },
    "2014-03-31": {
        "Diluted EPS": -0.16,
        "Total Revenue": 90,
        "Gross Profit": 49,
        "Operating Income": 34,
        "EBIT": 16,
        "Net Income": -9
    },
    "2013-12-31": {
        "Diluted EPS": -0.15,
        "Total Revenue": 125,
        "Gross Profit": 67,
        "Operating Income": 48,
        "EBIT": 67,
        "Net Income": -9
    },
    "2013-09-30": {
        "Diluted EPS": 0.1,
        "Total Revenue": 103,
        "Gross Profit": 50,
        "Operating Income": 32,
        "EBIT": 32,
        "Net Income": 5
    },
    "2013-06-30": {
        "Diluted EPS": -0.25,
        "Total Revenue": 102,
        "Gross Profit": 47,
        "Operating Income": 55,
        "EBIT": 22,
        "Net Income": -14
    },
    "2013-03-31": {
        "Diluted EPS": 0.32,
        "Total Revenue": 99,
        "Gross Profit": 47,
        "Operating Income": 32,
        "EBIT": 64,
        "Net Income": 18
    },
    "2012-12-31": {
        "Diluted EPS": 0.63,
        "Total Revenue": 119,
        "Gross Profit": 57,
        "Operating Income": 38,
        "EBIT": 38,
        "Net Income": 36
    },
    "2012-09-30": {
        "Diluted EPS": 0.15,
        "Total Revenue": 101,
        "Gross Profit": 48,
        "Operating Income": 32,
        "EBIT": 32,
        "Net Income": 11
    },
    "2012-06-30": {
        "Diluted EPS": 0.24,
        "Total Revenue": 105,
        "Gross Profit": 63,
        "Operating Income": 31,
        "EBIT": 42,
        "Net Income": 14
    },
    "2012-03-31": {
        "Diluted EPS": 0.32,
        "Total Revenue": 76,
        "Gross Profit": 48,
        "Operating Income": 31,
        "EBIT": 45,
        "Net Income": 19
    },
    "2011-12-31": {
        "Diluted EPS": 0.46,
        "Total Revenue": 84,
        "Gross Profit": 57,
        "Operating Income": 39,
        "EBIT": 46,
        "Net Income": 27
    },
    "2011-09-30": {
        "Diluted EPS": 0.02,
        "Total Revenue": 69,
        "Gross Profit": 38,
        "Operating Income": 24,
        "EBIT": 33,
        "Net Income": 1
    },
    "2011-06-30": {
        "Diluted EPS": 0.25,
        "Total Revenue": 315,
        "Gross Profit": 315,
        "Operating Income": 315,
        "EBIT": 315,
        "Net Income": 15
    },
    "2011-03-31": {
        "Diluted EPS": 0.94,
        "Total Revenue": 247,
        "Gross Profit": 247,
        "Operating Income": 247,
        "EBIT": 247,
        "Net Income": 54
    },
    "2010-12-31": {
        "Diluted EPS": 0.5,
        "Total Revenue": 99,
        "Gross Profit": 56,
        "Operating Income": 36,
        "EBIT": 46,
        "Net Income": 29
    },
    "2010-09-30": {
        "Diluted EPS": 0.24,
        "Total Revenue": 77,
        "Gross Profit": 51,
        "Operating Income": 30,
        "EBIT": 40,
        "Net Income": 14
    },
    "2010-06-30": {
        "Diluted EPS": 0.0,
        "Total Revenue": 96,
        "Gross Profit": 60,
        "Operating Income": 33,
        "EBIT": 43,
        "Net Income": 9
    },
    "2010-03-31": {
        "Diluted EPS": 0.02,
        "Total Revenue": 76,
        "Gross Profit": 48,
        "Operating Income": 22,
        "EBIT": 32,
        "Net Income": 9
    },
    "2009-12-31": {
        "Diluted EPS": 0.0,
        "Total Revenue": 103,
        "Gross Profit": 71,
        "Operating Income": 46,
        "EBIT": 57,
        "Net Income": 35
    },
    "2009-09-30": {
        "Diluted EPS": 0.6,
        "Total Revenue": 69,
        "Gross Profit": 41,
        "Operating Income": 20,
        "EBIT": 31,
        "Net Income": 34
    },
    "2009-06-30": {
        "Diluted EPS": 0.0,
        "Total Revenue": 44,
        "Gross Profit": 34,
        "Operating Income": 40,
        "EBIT": 51,
        "Net Income": 102
    },
    "2009-03-31": {
        "Diluted EPS": 0.0,
        "Total Revenue": 82,
        "Gross Profit": 50,
        "Operating Income": 27,
        "EBIT": 35,
        "Net Income": -2
    },
    "2023-06-30": {
        "Tax Effect Of Unusual Items": NaN,
        "Tax Rate For Calcs": NaN,
        "Normalized EBITDA": NaN,
        "Total Unusual Items": NaN,
        "Total Unusual Items Excluding Goodwill": NaN,
        "Net Income From Continuing Operation Net Minority Interest": NaN,
        "Reconciled Depreciation": NaN,
        "Reconciled Cost Of Revenue": NaN,
        "EBITDA": NaN,
        "EBIT": NaN,
        "Net Interest Income": NaN,
        "Interest Expense": NaN,
        "Interest Income": NaN,
        "Normalized Income": NaN,
        "Net Income From Continuing And Discontinued Operation": NaN,
        "Total Expenses": NaN,
        "Rent Expense Supplemental": 401000000.0,
        "Total Operating Income As Reported": NaN,
        "Diluted Average Shares": NaN,
        "Basic Average Shares": NaN,
        "Diluted EPS": NaN,
        "Basic EPS": NaN,
        "Diluted NI Availto Com Stockholders": NaN,
        "Net Income Common Stockholders": NaN,
        "Net Income": NaN,
        "Minority Interests": NaN,
        "Net Income Including Noncontrolling Interests": NaN,
        "Net Income Continuous Operations": NaN,
        "Tax Provision": NaN,
        "Pretax Income": NaN,
        "Other Income Expense": NaN,
        "Special Income Charges": NaN,
        "Gain On Sale Of Ppe": -131000000.0,
        "Gain On Sale Of Business": NaN,
        "Other Special Charges": NaN,
        "Impairment Of Capital Assets": NaN,
        "Earnings From Equity Interest": NaN,
        "Gain On Sale Of Security": NaN,
        "Net Non Operating Interest Income Expense": NaN,
        "Total Other Finance Cost": NaN,
        "Interest Expense Non Operating": NaN,
        "Interest Income Non Operating": NaN,
        "Operating Income": NaN,
        "Operating Expense": NaN,
        "Other Operating Expenses": NaN,
        "Other Taxes": 1226000000.0,
        "Provision For Doubtful Accounts": 52000000.0,
        "Depreciation Amortization Depletion Income Statement": 202000000.0,
        "Depreciation And Amortization In Income Statement": 202000000.0,
        "Selling General And Administration": NaN,
        "Selling And Marketing Expense": NaN,
        "General And Administrative Expense": NaN,
        "Other Gand A": NaN,
        "Rent And Landing Fees": 71000000.0,
        "Salaries And Wages": 10080000000.0,
        "Gross Profit": NaN,
        "Cost Of Revenue": NaN,
        "Total Revenue": NaN,
        "Operating Revenue": NaN
    },
    "2023-09-30": {
        "Tax Effect Of Unusual Items": NaN,
        "Tax Rate For Calcs": NaN,
        "Normalized EBITDA": NaN,
        "Total Unusual Items": NaN,
        "Total Unusual Items Excluding Goodwill": NaN,
        "Net Income From Continuing Operation Net Minority Interest": NaN,
        "Reconciled Depreciation": NaN,
        "Reconciled Cost Of Revenue": NaN,
        "EBITDA": NaN,
        "EBIT": NaN,
        "Net Interest Income": NaN,
        "Interest Expense": NaN,
        "Interest Income": NaN,
        "Normalized Income": NaN,
        "Net Income From Continuing And Discontinued Operation": NaN,
        "Total Expenses": NaN,
        "Rent Expense Supplemental": 118000000.0,
        "Total Operating Income As Reported": NaN,
        "Diluted Average Shares": 77285782.0,
        "Basic Average Shares": 76147577.0,
        "Diluted EPS": NaN,
        "Basic EPS": 3126.310915,
        "Diluted NI Availto Com Stockholders": NaN,
        "Net Income Common Stockholders": NaN,
        "Net Income": NaN,
        "Minority Interests": NaN,
        "Net Income Including Noncontrolling Interests": NaN,
        "Net Income Continuous Operations": NaN,
        "Tax Provision": NaN,
        "Pretax Income": NaN,
        "Other Income Expense": NaN,
        "Special Income Charges": NaN,
        "Gain On Sale Of Ppe": -4000000.0,
        "Gain On Sale Of Business": -1725000000.0,
        "Other Special Charges": NaN,
        "Impairment Of Capital Assets": 0.0,
        "Earnings From Equity Interest": NaN,
        "Gain On Sale Of Security": NaN,
        "Net Non Operating Interest Income Expense": NaN,
        "Total Other Finance Cost": NaN,
        "Interest Expense Non Operating": NaN,
        "Interest Income Non Operating": NaN,
        "Operating Income": NaN,
        "Operating Expense": NaN,
        "Other Operating Expenses": NaN,
        "Other Taxes": 1044000000.0,
        "Provision For Doubtful Accounts": 54000000.0,
        "Depreciation Amortization Depletion Income Statement": 151000000.0,
        "Depreciation And Amortization In Income Statement": 151000000.0,
        "Selling General And Administration": NaN,
        "Selling And Marketing Expense": NaN,
        "General And Administrative Expense": NaN,
        "Other Gand A": NaN,
        "Rent And Landing Fees": 16000000.0,
        "Salaries And Wages": -1692000000.0,
        "Gross Profit": NaN,
        "Cost Of Revenue": NaN,
        "Total Revenue": NaN,
        "Operating Revenue": NaN
    },
    "2023-12-31": {
        "Tax Effect Of Unusual Items": 2743650000.0,
        "Tax Rate For Calcs": 0.35,
        "Normalized EBITDA": 38332000000.0,
        "Total Unusual Items": 7839000000.0,
        "Total Unusual Items Excluding Goodwill": 7839000000.0,
        "Net Income From Continuing Operation Net Minority Interest": 51004000000.0,
        "Reconciled Depreciation": 2146000000.0,
        "Reconciled Cost Of Revenue": 37957000000.0,
        "EBITDA": 46171000000.0,
        "EBIT": 44025000000.0,
        "Net Interest Income": -75914000000.0,
        "Interest Expense": 19144000000.0,
        "Interest Income": 9120000000.0,
        "Normalized Income": 45908650000.0,
        "Net Income From Continuing And Discontinued Operation": 51004000000.0,
        "Total Expenses": 61411000000.0,
        "Rent Expense Supplemental": NaN,
        "Total Operating Income As Reported": 15631000000.0,
        "Diluted Average Shares": 74698301.0,
        "Basic Average Shares": 74698301.0,
        "Diluted EPS": 682.8,
        "Basic EPS": 682.8,
        "Diluted NI Availto Com Stockholders": 51004000000.0,
        "Net Income Common Stockholders": 51004000000.0,
        "Net Income": 51004000000.0,
        "Minority Interests": 2432000000.0,
        "Net Income Including Noncontrolling Interests": 48572000000.0,
        "Net Income Continuous Operations": 48572000000.0,
        "Tax Provision": -23691000000.0,
        "Pretax Income": 24881000000.0,
        "Other Income Expense": 43831000000.0,
        "Special Income Charges": 49172000000.0,
        "Gain On Sale Of Ppe": NaN,
        "Gain On Sale Of Business": NaN,
        "Other Special Charges": NaN,
        "Impairment Of Capital Assets": NaN,
        "Earnings From Equity Interest": 35992000000.0,
        "Gain On Sale Of Security": -41333000000.0,
        "Net Non Operating Interest Income Expense": -75914000000.0,
        "Total Other Finance Cost": 65890000000.0,
        "Interest Expense Non Operating": NaN,
        "Interest Income Non Operating": 9120000000.0,
        "Operating Income": 56964000000.0,
        "Operating Expense": NaN,
        "Other Operating Expenses": 139000000.0,
        "Other Taxes": NaN,
        "Provision For Doubtful Accounts": NaN,
        "Depreciation Amortization Depletion Income Statement": NaN,
        "Depreciation And Amortization In Income Statement": NaN,
        "Selling General And Administration": 23315000000.0,
        "Selling And Marketing Expense": 7093000000.0,
        "General And Administrative Expense": 16222000000.0,
        "Other Gand A": 16222000000.0,
        "Rent And Landing Fees": NaN,
        "Salaries And Wages": NaN,
        "Gross Profit": 80418000000.0,
        "Cost Of Revenue": NaN,
        "Total Revenue": 118375000000.0,
        "Operating Revenue": 118375000000.0
    },
    "2024-03-31": {
        "Tax Effect Of Unusual Items": -189127610445.7302,
        "Tax Rate For Calcs": 0.306121,
        "Normalized EBITDA": 147753000000.0,
        "Total Unusual Items": -617819000000.0,
        "Total Unusual Items Excluding Goodwill": -617819000000.0,
        "Net Income From Continuing Operation Net Minority Interest": -319500000000.0,
        "Reconciled Depreciation": 176000000.0,
        "Reconciled Cost Of Revenue": 19476000000.0,
        "EBITDA": -470066000000.0,
        "EBIT": -470242000000.0,
        "Net Interest Income": 112252000000.0,
        "Interest Expense": 11103000000.0,
        "Interest Income": 10561000000.0,
        "Normalized Income": 109191389554.2698,
        "Net Income From Continuing And Discontinued Operation": -319500000000.0,
        "Total Expenses": 33874000000.0,
        "Rent Expense Supplemental": NaN,
        "Total Operating Income As Reported": -568956000000.0,
        "Diluted Average Shares": 77182829.0,
        "Basic Average Shares": 77182829.0,
        "Diluted EPS": -6687.2,
        "Basic EPS": -4139.521747,
        "Diluted NI Availto Com Stockholders": -319500000000.0,
        "Net Income Common Stockholders": -319500000000.0,
        "Net Income": -319500000000.0,
        "Minority Interests": 14495000000.0,
        "Net Income Including Noncontrolling Interests": -333995000000.0,
        "Net Income Continuous Operations": -333995000000.0,
        "Tax Provision": -147350000000.0,
        "Pretax Income": -481345000000.0,
        "Other Income Expense": -619457000000.0,
        "Special Income Charges": -23003000000.0,
        "Gain On Sale Of Ppe": NaN,
        "Gain On Sale Of Business": NaN,
        "Other Special Charges": 23003000000.0,
        "Impairment Of Capital Assets": NaN,
        "Earnings From Equity Interest": -1638000000.0,
        "Gain On Sale Of Security": -594816000000.0,
        "Net Non Operating Interest Income Expense": 112252000000.0,
        "Total Other Finance Cost": -112794000000.0,
        "Interest Expense Non Operating": 11103000000.0,
        "Interest Income Non Operating": 10561000000.0,
        "Operating Income": 25860000000.0,
        "Operating Expense": 14398000000.0,
        "Other Operating Expenses": 1903000000.0,
        "Other Taxes": NaN,
        "Provision For Doubtful Accounts": NaN,
        "Depreciation Amortization Depletion Income Statement": NaN,
        "Depreciation And Amortization In Income Statement": NaN,
        "Selling General And Administration": 13177000000.0,
        "Selling And Marketing Expense": 4966000000.0,
        "General And Administrative Expense": 9991000000.0,
        "Other Gand A": 9991000000.0,
        "Rent And Landing Fees": NaN,
        "Salaries And Wages": NaN,
        "Gross Profit": 40258000000.0,
        "Cost Of Revenue": 19476000000.0,
        "Total Revenue": 59734000000.0,
        "Operating Revenue": 59734000000.0
    },
    "2024-06-30": {
        "Tax Effect Of Unusual Items": 9361587829.852215,
        "Tax Rate For Calcs": 0.184979,
        "Normalized EBITDA": 59056000000.0,
        "Total Unusual Items": 50609000000.0,
        "Total Unusual Items Excluding Goodwill": 50609000000.0,
        "Net Income From Continuing Operation Net Minority Interest": 75800000000.0,
        "Reconciled Depreciation": 2450000000.0,
        "Reconciled Cost Of Revenue": 38303000000.0,
        "EBITDA": 109665000000.0,
        "EBIT": 107215000000.0,
        "Net Interest Income": 1040000000.0,
        "Interest Expense": 11604000000.0,
        "Interest Income": 16574000000.0,
        "Normalized Income": 34552587829.85221,
        "Net Income From Continuing And Discontinued Operation": 75800000000.0,
        "Total Expenses": 76482000000.0,
        "Rent Expense Supplemental": 639000000.0,
        "Total Operating Income As Reported": 71458000000.0,
        "Diluted Average Shares": NaN,
        "Basic Average Shares": NaN,
        "Diluted EPS": NaN,
        "Basic EPS": NaN,
        "Diluted NI Availto Com Stockholders": 75800000000.0,
        "Net Income Common Stockholders": 75800000000.0,
        "Net Income": 75800000000.0,
        "Minority Interests": -2125000000.0,
        "Net Income Including Noncontrolling Interests": 77925000000.0,
        "Net Income Continuous Operations": 77925000000.0,
        "Tax Provision": 17686000000.0,
        "Pretax Income": 95611000000.0,
        "Other Income Expense": 56072000000.0,
        "Special Income Charges": -29631000000.0,
        "Gain On Sale Of Ppe": -1000000.0,
        "Gain On Sale Of Business": -155000000.0,
        "Other Special Charges": 29475000000.0,
        "Impairment Of Capital Assets": NaN,
        "Earnings From Equity Interest": 5463000000.0,
        "Gain On Sale Of Security": 80240000000.0,
        "Net Non Operating Interest Income Expense": 1040000000.0,
        "Total Other Finance Cost": 3930000000.0,
        "Interest Expense Non Operating": 11604000000.0,
        "Interest Income Non Operating": 16574000000.0,
        "Operating Income": 38499000000.0,
        "Operating Expense": 36382000000.0,
        "Other Operating Expenses": 1658000000.0,
        "Other Taxes": 3967000000.0,
        "Provision For Doubtful Accounts": 265000000.0,
        "Depreciation Amortization Depletion Income Statement": 653000000.0,
        "Depreciation And Amortization In Income Statement": 653000000.0,
        "Selling General And Administration": 29839000000.0,
        "Selling And Marketing Expense": 1122000000.0,
        "General And Administrative Expense": 28717000000.0,
        "Other Gand A": 2923000000.0,
        "Rent And Landing Fees": 186000000.0,
        "Salaries And Wages": 25608000000.0,
        "Gross Profit": 74881000000.0,
        "Cost Of Revenue": 40100000000.0,
        "Total Revenue": 114981000000.0,
        "Operating Revenue": 116212000000.0
    },
    "2024-09-30": {
        "Tax Effect Of Unusual Items": -69530486588.24388,
        "Tax Rate For Calcs": 0.336802,
        "Normalized EBITDA": 54921000000.0,
        "Total Unusual Items": -206443000000.0,
        "Total Unusual Items Excluding Goodwill": -206443000000.0,
        "Net Income From Continuing Operation Net Minority Interest": -105646000000.0,
        "Reconciled Depreciation": 1982000000.0,
        "Reconciled Cost Of Revenue": 30956000000.0,
        "EBITDA": -151522000000.0,
        "EBIT": -153504000000.0,
        "Net Interest Income": -10683000000.0,
        "Interest Expense": 10904000000.0,
        "Interest Income": 961000000.0,
        "Normalized Income": 31266513411.75612,
        "Net Income From Continuing And Discontinued Operation": -105646000000.0,
        "Total Expenses": 45317000000.0,
        "Rent Expense Supplemental": 582000000.0,
        "Total Operating Income As Reported": -187584000000.0,
        "Diluted Average Shares": 75007313.0,
        "Basic Average Shares": 75007313.0,
        "Diluted EPS": -1408.475991,
        "Basic EPS": -1408.475991,
        "Diluted NI Availto Com Stockholders": -105646000000.0,
        "Net Income Common Stockholders": -105646000000.0,
        "Net Income": -105646000000.0,
        "Minority Interests": 3389000000.0,
        "Net Income Including Noncontrolling Interests": -109035000000.0,
        "Net Income Continuous Operations": -109035000000.0,
        "Tax Provision": -55373000000.0,
        "Pretax Income": -164408000000.0,
        "Other Income Expense": -198281000000.0,
        "Special Income Charges": -2635000000.0,
        "Gain On Sale Of Ppe": 0.0,
        "Gain On Sale Of Business": 946000000.0,
        "Other Special Charges": -3421000000.0,
        "Impairment Of Capital Assets": 7002000000.0,
        "Earnings From Equity Interest": 8162000000.0,
        "Gain On Sale Of Security": -203808000000.0,
        "Net Non Operating Interest Income Expense": -10683000000.0,
        "Total Other Finance Cost": 740000000.0,
        "Interest Expense Non Operating": 10904000000.0,
        "Interest Income Non Operating": 961000000.0,
        "Operating Income": 44556000000.0,
        "Operating Expense": 12859000000.0,
        "Other Operating Expenses": -1505000000.0,
        "Other Taxes": 2700000000.0,
        "Provision For Doubtful Accounts": 87000000.0,
        "Depreciation Amortization Depletion Income Statement": 480000000.0,
        "Depreciation And Amortization In Income Statement": 480000000.0,
        "Selling General And Administration": 11097000000.0,
        "Selling And Marketing Expense": 1339000000.0,
        "General And Administrative Expense": 9758000000.0,
        "Other Gand A": 1884000000.0,
        "Rent And Landing Fees": 148000000.0,
        "Salaries And Wages": 7726000000.0,
        "Gross Profit": 57415000000.0,
        "Cost Of Revenue": 32458000000.0,
        "Total Revenue": 89873000000.0,
        "Operating Revenue": 89185000000.0
    },
    "2024-12-31": {
        "Tax Effect Of Unusual Items": 3212644471.845458,
        "Tax Rate For Calcs": 0.248253,
        "Normalized EBITDA": 104346000000.0,
        "Total Unusual Items": 12941000000.0,
        "Total Unusual Items Excluding Goodwill": 12941000000.0,
        "Net Income From Continuing Operation Net Minority Interest": 74355000000.0,
        "Reconciled Depreciation": 2455000000.0,
        "Reconciled Cost Of Revenue": 46143000000.0,
        "EBITDA": 117287000000.0,
        "EBIT": 114832000000.0,
        "Net Interest Income": 30953000000.0,
        "Interest Expense": 12646000000.0,
        "Interest Income": 835000000.0,
        "Normalized Income": 64626644471.84546,
        "Net Income From Continuing And Discontinued Operation": 74355000000.0,
        "Total Expenses": 72722000000.0,
        "Rent Expense Supplemental": NaN,
        "Total Operating Income As Reported": 52860000000.0,
        "Diluted Average Shares": 84503921.0,
        "Basic Average Shares": 73400790.0,
        "Diluted EPS": 879.9,
        "Basic EPS": 1013.0,
        "Diluted NI Availto Com Stockholders": 74355000000.0,
        "Net Income Common Stockholders": 74355000000.0,
        "Net Income": 74355000000.0,
        "Minority Interests": -2463000000.0,
        "Net Income Including Noncontrolling Interests": 76818000000.0,
        "Net Income Continuous Operations": 76818000000.0,
        "Tax Provision": 25368000000.0,
        "Pretax Income": 102186000000.0,
        "Other Income Expense": 28901000000.0,
        "Special Income Charges": 2413000000.0,
        "Gain On Sale Of Ppe": NaN,
        "Gain On Sale Of Business": NaN,
        "Other Special Charges": -2413000000.0,
        "Impairment Of Capital Assets": NaN,
        "Earnings From Equity Interest": 15960000000.0,
        "Gain On Sale Of Security": 10528000000.0,
        "Net Non Operating Interest Income Expense": 30953000000.0,
        "Total Other Finance Cost": -42764000000.0,
        "Interest Expense Non Operating": 12646000000.0,
        "Interest Income Non Operating": 835000000.0,
        "Operating Income": 42332000000.0,
        "Operating Expense": 26579000000.0,
        "Other Operating Expenses": 5287000000.0,
        "Other Taxes": NaN,
        "Provision For Doubtful Accounts": NaN,
        "Depreciation Amortization Depletion Income Statement": NaN,
        "Depreciation And Amortization In Income Statement": NaN,
        "Selling General And Administration": 21292000000.0,
        "Selling And Marketing Expense": 4989000000.0,
        "General And Administrative Expense": 16303000000.0,
        "Other Gand A": 16303000000.0,
        "Rent And Landing Fees": NaN,
        "Salaries And Wages": NaN,
        "Gross Profit": 68911000000.0,
        "Cost Of Revenue": 46143000000.0,
        "Total Revenue": 115054000000.0,
        "Operating Revenue": 115054000000.0
    },
    "2025-03-31": {
        "Tax Effect Of Unusual Items": NaN,
        "Tax Rate For Calcs": NaN,
        "Normalized EBITDA": NaN,
        "Total Unusual Items": NaN,
        "Total Unusual Items Excluding Goodwill": NaN,
        "Net Income From Continuing Operation Net Minority Interest": NaN,
        "Reconciled Depreciation": NaN,
        "Reconciled Cost Of Revenue": NaN,
        "EBITDA": NaN,
        "EBIT": NaN,
        "Net Interest Income": NaN,
        "Interest Expense": NaN,
        "Interest Income": NaN,
        "Normalized Income": NaN,
        "Net Income From Continuing And Discontinued Operation": NaN,
        "Total Expenses": NaN,
        "Rent Expense Supplemental": NaN,
        "Total Operating Income As Reported": NaN,
        "Diluted Average Shares": NaN,
        "Basic Average Shares": NaN,
        "Diluted EPS": 904.3,
        "Basic EPS": NaN,
        "Diluted NI Availto Com Stockholders": NaN,
        "Net Income Common Stockholders": NaN,
        "Net Income": NaN,
        "Minority Interests": NaN,
        "Net Income Including Noncontrolling Interests": NaN,
        "Net Income Continuous Operations": NaN,
        "Tax Provision": NaN,
        "Pretax Income": NaN,
        "Other Income Expense": NaN,
        "Special Income Charges": NaN,
        "Gain On Sale Of Ppe": NaN,
        "Gain On Sale Of Business": NaN,
        "Other Special Charges": -9430000000.0,
        "Impairment Of Capital Assets": NaN,
        "Earnings From Equity Interest": NaN,
        "Gain On Sale Of Security": NaN,
        "Net Non Operating Interest Income Expense": NaN,
        "Total Other Finance Cost": NaN,
        "Interest Expense Non Operating": 566000000.0,
        "Interest Income Non Operating": NaN,
        "Operating Income": NaN,
        "Operating Expense": 17178000000.0,
        "Other Operating Expenses": NaN,
        "Other Taxes": NaN,
        "Provision For Doubtful Accounts": NaN,
        "Depreciation Amortization Depletion Income Statement": NaN,
        "Depreciation And Amortization In Income Statement": NaN,
        "Selling General And Administration": NaN,
        "Selling And Marketing Expense": NaN,
        "General And Administrative Expense": NaN,
        "Other Gand A": NaN,
        "Rent And Landing Fees": NaN,
        "Salaries And Wages": NaN,
        "Gross Profit": NaN,
        "Cost Of Revenue": 42511000000.0,
        "Total Revenue": NaN,
        "Operating Revenue": NaN
    }
}