{
    "2023-03-31": {
        "Tax Effect Of Unusual Items": NaN,
        "Tax Rate For Calcs": NaN,
        "Normalized EBITDA": NaN,
        "Total Unusual Items": NaN,
        "Total Unusual Items Excluding Goodwill": NaN,
        "Net Income From Continuing Operation Net Minority Interest": NaN,
        "Reconciled Depreciation": NaN,
        "Reconciled Cost Of Revenue": NaN,
        "EBITDA": NaN,
        "EBIT": NaN,
        "Net Interest Income": NaN,
        "Interest Expense": NaN,
        "Interest Income": NaN,
        "Normalized Income": NaN,
        "Net Income From Continuing And Discontinued Operation": NaN,
        "Total Expenses": NaN,
        "Total Operating Income As Reported": NaN,
        "Diluted Average Shares": 30297000.0,
        "Basic Average Shares": 30297000.0,
        "Diluted EPS": -1.29,
        "Basic EPS": -1.29,
        "Diluted NI Availto Com Stockholders": NaN,
        "Net Income Common Stockholders": NaN,
        "Net Income": NaN,
        "Net Income Including Noncontrolling Interests": NaN,
        "Net Income Continuous Operations": NaN,
        "Tax Provision": NaN,
        "Pretax Income": NaN,
        "Other Income Expense": 1432000.0,
        "Other Non Operating Income Expenses": 1432000.0,
        "Special Income Charges": NaN,
        "Other Special Charges": NaN,
        "Impairment Of Capital Assets": 0.0,
        "Net Non Operating Interest Income Expense": NaN,
        "Interest Expense Non Operating": NaN,
        "Interest Income Non Operating": NaN,
        "Operating Income": NaN,
        "Operating Expense": NaN,
        "Research And Development": NaN,
        "Selling General And Administration": NaN,
        "Gross Profit": NaN,
        "Cost Of Revenue": NaN,
        "Total Revenue": NaN,
        "Operating Revenue": NaN
    },
    "2022-12-31": {
        "Tax Effect Of Unusual Items": NaN,
        "Tax Rate For Calcs": NaN,
        "Normalized EBITDA": NaN,
        "Total Unusual Items": NaN,
        "Total Unusual Items Excluding Goodwill": NaN,
        "Net Income From Continuing Operation Net Minority Interest": NaN,
        "Reconciled Depreciation": NaN,
        "Reconciled Cost Of Revenue": NaN,
        "EBITDA": NaN,
        "EBIT": NaN,
        "Net Interest Income": NaN,
        "Interest Expense": NaN,
        "Interest Income": NaN,
        "Normalized Income": NaN,
        "Net Income From Continuing And Discontinued Operation": NaN,
        "Total Expenses": NaN,
        "Total Operating Income As Reported": NaN,
        "Diluted Average Shares": 30150501.0,
        "Basic Average Shares": 30150501.0,
        "Diluted EPS": -0.67,
        "Basic EPS": -0.67,
        "Diluted NI Availto Com Stockholders": NaN,
        "Net Income Common Stockholders": NaN,
        "Net Income": NaN,
        "Net Income Including Noncontrolling Interests": NaN,
        "Net Income Continuous Operations": NaN,
        "Tax Provision": NaN,
        "Pretax Income": NaN,
        "Other Income Expense": 1586000.0,
        "Other Non Operating Income Expenses": 1586000.0,
        "Special Income Charges": NaN,
        "Other Special Charges": NaN,
        "Impairment Of Capital Assets": 0.0,
        "Restructuring And Mergern Acquisition": 0.0,
        "Net Non Operating Interest Income Expense": NaN,
        "Interest Expense Non Operating": NaN,
        "Interest Income Non Operating": NaN,
        "Operating Income": NaN,
        "Operating Expense": NaN,
        "Research And Development": NaN,
        "Selling General And Administration": NaN,
        "Gross Profit": NaN,
        "Cost Of Revenue": NaN,
        "Total Revenue": NaN,
        "Operating Revenue": NaN
    },
    "2022-09-30": {
        "Tax Effect Of Unusual Items": NaN,
        "Tax Rate For Calcs": NaN,
        "Normalized EBITDA": NaN,
        "Total Unusual Items": NaN,
        "Total Unusual Items Excluding Goodwill": NaN,
        "Net Income From Continuing Operation Net Minority Interest": NaN,
        "Reconciled Depreciation": NaN,
        "Reconciled Cost Of Revenue": NaN,
        "EBITDA": NaN,
        "EBIT": NaN,
        "Net Interest Income": NaN,
        "Interest Expense": NaN,
        "Interest Income": NaN,
        "Normalized Income": NaN,
        "Net Income From Continuing And Discontinued Operation": NaN,
        "Total Expenses": NaN,
        "Total Operating Income As Reported": NaN,
        "Diluted Average Shares": NaN,
        "Basic Average Shares": NaN,
        "Diluted EPS": NaN,
        "Basic EPS": NaN,
        "Diluted NI Availto Com Stockholders": NaN,
        "Net Income Common Stockholders": NaN,
        "Net Income": NaN,
        "Net Income Including Noncontrolling Interests": NaN,
        "Net Income Continuous Operations": NaN,
        "Tax Provision": NaN,
        "Pretax Income": NaN,
        "Other Income Expense": 365000.0,
        "Other Non Operating Income Expenses": 365000.0,
        "Special Income Charges": NaN,
        "Other Special Charges": NaN,
        "Impairment Of Capital Assets": NaN,
        "Restructuring And Mergern Acquisition": NaN,
        "Net Non Operating Interest Income Expense": NaN,
        "Interest Expense Non Operating": NaN,
        "Interest Income Non Operating": NaN,
        "Operating Income": NaN,
        "Operating Expense": NaN,
        "Research And Development": NaN,
        "Selling General And Administration": NaN,
        "Gross Profit": NaN,
        "Cost Of Revenue": NaN,
        "Total Revenue": NaN,
        "Operating Revenue": NaN
    },
    "2022-06-30": {
        "Tax Effect Of Unusual Items": 0.0,
        "Tax Rate For Calcs": 0.4,
        "Normalized EBITDA": -18715000.0,
        "Total Unusual Items": 0.0,
        "Total Unusual Items Excluding Goodwill": 0.0,
        "Net Income From Continuing Operation Net Minority Interest": -23897000.0,
        "Reconciled Depreciation": 4667000.0,
        "Reconciled Cost Of Revenue": 31806000.0,
        "EBITDA": -18715000.0,
        "EBIT": -23382000.0,
        "Net Interest Income": -482000.0,
        "Interest Expense": 482000.0,
        "Interest Income": NaN,
        "Normalized Income": -23897000.0,
        "Net Income From Continuing And Discontinued Operation": -23897000.0,
        "Total Expenses": 125502000.0,
        "Total Operating Income As Reported": -23451000.0,
        "Diluted Average Shares": 29843000.0,
        "Basic Average Shares": 29843000.0,
        "Diluted EPS": -0.8,
        "Basic EPS": -0.8,
        "Diluted NI Availto Com Stockholders": -23897000.0,
        "Net Income Common Stockholders": -23897000.0,
        "Net Income": -23897000.0,
        "Net Income Including Noncontrolling Interests": -23897000.0,
        "Net Income Continuous Operations": -23897000.0,
        "Tax Provision": 33000.0,
        "Pretax Income": -23864000.0,
        "Other Income Expense": 69000.0,
        "Other Non Operating Income Expenses": 69000.0,
        "Special Income Charges": 0.0,
        "Impairment Of Capital Assets": 0.0,
        "Restructuring And Mergern Acquisition": NaN,
        "Net Non Operating Interest Income Expense": -482000.0,
        "Interest Expense Non Operating": 482000.0,
        "Interest Income Non Operating": NaN,
        "Operating Income": -23451000.0,
        "Operating Expense": 93696000.0,
        "Research And Development": 11945000.0,
        "Selling General And Administration": 81751000.0,
        "Gross Profit": 70245000.0,
        "Cost Of Revenue": 31806000.0,
        "Total Revenue": 102051000.0,
        "Operating Revenue": 102051000.0
    },
    "2022-03-31": {
        "Diluted EPS": -1.71,
        "Total Revenue": 92,
        "Gross Profit": 62,
        "Operating Income": -49,
        "EBIT": -38,
        "Net Income": -51
    },
    "2021-12-31": {
        "Diluted EPS": -1.11,
        "Total Revenue": 82,
        "Gross Profit": 51,
        "Operating Income": -32,
        "EBIT": -32,
        "Net Income": -32
    },
    "2021-09-30": {
        "Diluted EPS": -0.81,
        "Total Revenue": 85,
        "Gross Profit": 56,
        "Operating Income": -23,
        "EBIT": -19,
        "Net Income": -24
    },
    "2021-06-30": {
        "Diluted EPS": -0.59,
        "Total Revenue": 81,
        "Gross Profit": 55,
        "Operating Income": -17,
        "EBIT": -14,
        "Net Income": -17
    },
    "2021-03-31": {
        "Diluted EPS": -0.95,
        "Total Revenue": 74,
        "Gross Profit": 51,
        "Operating Income": -27,
        "EBIT": -23,
        "Net Income": -28
    },
    "2020-12-31": {
        "Diluted EPS": -0.32,
        "Total Revenue": 79,
        "Gross Profit": 58,
        "Operating Income": -10,
        "EBIT": -12,
        "Net Income": -10
    },
    "2020-09-30": {
        "Diluted EPS": -0.17,
        "Total Revenue": 72,
        "Gross Profit": 54,
        "Operating Income": -5,
        "EBIT": -2,
        "Net Income": -5
    },
    "2020-06-30": {
        "Diluted EPS": -0.75,
        "Total Revenue": 51,
        "Gross Profit": 35,
        "Operating Income": -20,
        "EBIT": -17,
        "Net Income": -20
    },
    "2020-03-31": {
        "Diluted EPS": -0.34,
        "Total Revenue": 64,
        "Gross Profit": 47,
        "Operating Income": -9,
        "EBIT": -6,
        "Net Income": -9
    },
    "2019-12-31": {
        "Diluted EPS": -0.67,
        "Total Revenue": 59,
        "Gross Profit": 45,
        "Operating Income": -18,
        "EBIT": -23,
        "Net Income": -17
    },
    "2019-09-30": {
        "Diluted EPS": -0.72,
        "Total Revenue": 55,
        "Gross Profit": 41,
        "Operating Income": -18,
        "EBIT": -16,
        "Net Income": -18
    },
    "2019-06-30": {
        "Diluted EPS": -0.43,
        "Total Revenue": 52,
        "Gross Profit": 39,
        "Operating Income": -11,
        "EBIT": -6,
        "Net Income": -11
    },
    "2019-03-31": {
        "Diluted EPS": -0.34,
        "Total Revenue": 48,
        "Gross Profit": 37,
        "Operating Income": -8,
        "EBIT": -6,
        "Net Income": -8
    },
    "2018-12-31": {
        "Diluted EPS": -0.73,
        "Total Revenue": 43,
        "Gross Profit": 32,
        "Operating Income": -14,
        "EBIT": -13,
        "Net Income": -17
    },
    "2018-09-30": {
        "Diluted EPS": -0.4,
        "Total Revenue": 38,
        "Gross Profit": 28,
        "Operating Income": -9,
        "EBIT": -9,
        "Net Income": -10
    },
    "2018-06-30": {
        "Diluted EPS": -0.51,
        "Total Revenue": 35,
        "Gross Profit": 26,
        "Operating Income": -12,
        "EBIT": -11,
        "Net Income": -12
    },
    "2018-03-31": {
        "Diluted EPS": -0.47,
        "Total Revenue": 31,
        "Gross Profit": 22,
        "Operating Income": -11,
        "EBIT": -10,
        "Net Income": -11
    },
    "2017-12-31": {
        "Diluted EPS": -0.49,
        "Total Revenue": 29,
        "Gross Profit": 21,
        "Operating Income": -11,
        "EBIT": -10,
        "Net Income": -11
    },
    "2017-09-30": {
        "Diluted EPS": -0.29,
        "Total Revenue": 25,
        "Gross Profit": 18,
        "Operating Income": -6,
        "EBIT": -5,
        "Net Income": -7
    },
    "2017-06-30": {
        "Diluted EPS": -0.29,
        "Total Revenue": 24,
        "Gross Profit": 17,
        "Operating Income": -6,
        "EBIT": -6,
        "Net Income": -6
    },
    "2017-03-31": {
        "Diluted EPS": -0.24,
        "Total Revenue": 21,
        "Gross Profit": 15,
        "Operating Income": -5,
        "EBIT": -4,
        "Net Income": -5
    },
    "2016-12-31": {
        "Diluted EPS": 6.28,
        "Total Revenue": 19,
        "Gross Profit": 13,
        "Operating Income": -4,
        "EBIT": -4,
        "Net Income": -6
    },
    "2016-09-30": {
        "Diluted EPS": -2.8,
        "Total Revenue": 17,
        "Gross Profit": 11,
        "Operating Income": -3,
        "EBIT": -2,
        "Net Income": -4
    },
    "2016-06-30": {
        "Diluted EPS": -3.09,
        "Total Revenue": 16,
        "Gross Profit": 11,
        "Operating Income": -4,
        "EBIT": -3,
        "Net Income": -4
    },
    "2016-03-31": {
        "Diluted EPS": -4.34,
        "Total Revenue": 13,
        "Gross Profit": 8,
        "Operating Income": -5,
        "EBIT": -5,
        "Net Income": -6
    },
    "2015-12-31": {
        "Diluted EPS": 0.0,
        "Total Revenue": NaN,
        "Gross Profit": NaN,
        "Operating Income": NaN,
        "EBIT": NaN,
        "Net Income": NaN
    },
    "2015-09-30": {
        "Diluted EPS": -4.07,
        "Total Revenue": 9,
        "Gross Profit": 6,
        "Operating Income": -6,
        "EBIT": -5,
        "Net Income": -6
    },
    "2015-06-30": {
        "Diluted EPS": 0.0,
        "Total Revenue": NaN,
        "Gross Profit": NaN,
        "Operating Income": NaN,
        "EBIT": NaN,
        "Net Income": NaN
    },
    "2014-12-31": {
        "Diluted EPS": 0.0,
        "Total Revenue": NaN,
        "Gross Profit": NaN,
        "Operating Income": NaN,
        "EBIT": NaN,
        "Net Income": NaN
    },
    "2023-06-30": {
        "Tax Effect Of Unusual Items": NaN,
        "Tax Rate For Calcs": NaN,
        "Normalized EBITDA": NaN,
        "Total Unusual Items": NaN,
        "Total Unusual Items Excluding Goodwill": NaN,
        "Net Income From Continuing Operation Net Minority Interest": NaN,
        "Reconciled Depreciation": NaN,
        "Reconciled Cost Of Revenue": NaN,
        "EBITDA": NaN,
        "EBIT": NaN,
        "Net Interest Income": NaN,
        "Interest Expense": NaN,
        "Interest Income": NaN,
        "Normalized Income": NaN,
        "Net Income From Continuing And Discontinued Operation": NaN,
        "Total Expenses": NaN,
        "Total Operating Income As Reported": NaN,
        "Diluted Average Shares": NaN,
        "Basic Average Shares": NaN,
        "Diluted EPS": NaN,
        "Basic EPS": NaN,
        "Diluted NI Availto Com Stockholders": NaN,
        "Net Income Common Stockholders": NaN,
        "Net Income": NaN,
        "Net Income Including Noncontrolling Interests": NaN,
        "Net Income Continuous Operations": NaN,
        "Tax Provision": NaN,
        "Pretax Income": NaN,
        "Other Income Expense": NaN,
        "Other Non Operating Income Expenses": NaN,
        "Special Income Charges": NaN,
        "Other Special Charges": NaN,
        "Impairment Of Capital Assets": 0.0,
        "Net Non Operating Interest Income Expense": NaN,
        "Interest Expense Non Operating": NaN,
        "Interest Income Non Operating": NaN,
        "Operating Income": NaN,
        "Operating Expense": NaN,
        "Research And Development": NaN,
        "Selling General And Administration": NaN,
        "Gross Profit": NaN,
        "Cost Of Revenue": NaN,
        "Total Revenue": NaN,
        "Operating Revenue": NaN
    },
    "2023-09-30": {
        "Tax Effect Of Unusual Items": NaN,
        "Tax Rate For Calcs": NaN,
        "Normalized EBITDA": NaN,
        "Total Unusual Items": NaN,
        "Total Unusual Items Excluding Goodwill": NaN,
        "Net Income From Continuing Operation Net Minority Interest": NaN,
        "Reconciled Depreciation": NaN,
        "Reconciled Cost Of Revenue": NaN,
        "EBITDA": NaN,
        "EBIT": NaN,
        "Net Interest Income": NaN,
        "Interest Expense": NaN,
        "Interest Income": NaN,
        "Normalized Income": NaN,
        "Net Income From Continuing And Discontinued Operation": NaN,
        "Total Expenses": NaN,
        "Total Operating Income As Reported": NaN,
        "Diluted Average Shares": NaN,
        "Basic Average Shares": NaN,
        "Diluted EPS": NaN,
        "Basic EPS": NaN,
        "Diluted NI Availto Com Stockholders": NaN,
        "Net Income Common Stockholders": NaN,
        "Net Income": NaN,
        "Net Income Including Noncontrolling Interests": NaN,
        "Net Income Continuous Operations": NaN,
        "Tax Provision": NaN,
        "Pretax Income": NaN,
        "Other Income Expense": -108000.0,
        "Other Non Operating Income Expenses": -108000.0,
        "Special Income Charges": NaN,
        "Other Special Charges": NaN,
        "Impairment Of Capital Assets": 0.0,
        "Net Non Operating Interest Income Expense": NaN,
        "Total Other Finance Cost": NaN,
        "Interest Expense Non Operating": NaN,
        "Interest Income Non Operating": NaN,
        "Operating Income": NaN,
        "Operating Expense": NaN,
        "Research And Development": NaN,
        "Selling General And Administration": NaN,
        "Gross Profit": NaN,
        "Cost Of Revenue": NaN,
        "Total Revenue": NaN,
        "Operating Revenue": NaN
    },
    "2023-12-31": {
        "Tax Effect Of Unusual Items": NaN,
        "Tax Rate For Calcs": NaN,
        "Normalized EBITDA": NaN,
        "Total Unusual Items": NaN,
        "Total Unusual Items Excluding Goodwill": NaN,
        "Net Income From Continuing Operation Net Minority Interest": NaN,
        "Reconciled Depreciation": NaN,
        "Reconciled Cost Of Revenue": NaN,
        "EBITDA": NaN,
        "EBIT": NaN,
        "Net Interest Income": NaN,
        "Interest Expense": NaN,
        "Interest Income": NaN,
        "Normalized Income": NaN,
        "Net Income From Continuing And Discontinued Operation": NaN,
        "Total Expenses": NaN,
        "Total Operating Income As Reported": NaN,
        "Diluted Average Shares": NaN,
        "Basic Average Shares": NaN,
        "Diluted EPS": NaN,
        "Basic EPS": NaN,
        "Diluted NI Availto Com Stockholders": NaN,
        "Net Income Common Stockholders": NaN,
        "Net Income": NaN,
        "Net Income Including Noncontrolling Interests": NaN,
        "Net Income Continuous Operations": NaN,
        "Tax Provision": NaN,
        "Pretax Income": NaN,
        "Other Income Expense": NaN,
        "Other Non Operating Income Expenses": NaN,
        "Special Income Charges": NaN,
        "Other Special Charges": NaN,
        "Impairment Of Capital Assets": 11078000.0,
        "Net Non Operating Interest Income Expense": NaN,
        "Total Other Finance Cost": NaN,
        "Interest Expense Non Operating": NaN,
        "Interest Income Non Operating": NaN,
        "Operating Income": NaN,
        "Operating Expense": NaN,
        "Research And Development": NaN,
        "Selling General And Administration": NaN,
        "Gross Profit": NaN,
        "Cost Of Revenue": NaN,
        "Total Revenue": NaN,
        "Operating Revenue": NaN
    },
    "2024-03-31": {
        "Tax Effect Of Unusual Items": NaN,
        "Tax Rate For Calcs": NaN,
        "Normalized EBITDA": NaN,
        "Total Unusual Items": NaN,
        "Total Unusual Items Excluding Goodwill": NaN,
        "Net Income From Continuing Operation Net Minority Interest": NaN,
        "Reconciled Depreciation": NaN,
        "Reconciled Cost Of Revenue": NaN,
        "EBITDA": NaN,
        "EBIT": NaN,
        "Net Interest Income": NaN,
        "Interest Expense": NaN,
        "Interest Income": NaN,
        "Normalized Income": NaN,
        "Net Income From Continuing And Discontinued Operation": NaN,
        "Total Expenses": NaN,
        "Total Operating Income As Reported": NaN,
        "Diluted Average Shares": NaN,
        "Basic Average Shares": NaN,
        "Diluted EPS": NaN,
        "Basic EPS": NaN,
        "Diluted NI Availto Com Stockholders": NaN,
        "Net Income Common Stockholders": NaN,
        "Net Income": NaN,
        "Net Income Including Noncontrolling Interests": NaN,
        "Net Income Continuous Operations": NaN,
        "Tax Provision": NaN,
        "Pretax Income": NaN,
        "Other Income Expense": NaN,
        "Other Non Operating Income Expenses": NaN,
        "Special Income Charges": NaN,
        "Other Special Charges": 7589000.0,
        "Write Off": NaN,
        "Impairment Of Capital Assets": NaN,
        "Net Non Operating Interest Income Expense": NaN,
        "Total Other Finance Cost": NaN,
        "Interest Expense Non Operating": NaN,
        "Interest Income Non Operating": NaN,
        "Operating Income": NaN,
        "Operating Expense": NaN,
        "Research And Development": NaN,
        "Selling General And Administration": NaN,
        "Gross Profit": NaN,
        "Cost Of Revenue": NaN,
        "Total Revenue": NaN,
        "Operating Revenue": NaN
    },
    "2024-06-30": {
        "Tax Effect Of Unusual Items": NaN,
        "Tax Rate For Calcs": NaN,
        "Normalized EBITDA": NaN,
        "Total Unusual Items": NaN,
        "Total Unusual Items Excluding Goodwill": NaN,
        "Net Income From Continuing Operation Net Minority Interest": NaN,
        "Reconciled Depreciation": NaN,
        "Reconciled Cost Of Revenue": NaN,
        "EBITDA": NaN,
        "EBIT": NaN,
        "Net Interest Income": NaN,
        "Interest Expense": NaN,
        "Interest Income": NaN,
        "Normalized Income": NaN,
        "Net Income From Continuing And Discontinued Operation": NaN,
        "Total Expenses": NaN,
        "Total Operating Income As Reported": NaN,
        "Diluted Average Shares": NaN,
        "Basic Average Shares": NaN,
        "Diluted EPS": NaN,
        "Basic EPS": NaN,
        "Diluted NI Availto Com Stockholders": NaN,
        "Net Income Common Stockholders": NaN,
        "Net Income": NaN,
        "Net Income Including Noncontrolling Interests": NaN,
        "Net Income Continuous Operations": NaN,
        "Tax Provision": NaN,
        "Pretax Income": NaN,
        "Other Income Expense": NaN,
        "Other Non Operating Income Expenses": NaN,
        "Special Income Charges": NaN,
        "Other Special Charges": NaN,
        "Write Off": NaN,
        "Impairment Of Capital Assets": 0.0,
        "Net Non Operating Interest Income Expense": NaN,
        "Total Other Finance Cost": NaN,
        "Interest Expense Non Operating": NaN,
        "Interest Income Non Operating": NaN,
        "Operating Income": NaN,
        "Operating Expense": NaN,
        "Research And Development": NaN,
        "Selling General And Administration": NaN,
        "Gross Profit": NaN,
        "Cost Of Revenue": NaN,
        "Total Revenue": NaN,
        "Operating Revenue": NaN
    },
    "2024-09-30": {
        "Tax Effect Of Unusual Items": -134610.0,
        "Tax Rate For Calcs": 0.21,
        "Normalized EBITDA": -35626000.0,
        "Total Unusual Items": -641000.0,
        "Total Unusual Items Excluding Goodwill": -641000.0,
        "Net Income From Continuing Operation Net Minority Interest": -46182000.0,
        "Reconciled Depreciation": 6398000.0,
        "Reconciled Cost Of Revenue": 46062000.0,
        "EBITDA": -36267000.0,
        "EBIT": -42665000.0,
        "Net Interest Income": 3127000.0,
        "Interest Expense": 3329000.0,
        "Interest Income": 6456000.0,
        "Normalized Income": -45675610.0,
        "Net Income From Continuing And Discontinued Operation": -46182000.0,
        "Total Expenses": 197200000.0,
        "Total Operating Income As Reported": -50303000.0,
        "Diluted Average Shares": 31262000.0,
        "Basic Average Shares": 31262000.0,
        "Diluted EPS": -1.48,
        "Basic EPS": -1.48,
        "Diluted NI Availto Com Stockholders": -46182000.0,
        "Net Income Common Stockholders": -46182000.0,
        "Net Income": -46182000.0,
        "Net Income Including Noncontrolling Interests": -46182000.0,
        "Net Income Continuous Operations": -46182000.0,
        "Tax Provision": 188000.0,
        "Pretax Income": -45994000.0,
        "Other Income Expense": 541000.0,
        "Other Non Operating Income Expenses": 1182000.0,
        "Special Income Charges": -641000.0,
        "Other Special Charges": NaN,
        "Write Off": NaN,
        "Impairment Of Capital Assets": 641000.0,
        "Net Non Operating Interest Income Expense": 3127000.0,
        "Total Other Finance Cost": NaN,
        "Interest Expense Non Operating": 3329000.0,
        "Interest Income Non Operating": 6456000.0,
        "Operating Income": -49662000.0,
        "Operating Expense": 151138000.0,
        "Research And Development": 47763000.0,
        "Selling General And Administration": 103375000.0,
        "Gross Profit": 101476000.0,
        "Cost Of Revenue": 46062000.0,
        "Total Revenue": 147538000.0,
        "Operating Revenue": 147538000.0
    },
    "2024-12-31": {
        "Tax Effect Of Unusual Items": 0.0,
        "Tax Rate For Calcs": 0.21,
        "Normalized EBITDA": 8742000.0,
        "Total Unusual Items": 0.0,
        "Total Unusual Items Excluding Goodwill": 0.0,
        "Net Income From Continuing Operation Net Minority Interest": -1333000.0,
        "Reconciled Depreciation": 6604000.0,
        "Reconciled Cost Of Revenue": 49257000.0,
        "EBITDA": 8742000.0,
        "EBIT": 2138000.0,
        "Net Interest Income": 2420000.0,
        "Interest Expense": 3320000.0,
        "Interest Income": 5740000.0,
        "Normalized Income": -1333000.0,
        "Net Income From Continuing And Discontinued Operation": -1333000.0,
        "Total Expenses": 168408000.0,
        "Total Operating Income As Reported": -4083000.0,
        "Diluted Average Shares": 31343000.0,
        "Basic Average Shares": 31343000.0,
        "Diluted EPS": -0.04,
        "Basic EPS": -0.04,
        "Diluted NI Availto Com Stockholders": -1333000.0,
        "Net Income Common Stockholders": -1333000.0,
        "Net Income": -1333000.0,
        "Net Income Including Noncontrolling Interests": -1333000.0,
        "Net Income Continuous Operations": -1333000.0,
        "Tax Provision": 151000.0,
        "Pretax Income": -1182000.0,
        "Other Income Expense": 481000.0,
        "Other Non Operating Income Expenses": 481000.0,
        "Special Income Charges": 0.0,
        "Other Special Charges": 0.0,
        "Write Off": NaN,
        "Impairment Of Capital Assets": -641000.0,
        "Net Non Operating Interest Income Expense": 2420000.0,
        "Total Other Finance Cost": NaN,
        "Interest Expense Non Operating": 3320000.0,
        "Interest Income Non Operating": 5740000.0,
        "Operating Income": -4083000.0,
        "Operating Expense": 119151000.0,
        "Research And Development": 19383000.0,
        "Selling General And Administration": 99768000.0,
        "Gross Profit": 115068000.0,
        "Cost Of Revenue": 49257000.0,
        "Total Revenue": 164325000.0,
        "Operating Revenue": 164325000.0
    },
    "2025-03-31": {
        "Tax Effect Of Unusual Items": 0.0,
        "Tax Rate For Calcs": 0.21,
        "Normalized EBITDA": -20952000.0,
        "Total Unusual Items": 0.0,
        "Total Unusual Items Excluding Goodwill": 0.0,
        "Net Income From Continuing Operation Net Minority Interest": -30700000.0,
        "Reconciled Depreciation": 6603000.0,
        "Reconciled Cost Of Revenue": 49461000.0,
        "EBITDA": -20952000.0,
        "EBIT": -27555000.0,
        "Net Interest Income": 1646000.0,
        "Interest Expense": 2480000.0,
        "Interest Income": 4919000.0,
        "Normalized Income": -30700000.0,
        "Net Income From Continuing And Discontinued Operation": -30700000.0,
        "Total Expenses": 191233000.0,
        "Total Operating Income As Reported": -32556000.0,
        "Diluted Average Shares": 31590000.0,
        "Basic Average Shares": 31590000.0,
        "Diluted EPS": -0.97,
        "Basic EPS": -0.97,
        "Diluted NI Availto Com Stockholders": -30700000.0,
        "Net Income Common Stockholders": -30700000.0,
        "Net Income": -30700000.0,
        "Net Income Including Noncontrolling Interests": -30700000.0,
        "Net Income Continuous Operations": -30700000.0,
        "Tax Provision": 665000.0,
        "Pretax Income": -30035000.0,
        "Other Income Expense": 875000.0,
        "Other Non Operating Income Expenses": 875000.0,
        "Special Income Charges": 0.0,
        "Other Special Charges": NaN,
        "Write Off": NaN,
        "Impairment Of Capital Assets": NaN,
        "Net Non Operating Interest Income Expense": 1646000.0,
        "Total Other Finance Cost": 793000.0,
        "Interest Expense Non Operating": 2480000.0,
        "Interest Income Non Operating": 4919000.0,
        "Operating Income": -32556000.0,
        "Operating Expense": 141772000.0,
        "Research And Development": 21815000.0,
        "Selling General And Administration": 119957000.0,
        "Gross Profit": 109216000.0,
        "Cost Of Revenue": 49461000.0,
        "Total Revenue": 158677000.0,
        "Operating Revenue": 158677000.0
    },
    "2025-06-30": {
        "Tax Effect Of Unusual Items": -31501.77071,
        "Tax Rate For Calcs": 0.012707,
        "Normalized EBITDA": -2887000.0,
        "Total Unusual Items": -2479000.0,
        "Total Unusual Items Excluding Goodwill": -2479000.0,
        "Net Income From Continuing Operation Net Minority Interest": -14218000.0,
        "Reconciled Depreciation": 6528000.0,
        "Reconciled Cost Of Revenue": 53830000.0,
        "EBITDA": -5366000.0,
        "EBIT": -11894000.0,
        "Net Interest Income": 2043000.0,
        "Interest Expense": 2507000.0,
        "Interest Income": 5321000.0,
        "Normalized Income": -11770501.77071,
        "Net Income From Continuing And Discontinued Operation": -14218000.0,
        "Total Expenses": 202916000.0,
        "Total Operating Income As Reported": -18708000.0,
        "Diluted Average Shares": 31990000.0,
        "Basic Average Shares": 31990000.0,
        "Diluted EPS": -0.44,
        "Basic EPS": -0.44,
        "Diluted NI Availto Com Stockholders": -14218000.0,
        "Net Income Common Stockholders": -14218000.0,
        "Net Income": -14218000.0,
        "Net Income Including Noncontrolling Interests": -14218000.0,
        "Net Income Continuous Operations": -14218000.0,
        "Tax Provision": -183000.0,
        "Pretax Income": -14401000.0,
        "Other Income Expense": -215000.0,
        "Other Non Operating Income Expenses": 2264000.0,
        "Special Income Charges": -2479000.0,
        "Other Special Charges": NaN,
        "Write Off": NaN,
        "Impairment Of Capital Assets": 2479000.0,
        "Net Non Operating Interest Income Expense": 2043000.0,
        "Total Other Finance Cost": 771000.0,
        "Interest Expense Non Operating": 2507000.0,
        "Interest Income Non Operating": 5321000.0,
        "Operating Income": -16229000.0,
        "Operating Expense": 149086000.0,
        "Research And Development": 22710000.0,
        "Selling General And Administration": 126376000.0,
        "Gross Profit": 132857000.0,
        "Cost Of Revenue": 53830000.0,
        "Total Revenue": 186687000.0,
        "Operating Revenue": 186687000.0
    },
    "2025-09-30": {
        "Tax Effect Of Unusual Items": -63420.0,
        "Tax Rate For Calcs": 0.21,
        "Normalized EBITDA": 4270000.0,
        "Total Unusual Items": -302000.0,
        "Total Unusual Items Excluding Goodwill": -302000.0,
        "Net Income From Continuing Operation Net Minority Interest": -5212000.0,
        "Reconciled Depreciation": 6621000.0,
        "Reconciled Cost Of Revenue": 55762000.0,
        "EBITDA": 3968000.0,
        "EBIT": -2653000.0,
        "Net Interest Income": 2663000.0,
        "Interest Expense": 2535000.0,
        "Interest Income": 5944000.0,
        "Normalized Income": -4973420.0,
        "Net Income From Continuing And Discontinued Operation": -5212000.0,
        "Total Expenses": 201011000.0,
        "Total Operating Income As Reported": -8429000.0,
        "Diluted Average Shares": 32170000.0,
        "Basic Average Shares": 32170000.0,
        "Diluted EPS": -0.16,
        "Basic EPS": -0.16,
        "Diluted NI Availto Com Stockholders": -5212000.0,
        "Net Income Common Stockholders": -5212000.0,
        "Net Income": -5212000.0,
        "Net Income Including Noncontrolling Interests": -5212000.0,
        "Net Income Continuous Operations": -5212000.0,
        "Tax Provision": 24000.0,
        "Pretax Income": -5188000.0,
        "Other Income Expense": 276000.0,
        "Other Non Operating Income Expenses": 578000.0,
        "Special Income Charges": -302000.0,
        "Other Special Charges": 302000.0,
        "Write Off": 0.0,
        "Impairment Of Capital Assets": NaN,
        "Net Non Operating Interest Income Expense": 2663000.0,
        "Total Other Finance Cost": 746000.0,
        "Interest Expense Non Operating": 2535000.0,
        "Interest Income Non Operating": 5944000.0,
        "Operating Income": -8127000.0,
        "Operating Expense": 145249000.0,
        "Research And Development": 21033000.0,
        "Selling General And Administration": 124216000.0,
        "Gross Profit": 137122000.0,
        "Cost Of Revenue": 55762000.0,
        "Total Revenue": 192884000.0,
        "Operating Revenue": 192884000.0
    }
}