{
    "2023-03-31": {
        "Tax Effect Of Unusual Items": NaN,
        "Tax Rate For Calcs": NaN,
        "Normalized EBITDA": NaN,
        "Total Unusual Items": NaN,
        "Total Unusual Items Excluding Goodwill": NaN,
        "Net Income From Continuing Operation Net Minority Interest": NaN,
        "Reconciled Depreciation": NaN,
        "EBITDA": NaN,
        "EBIT": NaN,
        "Net Interest Income": NaN,
        "Interest Expense": NaN,
        "Interest Income": NaN,
        "Normalized Income": NaN,
        "Net Income From Continuing And Discontinued Operation": NaN,
        "Total Expenses": NaN,
        "Total Operating Income As Reported": NaN,
        "Diluted Average Shares": NaN,
        "Basic Average Shares": NaN,
        "Diluted EPS": NaN,
        "Basic EPS": NaN,
        "Diluted NI Availto Com Stockholders": NaN,
        "Average Dilution Earnings": NaN,
        "Net Income Common Stockholders": NaN,
        "Net Income": NaN,
        "Minority Interests": NaN,
        "Net Income Including Noncontrolling Interests": NaN,
        "Net Income Continuous Operations": NaN,
        "Tax Provision": NaN,
        "Pretax Income": NaN,
        "Other Income Expense": NaN,
        "Special Income Charges": NaN,
        "Other Special Charges": NaN,
        "Restructuring And Mergern Acquisition": NaN,
        "Gain On Sale Of Security": 19000.0,
        "Net Non Operating Interest Income Expense": NaN,
        "Total Other Finance Cost": 402000.0,
        "Interest Expense Non Operating": NaN,
        "Interest Income Non Operating": NaN,
        "Operating Income": NaN,
        "Operating Expense": NaN,
        "Research And Development": NaN,
        "Selling General And Administration": NaN,
        "Total Revenue": NaN,
        "Operating Revenue": NaN
    },
    "2022-12-31": {
        "Tax Effect Of Unusual Items": NaN,
        "Tax Rate For Calcs": NaN,
        "Normalized EBITDA": NaN,
        "Total Unusual Items": NaN,
        "Total Unusual Items Excluding Goodwill": NaN,
        "Net Income From Continuing Operation Net Minority Interest": NaN,
        "Reconciled Depreciation": NaN,
        "EBITDA": NaN,
        "EBIT": NaN,
        "Net Interest Income": NaN,
        "Interest Expense": NaN,
        "Interest Income": NaN,
        "Normalized Income": NaN,
        "Net Income From Continuing And Discontinued Operation": NaN,
        "Total Expenses": NaN,
        "Total Operating Income As Reported": NaN,
        "Diluted Average Shares": NaN,
        "Basic Average Shares": NaN,
        "Diluted EPS": NaN,
        "Basic EPS": NaN,
        "Diluted NI Availto Com Stockholders": NaN,
        "Average Dilution Earnings": NaN,
        "Net Income Common Stockholders": NaN,
        "Net Income": NaN,
        "Minority Interests": NaN,
        "Net Income Including Noncontrolling Interests": NaN,
        "Net Income Continuous Operations": NaN,
        "Tax Provision": NaN,
        "Pretax Income": NaN,
        "Other Income Expense": NaN,
        "Special Income Charges": NaN,
        "Other Special Charges": NaN,
        "Restructuring And Mergern Acquisition": NaN,
        "Gain On Sale Of Security": -18000.0,
        "Net Non Operating Interest Income Expense": NaN,
        "Total Other Finance Cost": NaN,
        "Interest Expense Non Operating": NaN,
        "Interest Income Non Operating": NaN,
        "Operating Income": NaN,
        "Operating Expense": NaN,
        "Research And Development": NaN,
        "Selling General And Administration": NaN,
        "Total Revenue": NaN,
        "Operating Revenue": NaN
    },
    "2022-09-30": {
        "Tax Effect Of Unusual Items": NaN,
        "Tax Rate For Calcs": NaN,
        "Normalized EBITDA": NaN,
        "Total Unusual Items": NaN,
        "Total Unusual Items Excluding Goodwill": NaN,
        "Net Income From Continuing Operation Net Minority Interest": NaN,
        "Reconciled Depreciation": NaN,
        "EBITDA": NaN,
        "EBIT": NaN,
        "Net Interest Income": NaN,
        "Interest Expense": NaN,
        "Interest Income": NaN,
        "Normalized Income": NaN,
        "Net Income From Continuing And Discontinued Operation": NaN,
        "Total Expenses": NaN,
        "Total Operating Income As Reported": NaN,
        "Diluted Average Shares": NaN,
        "Basic Average Shares": NaN,
        "Diluted EPS": NaN,
        "Basic EPS": NaN,
        "Diluted NI Availto Com Stockholders": NaN,
        "Average Dilution Earnings": NaN,
        "Net Income Common Stockholders": NaN,
        "Net Income": NaN,
        "Minority Interests": 0.0,
        "Net Income Including Noncontrolling Interests": NaN,
        "Net Income Continuous Operations": NaN,
        "Tax Provision": NaN,
        "Pretax Income": NaN,
        "Other Income Expense": NaN,
        "Special Income Charges": NaN,
        "Other Special Charges": NaN,
        "Restructuring And Mergern Acquisition": NaN,
        "Gain On Sale Of Security": 151000.0,
        "Net Non Operating Interest Income Expense": NaN,
        "Total Other Finance Cost": 399000.0,
        "Interest Expense Non Operating": NaN,
        "Interest Income Non Operating": NaN,
        "Operating Income": NaN,
        "Operating Expense": NaN,
        "Research And Development": NaN,
        "Selling General And Administration": NaN,
        "Total Revenue": NaN,
        "Operating Revenue": NaN
    },
    "2022-06-30": {
        "Tax Effect Of Unusual Items": -211510.737194,
        "Tax Rate For Calcs": 0.310588,
        "Normalized EBITDA": 56517000.0,
        "Total Unusual Items": -681000.0,
        "Total Unusual Items Excluding Goodwill": -681000.0,
        "Net Income From Continuing Operation Net Minority Interest": 37080000.0,
        "Reconciled Depreciation": 360000.0,
        "EBITDA": 55836000.0,
        "EBIT": 55476000.0,
        "Net Interest Income": -1189000.0,
        "Interest Expense": 1691000.0,
        "Interest Income": 1018000.0,
        "Normalized Income": 37549489.262806,
        "Net Income From Continuing And Discontinued Operation": 37080000.0,
        "Total Expenses": 41576000.0,
        "Total Operating Income As Reported": 55655000.0,
        "Diluted Average Shares": 184876000.0,
        "Basic Average Shares": 153304000.0,
        "Diluted EPS": 0.21,
        "Basic EPS": 0.24,
        "Diluted NI Availto Com Stockholders": 38192000.0,
        "Average Dilution Earnings": 1112000.0,
        "Net Income Common Stockholders": 37080000.0,
        "Net Income": 37080000.0,
        "Minority Interests": NaN,
        "Net Income Including Noncontrolling Interests": 37080000.0,
        "Net Income Continuous Operations": 37080000.0,
        "Tax Provision": 16705000.0,
        "Pretax Income": 53785000.0,
        "Other Income Expense": -681000.0,
        "Special Income Charges": 0.0,
        "Restructuring And Mergern Acquisition": 0.0,
        "Gain On Sale Of Security": -681000.0,
        "Net Non Operating Interest Income Expense": -1189000.0,
        "Total Other Finance Cost": 516000.0,
        "Interest Expense Non Operating": 1691000.0,
        "Interest Income Non Operating": 1018000.0,
        "Operating Income": 55655000.0,
        "Operating Expense": 41576000.0,
        "Research And Development": 11452000.0,
        "Selling General And Administration": 30124000.0,
        "Total Revenue": 97231000.0,
        "Operating Revenue": 97231000.0
    },
    "2022-03-31": {
        "Diluted EPS": 0.21,
        "Total Revenue": 98,
        "Gross Profit": 98,
        "Operating Income": 58,
        "EBIT": 58,
        "Net Income": 39
    },
    "2021-12-31": {
        "Diluted EPS": 0.23,
        "Total Revenue": 117,
        "Gross Profit": 117,
        "Operating Income": 57,
        "EBIT": 57,
        "Net Income": 41
    },
    "2021-09-30": {
        "Diluted EPS": 0.34,
        "Total Revenue": 104,
        "Gross Profit": 104,
        "Operating Income": 65,
        "EBIT": 66,
        "Net Income": 56
    },
    "2021-06-30": {
        "Diluted EPS": 2.39,
        "Total Revenue": 104,
        "Gross Profit": 104,
        "Operating Income": 65,
        "EBIT": 65,
        "Net Income": 391
    },
    "2021-03-31": {
        "Diluted EPS": 0.25,
        "Total Revenue": 89,
        "Gross Profit": 89,
        "Operating Income": 45,
        "EBIT": 46,
        "Net Income": 40
    },
    "2020-12-31": {
        "Diluted EPS": 0.27,
        "Total Revenue": 117,
        "Gross Profit": 116,
        "Operating Income": 51,
        "EBIT": 52,
        "Net Income": 43
    },
    "2020-09-30": {
        "Diluted EPS": 0.21,
        "Total Revenue": 103,
        "Gross Profit": 103,
        "Operating Income": 46,
        "EBIT": 47,
        "Net Income": 34
    },
    "2020-06-30": {
        "Diluted EPS": 0.16,
        "Total Revenue": 89,
        "Gross Profit": 89,
        "Operating Income": 33,
        "EBIT": 33,
        "Net Income": 25
    },
    "2020-03-31": {
        "Diluted EPS": 0.02,
        "Total Revenue": 80,
        "Gross Profit": 78,
        "Operating Income": 13,
        "EBIT": 14,
        "Net Income": 3
    },
    "2019-12-31": {
        "Diluted EPS": 0.31,
        "Total Revenue": 126,
        "Gross Profit": 115,
        "Operating Income": 50,
        "EBIT": 50,
        "Net Income": 10
    },
    "2019-09-30": {
        "Diluted EPS": 0.13,
        "Total Revenue": 131,
        "Gross Profit": 131,
        "Operating Income": 66,
        "EBIT": 69,
        "Net Income": 21
    },
    "2019-06-30": {
        "Diluted EPS": 0.08,
        "Total Revenue": 102,
        "Gross Profit": 91,
        "Operating Income": 22,
        "EBIT": 22,
        "Net Income": 12
    },
    "2019-03-31": {
        "Diluted EPS": -0.38,
        "Total Revenue": 69,
        "Gross Profit": 68,
        "Operating Income": -17,
        "EBIT": -16,
        "Net Income": -22
    },
    "2018-12-31": {
        "Diluted EPS": -0.1,
        "Total Revenue": 131,
        "Gross Profit": 109,
        "Operating Income": 46,
        "EBIT": 47,
        "Net Income": -15
    },
    "2018-09-30": {
        "Diluted EPS": -1.14,
        "Total Revenue": 66,
        "Gross Profit": 61,
        "Operating Income": -147,
        "EBIT": -144,
        "Net Income": -174
    },
    "2018-06-30": {
        "Diluted EPS": -0.32,
        "Total Revenue": 81,
        "Gross Profit": 77,
        "Operating Income": -15,
        "EBIT": -11,
        "Net Income": -49
    },
    "2018-03-31": {
        "Diluted EPS": -0.29,
        "Total Revenue": 69,
        "Gross Profit": 67,
        "Operating Income": -36,
        "EBIT": -31,
        "Net Income": -43
    },
    "2017-12-31": {
        "Diluted EPS": 0.1,
        "Total Revenue": 94,
        "Gross Profit": 85,
        "Operating Income": 85,
        "EBIT": 88,
        "Net Income": 12
    },
    "2017-09-30": {
        "Diluted EPS": -0.22,
        "Total Revenue": 87,
        "Gross Profit": 81,
        "Operating Income": -19,
        "EBIT": -16,
        "Net Income": -32
    },
    "2017-06-30": {
        "Diluted EPS": -0.3,
        "Total Revenue": 65,
        "Gross Profit": 62,
        "Operating Income": -41,
        "EBIT": -39,
        "Net Income": -44
    },
    "2017-03-31": {
        "Diluted EPS": -0.36,
        "Total Revenue": 52,
        "Gross Profit": 52,
        "Operating Income": -40,
        "EBIT": -36,
        "Net Income": -53
    },
    "2016-12-31": {
        "Diluted EPS": -0.09,
        "Total Revenue": 87,
        "Gross Profit": 87,
        "Operating Income": -6,
        "EBIT": -7,
        "Net Income": -14
    },
    "2016-09-30": {
        "Diluted EPS": -0.23,
        "Total Revenue": 66,
        "Gross Profit": 66,
        "Operating Income": -28,
        "EBIT": -23,
        "Net Income": -33
    },
    "2016-06-30": {
        "Diluted EPS": -0.15,
        "Total Revenue": 54,
        "Gross Profit": 54,
        "Operating Income": -15,
        "EBIT": -12,
        "Net Income": -22
    },
    "2016-03-31": {
        "Diluted EPS": -0.09,
        "Total Revenue": 66,
        "Gross Profit": 66,
        "Operating Income": -2,
        "EBIT": 1,
        "Net Income": -13
    },
    "2015-12-31": {
        "Diluted EPS": -0.09,
        "Total Revenue": 53,
        "Gross Profit": 53,
        "Operating Income": -6,
        "EBIT": -3,
        "Net Income": -14
    },
    "2015-09-30": {
        "Diluted EPS": -0.33,
        "Total Revenue": 40,
        "Gross Profit": 40,
        "Operating Income": -26,
        "EBIT": -23,
        "Net Income": -47
    },
    "2015-06-30": {
        "Diluted EPS": -0.34,
        "Total Revenue": 28,
        "Gross Profit": 28,
        "Operating Income": -42,
        "EBIT": -39,
        "Net Income": -48
    },
    "2015-03-31": {
        "Diluted EPS": -0.24,
        "Total Revenue": 29,
        "Gross Profit": 29,
        "Operating Income": -28,
        "EBIT": -25,
        "Net Income": -33
    },
    "2014-12-31": {
        "Diluted EPS": -0.27,
        "Total Revenue": 38,
        "Gross Profit": 45,
        "Operating Income": -33,
        "EBIT": -30,
        "Net Income": -38
    },
    "2014-09-30": {
        "Diluted EPS": -0.3,
        "Total Revenue": 17,
        "Gross Profit": 17,
        "Operating Income": -37,
        "EBIT": -34,
        "Net Income": -42
    },
    "2014-06-30": {
        "Diluted EPS": -0.44,
        "Total Revenue": 7,
        "Gross Profit": -4,
        "Operating Income": -55,
        "EBIT": -52,
        "Net Income": -60
    },
    "2014-03-31": {
        "Diluted EPS": -0.38,
        "Total Revenue": 15,
        "Gross Profit": 13,
        "Operating Income": -44,
        "EBIT": -41,
        "Net Income": -50
    },
    "2013-12-31": {
        "Diluted EPS": -0.4,
        "Total Revenue": 5,
        "Gross Profit": 4,
        "Operating Income": -47,
        "EBIT": -44,
        "Net Income": -52
    },
    "2013-09-30": {
        "Diluted EPS": -0.51,
        "Total Revenue": 5,
        "Gross Profit": 3,
        "Operating Income": -57,
        "EBIT": -53,
        "Net Income": -62
    },
    "2013-06-30": {
        "Diluted EPS": -0.57,
        "Total Revenue": 10,
        "Gross Profit": 6,
        "Operating Income": -60,
        "EBIT": -57,
        "Net Income": -65
    },
    "2013-03-31": {
        "Diluted EPS": -0.87,
        "Total Revenue": 3,
        "Gross Profit": 2,
        "Operating Income": -89,
        "EBIT": -86,
        "Net Income": -94
    },
    "2012-12-31": {
        "Diluted EPS": -0.38,
        "Total Revenue": 27,
        "Gross Profit": 27,
        "Operating Income": -44,
        "EBIT": -41,
        "Net Income": -44
    },
    "2012-09-30": {
        "Diluted EPS": 0.42,
        "Total Revenue": 96,
        "Gross Profit": 96,
        "Operating Income": 48,
        "EBIT": 51,
        "Net Income": 48
    },
    "2012-06-30": {
        "Diluted EPS": -0.38,
        "Total Revenue": 15,
        "Gross Profit": 15,
        "Operating Income": -41,
        "EBIT": -38,
        "Net Income": -41
    },
    "2012-03-31": {
        "Diluted EPS": -0.34,
        "Total Revenue": 12,
        "Gross Profit": 12,
        "Operating Income": -36,
        "EBIT": -33,
        "Net Income": -36
    },
    "2011-12-31": {
        "Diluted EPS": -0.06,
        "Total Revenue": 32,
        "Gross Profit": 32,
        "Operating Income": -7,
        "EBIT": -4,
        "Net Income": -7
    },
    "2011-09-30": {
        "Diluted EPS": -0.21,
        "Total Revenue": 12,
        "Gross Profit": 12,
        "Operating Income": -22,
        "EBIT": -19,
        "Net Income": -21
    },
    "2011-06-30": {
        "Diluted EPS": -0.19,
        "Total Revenue": 11,
        "Gross Profit": 11,
        "Operating Income": -19,
        "EBIT": -16,
        "Net Income": -19
    },
    "2011-03-31": {
        "Diluted EPS": -0.19,
        "Total Revenue": 10,
        "Gross Profit": 10,
        "Operating Income": -19,
        "EBIT": -16,
        "Net Income": -18
    },
    "2010-12-31": {
        "Diluted EPS": -0.08,
        "Total Revenue": 17,
        "Gross Profit": 17,
        "Operating Income": -13,
        "EBIT": -11,
        "Net Income": -12
    },
    "2010-09-30": {
        "Diluted EPS": -0.08,
        "Total Revenue": 9,
        "Gross Profit": 9,
        "Operating Income": -16,
        "EBIT": -15,
        "Net Income": -8
    },
    "2010-06-30": {
        "Diluted EPS": -0.18,
        "Total Revenue": 9,
        "Gross Profit": 9,
        "Operating Income": -17,
        "EBIT": -16,
        "Net Income": -17
    },
    "2010-03-31": {
        "Diluted EPS": -0.25,
        "Total Revenue": 9,
        "Gross Profit": 9,
        "Operating Income": -14,
        "EBIT": -13,
        "Net Income": -16
    },
    "2009-12-31": {
        "Diluted EPS": -3.3,
        "Total Revenue": 7,
        "Gross Profit": 7,
        "Operating Income": -15,
        "EBIT": -14,
        "Net Income": -24
    },
    "2009-09-30": {
        "Diluted EPS": -1.53,
        "Total Revenue": 15,
        "Gross Profit": 15,
        "Operating Income": -8,
        "EBIT": -7,
        "Net Income": -11
    },
    "2009-06-30": {
        "Diluted EPS": -2.61,
        "Total Revenue": 7,
        "Gross Profit": 7,
        "Operating Income": -19,
        "EBIT": -17,
        "Net Income": -18
    },
    "2009-03-31": {
        "Diluted EPS": -2.56,
        "Total Revenue": 5,
        "Gross Profit": 5,
        "Operating Income": -19,
        "EBIT": -17,
        "Net Income": -18
    },
    "2023-06-30": {
        "Tax Effect Of Unusual Items": NaN,
        "Tax Rate For Calcs": NaN,
        "Normalized EBITDA": NaN,
        "Total Unusual Items": NaN,
        "Total Unusual Items Excluding Goodwill": NaN,
        "Net Income From Continuing Operation Net Minority Interest": NaN,
        "Reconciled Depreciation": NaN,
        "EBITDA": NaN,
        "EBIT": NaN,
        "Net Interest Income": NaN,
        "Interest Expense": NaN,
        "Interest Income": NaN,
        "Normalized Income": NaN,
        "Net Income From Continuing And Discontinued Operation": NaN,
        "Total Expenses": NaN,
        "Total Operating Income As Reported": NaN,
        "Diluted Average Shares": NaN,
        "Basic Average Shares": NaN,
        "Diluted EPS": NaN,
        "Basic EPS": NaN,
        "Diluted NI Availto Com Stockholders": NaN,
        "Average Dilution Earnings": 0.0,
        "Net Income Common Stockholders": NaN,
        "Net Income": NaN,
        "Minority Interests": 27291000.0,
        "Net Income Including Noncontrolling Interests": NaN,
        "Net Income Continuous Operations": NaN,
        "Tax Provision": NaN,
        "Pretax Income": NaN,
        "Other Income Expense": NaN,
        "Special Income Charges": NaN,
        "Other Special Charges": 1090449000.0,
        "Restructuring And Mergern Acquisition": NaN,
        "Gain On Sale Of Security": NaN,
        "Net Non Operating Interest Income Expense": NaN,
        "Total Other Finance Cost": 499000.0,
        "Interest Expense Non Operating": NaN,
        "Interest Income Non Operating": NaN,
        "Operating Income": NaN,
        "Operating Expense": NaN,
        "Research And Development": NaN,
        "Selling General And Administration": NaN,
        "Total Revenue": NaN,
        "Operating Revenue": NaN
    },
    "2023-09-30": {
        "Tax Effect Of Unusual Items": NaN,
        "Tax Rate For Calcs": NaN,
        "Normalized EBITDA": NaN,
        "Total Unusual Items": NaN,
        "Total Unusual Items Excluding Goodwill": NaN,
        "Net Income From Continuing Operation Net Minority Interest": NaN,
        "Reconciled Depreciation": NaN,
        "EBITDA": NaN,
        "EBIT": NaN,
        "Net Interest Income": NaN,
        "Interest Expense": NaN,
        "Interest Income": NaN,
        "Normalized Income": NaN,
        "Net Income From Continuing And Discontinued Operation": NaN,
        "Total Expenses": NaN,
        "Total Operating Income As Reported": NaN,
        "Diluted Average Shares": NaN,
        "Basic Average Shares": NaN,
        "Diluted EPS": NaN,
        "Basic EPS": NaN,
        "Diluted NI Availto Com Stockholders": NaN,
        "Average Dilution Earnings": 1117000.0,
        "Net Income Common Stockholders": NaN,
        "Net Income": NaN,
        "Minority Interests": 1371000.0,
        "Net Income Including Noncontrolling Interests": NaN,
        "Net Income Continuous Operations": NaN,
        "Tax Provision": NaN,
        "Pretax Income": NaN,
        "Other Income Expense": NaN,
        "Other Non Operating Income Expenses": NaN,
        "Special Income Charges": NaN,
        "Other Special Charges": NaN,
        "Restructuring And Mergern Acquisition": NaN,
        "Gain On Sale Of Security": NaN,
        "Net Non Operating Interest Income Expense": NaN,
        "Total Other Finance Cost": 405000.0,
        "Interest Expense Non Operating": NaN,
        "Interest Income Non Operating": NaN,
        "Operating Income": NaN,
        "Operating Expense": NaN,
        "Research And Development": NaN,
        "Selling General And Administration": NaN,
        "Total Revenue": NaN,
        "Operating Revenue": NaN
    },
    "2023-12-31": {
        "Tax Effect Of Unusual Items": NaN,
        "Tax Rate For Calcs": NaN,
        "Normalized EBITDA": NaN,
        "Total Unusual Items": NaN,
        "Total Unusual Items Excluding Goodwill": NaN,
        "Net Income From Continuing Operation Net Minority Interest": NaN,
        "Reconciled Depreciation": NaN,
        "EBITDA": NaN,
        "EBIT": NaN,
        "Net Interest Income": NaN,
        "Interest Expense": NaN,
        "Interest Income": NaN,
        "Normalized Income": NaN,
        "Net Income From Continuing And Discontinued Operation": NaN,
        "Total Expenses": NaN,
        "Total Operating Income As Reported": NaN,
        "Diluted Average Shares": NaN,
        "Basic Average Shares": NaN,
        "Diluted EPS": NaN,
        "Basic EPS": NaN,
        "Diluted NI Availto Com Stockholders": NaN,
        "Average Dilution Earnings": NaN,
        "Net Income Common Stockholders": NaN,
        "Net Income": NaN,
        "Minority Interests": 658000.0,
        "Net Income Including Noncontrolling Interests": NaN,
        "Net Income Continuous Operations": NaN,
        "Tax Provision": NaN,
        "Pretax Income": NaN,
        "Other Income Expense": NaN,
        "Other Non Operating Income Expenses": NaN,
        "Special Income Charges": NaN,
        "Other Special Charges": 5000000.0,
        "Restructuring And Mergern Acquisition": NaN,
        "Gain On Sale Of Security": 0.0,
        "Net Non Operating Interest Income Expense": NaN,
        "Total Other Finance Cost": NaN,
        "Interest Expense Non Operating": NaN,
        "Interest Income Non Operating": NaN,
        "Operating Income": NaN,
        "Operating Expense": NaN,
        "Research And Development": NaN,
        "Selling General And Administration": NaN,
        "Total Revenue": NaN,
        "Operating Revenue": NaN
    },
    "2024-03-31": {
        "Tax Effect Of Unusual Items": NaN,
        "Tax Rate For Calcs": NaN,
        "Normalized EBITDA": NaN,
        "Total Unusual Items": NaN,
        "Total Unusual Items Excluding Goodwill": NaN,
        "Net Income From Continuing Operation Net Minority Interest": NaN,
        "Reconciled Depreciation": NaN,
        "EBITDA": NaN,
        "EBIT": NaN,
        "Net Interest Income": NaN,
        "Interest Expense": NaN,
        "Interest Income": NaN,
        "Normalized Income": NaN,
        "Net Income From Continuing And Discontinued Operation": NaN,
        "Total Expenses": NaN,
        "Total Operating Income As Reported": NaN,
        "Diluted Average Shares": NaN,
        "Basic Average Shares": NaN,
        "Diluted EPS": NaN,
        "Basic EPS": NaN,
        "Diluted NI Availto Com Stockholders": NaN,
        "Average Dilution Earnings": 0.0,
        "Net Income Common Stockholders": NaN,
        "Net Income": NaN,
        "Minority Interests": NaN,
        "Net Income Including Noncontrolling Interests": NaN,
        "Net Income Continuous Operations": NaN,
        "Tax Provision": NaN,
        "Pretax Income": NaN,
        "Other Income Expense": NaN,
        "Other Non Operating Income Expenses": NaN,
        "Special Income Charges": NaN,
        "Restructuring And Mergern Acquisition": NaN,
        "Net Non Operating Interest Income Expense": NaN,
        "Total Other Finance Cost": 408000.0,
        "Interest Expense Non Operating": NaN,
        "Interest Income Non Operating": NaN,
        "Operating Income": NaN,
        "Operating Expense": NaN,
        "Research And Development": NaN,
        "Selling General And Administration": NaN,
        "Total Revenue": NaN,
        "Operating Revenue": NaN
    },
    "2024-06-30": {
        "Tax Effect Of Unusual Items": -434070.0,
        "Tax Rate For Calcs": 0.21,
        "Normalized EBITDA": 28919000.0,
        "Total Unusual Items": -2067000.0,
        "Total Unusual Items Excluding Goodwill": -2067000.0,
        "Net Income From Continuing Operation Net Minority Interest": -860000.0,
        "Reconciled Depreciation": 506000.0,
        "EBITDA": 26852000.0,
        "EBIT": 26346000.0,
        "Net Interest Income": -6101000.0,
        "Interest Expense": 7470000.0,
        "Interest Income": 1369000.0,
        "Normalized Income": 772930.0,
        "Net Income From Continuing And Discontinued Operation": -860000.0,
        "Total Expenses": 67352000.0,
        "Total Operating Income As Reported": 24977000.0,
        "Diluted Average Shares": 159014000.0,
        "Basic Average Shares": 159014000.0,
        "Diluted EPS": -0.01,
        "Basic EPS": -0.01,
        "Diluted NI Availto Com Stockholders": -860000.0,
        "Average Dilution Earnings": 0.0,
        "Net Income Common Stockholders": -860000.0,
        "Net Income": -860000.0,
        "Minority Interests": 0.0,
        "Net Income Including Noncontrolling Interests": -860000.0,
        "Net Income Continuous Operations": -860000.0,
        "Tax Provision": 19736000.0,
        "Pretax Income": 18876000.0,
        "Other Income Expense": -2067000.0,
        "Other Non Operating Income Expenses": NaN,
        "Special Income Charges": -2067000.0,
        "Restructuring And Mergern Acquisition": 2067000.0,
        "Net Non Operating Interest Income Expense": -6101000.0,
        "Total Other Finance Cost": NaN,
        "Interest Expense Non Operating": 7470000.0,
        "Interest Income Non Operating": 1369000.0,
        "Operating Income": 27044000.0,
        "Operating Expense": 67352000.0,
        "Research And Development": 30388000.0,
        "Selling General And Administration": 36964000.0,
        "Total Revenue": 94396000.0,
        "Operating Revenue": 94396000.0
    },
    "2024-09-30": {
        "Tax Effect Of Unusual Items": -3360.0,
        "Tax Rate For Calcs": 0.21,
        "Normalized EBITDA": 27311000.0,
        "Total Unusual Items": -16000.0,
        "Total Unusual Items Excluding Goodwill": -16000.0,
        "Net Income From Continuing Operation Net Minority Interest": 3646000.0,
        "Reconciled Depreciation": 507000.0,
        "EBITDA": 27295000.0,
        "EBIT": 26788000.0,
        "Net Interest Income": -8267000.0,
        "Interest Expense": 9419000.0,
        "Interest Income": 1152000.0,
        "Normalized Income": 3658640.0,
        "Net Income From Continuing And Discontinued Operation": 3646000.0,
        "Total Expenses": 65940000.0,
        "Total Operating Income As Reported": 25636000.0,
        "Diluted Average Shares": 160232000.0,
        "Basic Average Shares": 159706000.0,
        "Diluted EPS": 0.02,
        "Basic EPS": 0.02,
        "Diluted NI Availto Com Stockholders": 3646000.0,
        "Average Dilution Earnings": 0.0,
        "Net Income Common Stockholders": 3646000.0,
        "Net Income": 3646000.0,
        "Minority Interests": 0.0,
        "Net Income Including Noncontrolling Interests": 3646000.0,
        "Net Income Continuous Operations": 3646000.0,
        "Tax Provision": 13723000.0,
        "Pretax Income": 17369000.0,
        "Other Income Expense": -16000.0,
        "Other Non Operating Income Expenses": NaN,
        "Special Income Charges": -16000.0,
        "Restructuring And Mergern Acquisition": 16000.0,
        "Net Non Operating Interest Income Expense": -8267000.0,
        "Total Other Finance Cost": NaN,
        "Interest Expense Non Operating": 9419000.0,
        "Interest Income Non Operating": 1152000.0,
        "Operating Income": 25652000.0,
        "Operating Expense": 65940000.0,
        "Research And Development": 29827000.0,
        "Selling General And Administration": 36113000.0,
        "Total Revenue": 91592000.0,
        "Operating Revenue": 91592000.0
    },
    "2024-12-31": {
        "Tax Effect Of Unusual Items": -15330.0,
        "Tax Rate For Calcs": 0.21,
        "Normalized EBITDA": 33467000.0,
        "Total Unusual Items": -73000.0,
        "Total Unusual Items Excluding Goodwill": -73000.0,
        "Net Income From Continuing Operation Net Minority Interest": 2256000.0,
        "Reconciled Depreciation": 485000.0,
        "EBITDA": 33394000.0,
        "EBIT": 32909000.0,
        "Net Interest Income": -8136000.0,
        "Interest Expense": 8914000.0,
        "Interest Income": 778000.0,
        "Normalized Income": 2313670.0,
        "Net Income From Continuing And Discontinued Operation": 2256000.0,
        "Total Expenses": 58981000.0,
        "Total Operating Income As Reported": 31491000.0,
        "Diluted Average Shares": 160419000.0,
        "Basic Average Shares": 159895000.0,
        "Diluted EPS": 0.02,
        "Basic EPS": 0.02,
        "Diluted NI Availto Com Stockholders": 2256000.0,
        "Average Dilution Earnings": 0.0,
        "Net Income Common Stockholders": 2256000.0,
        "Net Income": 2256000.0,
        "Minority Interests": 0.0,
        "Net Income Including Noncontrolling Interests": 2256000.0,
        "Net Income Continuous Operations": 2256000.0,
        "Tax Provision": 21739000.0,
        "Pretax Income": 23995000.0,
        "Other Income Expense": 567000.0,
        "Other Non Operating Income Expenses": NaN,
        "Special Income Charges": -73000.0,
        "Restructuring And Mergern Acquisition": 73000.0,
        "Net Non Operating Interest Income Expense": -8136000.0,
        "Total Other Finance Cost": NaN,
        "Interest Expense Non Operating": 8914000.0,
        "Interest Income Non Operating": 778000.0,
        "Operating Income": 31564000.0,
        "Operating Expense": 58981000.0,
        "Research And Development": 25391000.0,
        "Selling General And Administration": 33590000.0,
        "Total Revenue": 90545000.0,
        "Operating Revenue": 90545000.0
    },
    "2025-03-31": {
        "Tax Effect Of Unusual Items": -3897390.0,
        "Tax Rate For Calcs": 0.21,
        "Normalized EBITDA": -9335000.0,
        "Total Unusual Items": -18559000.0,
        "Total Unusual Items Excluding Goodwill": -18559000.0,
        "Net Income From Continuing Operation Net Minority Interest": -37386000.0,
        "Reconciled Depreciation": 479000.0,
        "EBITDA": -27894000.0,
        "EBIT": -28373000.0,
        "Net Interest Income": -7201000.0,
        "Interest Expense": 7899000.0,
        "Interest Income": 869000.0,
        "Normalized Income": -22724390.0,
        "Net Income From Continuing And Discontinued Operation": -37386000.0,
        "Total Expenses": 51692000.0,
        "Total Operating Income As Reported": -29108000.0,
        "Diluted Average Shares": 162547826.0,
        "Basic Average Shares": 162547826.0,
        "Diluted EPS": -0.23,
        "Basic EPS": -0.23,
        "Diluted NI Availto Com Stockholders": -37386000.0,
        "Average Dilution Earnings": NaN,
        "Net Income Common Stockholders": -37386000.0,
        "Net Income": -37386000.0,
        "Minority Interests": NaN,
        "Net Income Including Noncontrolling Interests": -37386000.0,
        "Net Income Continuous Operations": -37386000.0,
        "Tax Provision": 1114000.0,
        "Pretax Income": -36272000.0,
        "Other Income Expense": -18522000.0,
        "Other Non Operating Income Expenses": 37000.0,
        "Special Income Charges": -18559000.0,
        "Restructuring And Mergern Acquisition": 18559000.0,
        "Net Non Operating Interest Income Expense": -7201000.0,
        "Total Other Finance Cost": 171000.0,
        "Interest Expense Non Operating": 7899000.0,
        "Interest Income Non Operating": 869000.0,
        "Operating Income": -10549000.0,
        "Operating Expense": 51692000.0,
        "Research And Development": 27432000.0,
        "Selling General And Administration": 24260000.0,
        "Total Revenue": 41143000.0,
        "Operating Revenue": 41143000.0
    },
    "2025-06-30": {
        "Tax Effect Of Unusual Items": 94012.743906,
        "Tax Rate For Calcs": 0.376051,
        "Normalized EBITDA": 46395000.0,
        "Total Unusual Items": 250000.0,
        "Total Unusual Items Excluding Goodwill": 250000.0,
        "Net Income From Continuing Operation Net Minority Interest": 23599000.0,
        "Reconciled Depreciation": 467000.0,
        "EBITDA": 46645000.0,
        "EBIT": 46178000.0,
        "Net Interest Income": -7538000.0,
        "Interest Expense": 8356000.0,
        "Interest Income": 818000.0,
        "Normalized Income": 23443012.743906,
        "Net Income From Continuing And Discontinued Operation": 23599000.0,
        "Total Expenses": 40168000.0,
        "Total Operating Income As Reported": 45321000.0,
        "Diluted Average Shares": 176837000.0,
        "Basic Average Shares": 161723000.0,
        "Diluted EPS": 0.14,
        "Basic EPS": 0.15,
        "Diluted NI Availto Com Stockholders": 24291000.0,
        "Average Dilution Earnings": 692000.0,
        "Net Income Common Stockholders": 23599000.0,
        "Net Income": 23599000.0,
        "Minority Interests": NaN,
        "Net Income Including Noncontrolling Interests": 23599000.0,
        "Net Income Continuous Operations": 23599000.0,
        "Tax Provision": 14223000.0,
        "Pretax Income": 37822000.0,
        "Other Income Expense": 289000.0,
        "Other Non Operating Income Expenses": 39000.0,
        "Special Income Charges": 250000.0,
        "Restructuring And Mergern Acquisition": -250000.0,
        "Net Non Operating Interest Income Expense": -7538000.0,
        "Total Other Finance Cost": NaN,
        "Interest Expense Non Operating": 8356000.0,
        "Interest Income Non Operating": 818000.0,
        "Operating Income": 45071000.0,
        "Operating Expense": 40168000.0,
        "Research And Development": 23373000.0,
        "Selling General And Administration": 16795000.0,
        "Total Revenue": 85239000.0,
        "Operating Revenue": 85239000.0
    }
}