{
    "2023-03-31": {
        "Tax Effect Of Unusual Items": NaN,
        "Tax Rate For Calcs": NaN,
        "Normalized EBITDA": NaN,
        "Total Unusual Items": NaN,
        "Total Unusual Items Excluding Goodwill": NaN,
        "Net Income From Continuing Operation Net Minority Interest": NaN,
        "Reconciled Depreciation": NaN,
        "Reconciled Cost Of Revenue": NaN,
        "EBITDA": NaN,
        "EBIT": NaN,
        "Net Interest Income": NaN,
        "Interest Expense": NaN,
        "Normalized Income": NaN,
        "Net Income From Continuing And Discontinued Operation": NaN,
        "Total Expenses": NaN,
        "Diluted Average Shares": NaN,
        "Basic Average Shares": NaN,
        "Diluted EPS": NaN,
        "Basic EPS": NaN,
        "Diluted NI Availto Com Stockholders": NaN,
        "Net Income Common Stockholders": NaN,
        "Otherunder Preferred Stock Dividend": 0.0,
        "Net Income": NaN,
        "Minority Interests": NaN,
        "Net Income Including Noncontrolling Interests": NaN,
        "Net Income Continuous Operations": NaN,
        "Tax Provision": NaN,
        "Pretax Income": NaN,
        "Other Income Expense": NaN,
        "Other Non Operating Income Expenses": NaN,
        "Special Income Charges": NaN,
        "Restructuring And Mergern Acquisition": NaN,
        "Gain On Sale Of Security": NaN,
        "Net Non Operating Interest Income Expense": NaN,
        "Total Other Finance Cost": NaN,
        "Interest Expense Non Operating": NaN,
        "Operating Income": NaN,
        "Operating Expense": NaN,
        "Other Operating Expenses": NaN,
        "Depreciation Amortization Depletion Income Statement": NaN,
        "Depreciation And Amortization In Income Statement": NaN,
        "Depreciation Income Statement": NaN,
        "Research And Development": NaN,
        "Selling General And Administration": NaN,
        "Selling And Marketing Expense": NaN,
        "General And Administrative Expense": NaN,
        "Other Gand A": NaN,
        "Salaries And Wages": NaN,
        "Gross Profit": NaN,
        "Cost Of Revenue": NaN,
        "Total Revenue": NaN,
        "Operating Revenue": NaN
    },
    "2022-12-31": {
        "Tax Effect Of Unusual Items": NaN,
        "Tax Rate For Calcs": NaN,
        "Normalized EBITDA": NaN,
        "Total Unusual Items": NaN,
        "Total Unusual Items Excluding Goodwill": NaN,
        "Net Income From Continuing Operation Net Minority Interest": NaN,
        "Reconciled Depreciation": NaN,
        "Reconciled Cost Of Revenue": NaN,
        "EBITDA": NaN,
        "EBIT": NaN,
        "Net Interest Income": NaN,
        "Normalized Income": NaN,
        "Net Income From Continuing And Discontinued Operation": NaN,
        "Total Expenses": NaN,
        "Diluted Average Shares": NaN,
        "Basic Average Shares": NaN,
        "Diluted EPS": NaN,
        "Basic EPS": NaN,
        "Diluted NI Availto Com Stockholders": NaN,
        "Net Income Common Stockholders": NaN,
        "Otherunder Preferred Stock Dividend": NaN,
        "Net Income": NaN,
        "Minority Interests": NaN,
        "Net Income Including Noncontrolling Interests": NaN,
        "Net Income Continuous Operations": NaN,
        "Tax Provision": NaN,
        "Pretax Income": NaN,
        "Other Income Expense": NaN,
        "Other Non Operating Income Expenses": NaN,
        "Special Income Charges": 0.0,
        "Gain On Sale Of Security": NaN,
        "Net Non Operating Interest Income Expense": NaN,
        "Total Other Finance Cost": NaN,
        "Operating Income": NaN,
        "Operating Expense": NaN,
        "Other Operating Expenses": NaN,
        "Depreciation Amortization Depletion Income Statement": NaN,
        "Depreciation And Amortization In Income Statement": NaN,
        "Depreciation Income Statement": NaN,
        "Research And Development": NaN,
        "Selling General And Administration": NaN,
        "Selling And Marketing Expense": NaN,
        "General And Administrative Expense": NaN,
        "Other Gand A": NaN,
        "Salaries And Wages": NaN,
        "Gross Profit": NaN,
        "Cost Of Revenue": NaN,
        "Total Revenue": NaN,
        "Operating Revenue": NaN
    },
    "2022-09-30": {
        "Tax Effect Of Unusual Items": NaN,
        "Tax Rate For Calcs": NaN,
        "Normalized EBITDA": NaN,
        "Total Unusual Items": NaN,
        "Total Unusual Items Excluding Goodwill": NaN,
        "Net Income From Continuing Operation Net Minority Interest": NaN,
        "Reconciled Depreciation": NaN,
        "Reconciled Cost Of Revenue": NaN,
        "EBITDA": NaN,
        "EBIT": NaN,
        "Net Interest Income": NaN,
        "Normalized Income": NaN,
        "Net Income From Continuing And Discontinued Operation": NaN,
        "Total Expenses": NaN,
        "Diluted Average Shares": NaN,
        "Basic Average Shares": NaN,
        "Diluted EPS": NaN,
        "Basic EPS": NaN,
        "Diluted NI Availto Com Stockholders": NaN,
        "Net Income Common Stockholders": NaN,
        "Otherunder Preferred Stock Dividend": NaN,
        "Net Income": NaN,
        "Minority Interests": NaN,
        "Net Income Including Noncontrolling Interests": NaN,
        "Net Income Continuous Operations": NaN,
        "Tax Provision": NaN,
        "Pretax Income": NaN,
        "Other Income Expense": NaN,
        "Other Non Operating Income Expenses": NaN,
        "Special Income Charges": 0.0,
        "Gain On Sale Of Security": NaN,
        "Net Non Operating Interest Income Expense": NaN,
        "Total Other Finance Cost": NaN,
        "Operating Income": NaN,
        "Operating Expense": NaN,
        "Other Operating Expenses": NaN,
        "Depreciation Amortization Depletion Income Statement": NaN,
        "Depreciation And Amortization In Income Statement": NaN,
        "Depreciation Income Statement": NaN,
        "Research And Development": NaN,
        "Selling General And Administration": NaN,
        "Selling And Marketing Expense": NaN,
        "General And Administrative Expense": NaN,
        "Other Gand A": NaN,
        "Salaries And Wages": NaN,
        "Gross Profit": NaN,
        "Cost Of Revenue": NaN,
        "Total Revenue": NaN,
        "Operating Revenue": NaN
    },
    "2022-06-30": {
        "Tax Effect Of Unusual Items": 4450400.0,
        "Tax Rate For Calcs": 0.4,
        "Normalized EBITDA": -28407000.0,
        "Total Unusual Items": 11126000.0,
        "Total Unusual Items Excluding Goodwill": 11126000.0,
        "Net Income From Continuing Operation Net Minority Interest": -7248000.0,
        "Reconciled Depreciation": 694000.0,
        "Reconciled Cost Of Revenue": 60081000.0,
        "EBITDA": -17281000.0,
        "EBIT": -17975000.0,
        "Net Interest Income": -193000.0,
        "Interest Expense": 193000.0,
        "Normalized Income": -13923600.0,
        "Net Income From Continuing And Discontinued Operation": -7248000.0,
        "Total Expenses": 101673000.0,
        "Diluted Average Shares": 52400000.0,
        "Basic Average Shares": 52400000.0,
        "Diluted EPS": -0.138321,
        "Basic EPS": -0.138321,
        "Diluted NI Availto Com Stockholders": -7248000.0,
        "Net Income Common Stockholders": -7248000.0,
        "Net Income": -7248000.0,
        "Minority Interests": 4274000.0,
        "Net Income Including Noncontrolling Interests": -7248000.0,
        "Net Income Continuous Operations": -7248000.0,
        "Tax Provision": 206000.0,
        "Pretax Income": -7042000.0,
        "Other Income Expense": 11126000.0,
        "Other Non Operating Income Expenses": NaN,
        "Special Income Charges": 0.0,
        "Gain On Sale Of Security": 11126000.0,
        "Net Non Operating Interest Income Expense": -193000.0,
        "Total Other Finance Cost": 193000.0,
        "Interest Expense Non Operating": 193000.0,
        "Operating Income": -17975000.0,
        "Operating Expense": 41592000.0,
        "Other Operating Expenses": 11179000.0,
        "Depreciation Amortization Depletion Income Statement": 694000.0,
        "Depreciation And Amortization In Income Statement": 694000.0,
        "Research And Development": 2876000.0,
        "Selling General And Administration": 26843000.0,
        "Selling And Marketing Expense": 11061000.0,
        "General And Administrative Expense": 15782000.0,
        "Other Gand A": 13351000.0,
        "Salaries And Wages": 2431000.0,
        "Gross Profit": 23617000.0,
        "Cost Of Revenue": 60081000.0,
        "Total Revenue": 83698000.0,
        "Operating Revenue": 83698000.0
    },
    "2022-03-31": {
        "Diluted EPS": -0.29,
        "Total Revenue": 82,
        "Gross Profit": 35,
        "Operating Income": -6,
        "EBIT": 8,
        "Net Income": -12
    },
    "2021-12-31": {
        "Diluted EPS": -0.07,
        "Total Revenue": 68,
        "Gross Profit": 26,
        "Operating Income": -19,
        "EBIT": -17,
        "Net Income": -9
    },
    "2021-09-30": {
        "Diluted EPS": -0.09,
        "Total Revenue": 65,
        "Gross Profit": 22,
        "Operating Income": -9,
        "EBIT": -8,
        "Net Income": -9
    },
    "2021-06-30": {
        "Diluted EPS": -0.01,
        "Total Revenue": 52,
        "Gross Profit": 17,
        "Operating Income": -10,
        "EBIT": -9,
        "Net Income": -1
    },
    "2021-03-31": {
        "Diluted EPS": -0.04,
        "Total Revenue": 49,
        "Gross Profit": 17,
        "Operating Income": 7,
        "EBIT": 8,
        "Net Income": -4
    },
    "2020-12-31": {
        "Diluted EPS": 0.0,
        "Total Revenue": NaN,
        "Gross Profit": NaN,
        "Operating Income": NaN,
        "EBIT": NaN,
        "Net Income": NaN
    },
    "2020-09-30": {
        "Diluted EPS": -0.01,
        "Total Revenue": NaN,
        "Gross Profit": NaN,
        "Operating Income": 0,
        "EBIT": 0,
        "Net Income": 0
    },
    "2023-06-30": {
        "Tax Effect Of Unusual Items": NaN,
        "Tax Rate For Calcs": NaN,
        "Normalized EBITDA": NaN,
        "Total Unusual Items": NaN,
        "Total Unusual Items Excluding Goodwill": NaN,
        "Net Income From Continuing Operation Net Minority Interest": NaN,
        "Reconciled Depreciation": NaN,
        "Reconciled Cost Of Revenue": NaN,
        "EBITDA": NaN,
        "EBIT": NaN,
        "Net Interest Income": NaN,
        "Interest Expense": NaN,
        "Normalized Income": NaN,
        "Net Income From Continuing And Discontinued Operation": NaN,
        "Total Expenses": NaN,
        "Diluted Average Shares": NaN,
        "Basic Average Shares": NaN,
        "Diluted EPS": NaN,
        "Basic EPS": NaN,
        "Diluted NI Availto Com Stockholders": NaN,
        "Net Income Common Stockholders": NaN,
        "Otherunder Preferred Stock Dividend": NaN,
        "Net Income": NaN,
        "Minority Interests": NaN,
        "Net Income Including Noncontrolling Interests": NaN,
        "Net Income Continuous Operations": NaN,
        "Tax Provision": NaN,
        "Pretax Income": NaN,
        "Other Income Expense": NaN,
        "Other Non Operating Income Expenses": NaN,
        "Special Income Charges": NaN,
        "Restructuring And Mergern Acquisition": NaN,
        "Gain On Sale Of Security": NaN,
        "Net Non Operating Interest Income Expense": NaN,
        "Total Other Finance Cost": -414000.0,
        "Interest Expense Non Operating": NaN,
        "Operating Income": NaN,
        "Operating Expense": NaN,
        "Other Operating Expenses": NaN,
        "Depreciation Amortization Depletion Income Statement": NaN,
        "Depreciation And Amortization In Income Statement": NaN,
        "Depreciation Income Statement": NaN,
        "Research And Development": NaN,
        "Selling General And Administration": NaN,
        "Selling And Marketing Expense": NaN,
        "General And Administrative Expense": NaN,
        "Other Gand A": NaN,
        "Salaries And Wages": 3731000.0,
        "Gross Profit": NaN,
        "Cost Of Revenue": NaN,
        "Total Revenue": NaN,
        "Operating Revenue": NaN
    },
    "2023-09-30": {
        "Tax Effect Of Unusual Items": NaN,
        "Tax Rate For Calcs": NaN,
        "Normalized EBITDA": NaN,
        "Total Unusual Items": NaN,
        "Total Unusual Items Excluding Goodwill": NaN,
        "Net Income From Continuing Operation Net Minority Interest": NaN,
        "Reconciled Depreciation": NaN,
        "Reconciled Cost Of Revenue": NaN,
        "EBITDA": NaN,
        "EBIT": NaN,
        "Net Interest Income": NaN,
        "Interest Expense": 1731000.0,
        "Normalized Income": NaN,
        "Net Income From Continuing And Discontinued Operation": NaN,
        "Total Expenses": NaN,
        "Rent Expense Supplemental": NaN,
        "Diluted Average Shares": NaN,
        "Basic Average Shares": NaN,
        "Diluted EPS": NaN,
        "Basic EPS": NaN,
        "Diluted NI Availto Com Stockholders": NaN,
        "Net Income Common Stockholders": NaN,
        "Otherunder Preferred Stock Dividend": 0.0,
        "Net Income": NaN,
        "Minority Interests": NaN,
        "Net Income Including Noncontrolling Interests": NaN,
        "Net Income Continuous Operations": NaN,
        "Tax Provision": NaN,
        "Pretax Income": NaN,
        "Other Income Expense": NaN,
        "Other Non Operating Income Expenses": NaN,
        "Special Income Charges": 0.0,
        "Restructuring And Mergern Acquisition": 0.0,
        "Gain On Sale Of Security": NaN,
        "Net Non Operating Interest Income Expense": NaN,
        "Total Other Finance Cost": 1731000.0,
        "Interest Expense Non Operating": 1731000.0,
        "Operating Income": NaN,
        "Operating Expense": NaN,
        "Other Operating Expenses": NaN,
        "Depreciation Amortization Depletion Income Statement": NaN,
        "Depreciation And Amortization In Income Statement": NaN,
        "Depreciation Income Statement": 1139000.0,
        "Research And Development": NaN,
        "Selling General And Administration": NaN,
        "Selling And Marketing Expense": NaN,
        "General And Administrative Expense": NaN,
        "Other Gand A": NaN,
        "Gross Profit": NaN,
        "Cost Of Revenue": NaN,
        "Total Revenue": NaN,
        "Operating Revenue": NaN
    },
    "2023-12-31": {
        "Tax Effect Of Unusual Items": NaN,
        "Tax Rate For Calcs": NaN,
        "Normalized EBITDA": NaN,
        "Total Unusual Items": NaN,
        "Total Unusual Items Excluding Goodwill": NaN,
        "Net Income From Continuing Operation Net Minority Interest": NaN,
        "Reconciled Depreciation": NaN,
        "Reconciled Cost Of Revenue": NaN,
        "EBITDA": NaN,
        "EBIT": NaN,
        "Net Interest Income": NaN,
        "Interest Expense": NaN,
        "Normalized Income": NaN,
        "Net Income From Continuing And Discontinued Operation": NaN,
        "Total Expenses": NaN,
        "Rent Expense Supplemental": NaN,
        "Diluted Average Shares": NaN,
        "Basic Average Shares": NaN,
        "Diluted EPS": NaN,
        "Basic EPS": NaN,
        "Diluted NI Availto Com Stockholders": NaN,
        "Net Income Common Stockholders": NaN,
        "Otherunder Preferred Stock Dividend": NaN,
        "Net Income": NaN,
        "Minority Interests": NaN,
        "Net Income Including Noncontrolling Interests": NaN,
        "Net Income Continuous Operations": NaN,
        "Tax Provision": NaN,
        "Pretax Income": NaN,
        "Other Income Expense": NaN,
        "Other Non Operating Income Expenses": NaN,
        "Special Income Charges": NaN,
        "Restructuring And Mergern Acquisition": NaN,
        "Gain On Sale Of Security": NaN,
        "Net Non Operating Interest Income Expense": NaN,
        "Total Other Finance Cost": -71000.0,
        "Interest Expense Non Operating": NaN,
        "Operating Income": NaN,
        "Operating Expense": NaN,
        "Other Operating Expenses": NaN,
        "Depreciation Amortization Depletion Income Statement": NaN,
        "Depreciation And Amortization In Income Statement": NaN,
        "Depreciation Income Statement": 1471000.0,
        "Research And Development": NaN,
        "Selling General And Administration": NaN,
        "Selling And Marketing Expense": NaN,
        "General And Administrative Expense": NaN,
        "Other Gand A": NaN,
        "Gross Profit": NaN,
        "Cost Of Revenue": NaN,
        "Total Revenue": NaN,
        "Operating Revenue": NaN
    },
    "2024-03-31": {
        "Tax Effect Of Unusual Items": NaN,
        "Tax Rate For Calcs": NaN,
        "Normalized EBITDA": NaN,
        "Total Unusual Items": NaN,
        "Total Unusual Items Excluding Goodwill": NaN,
        "Net Income From Continuing Operation Net Minority Interest": NaN,
        "Reconciled Depreciation": NaN,
        "Reconciled Cost Of Revenue": NaN,
        "EBITDA": NaN,
        "EBIT": NaN,
        "Net Interest Income": NaN,
        "Interest Expense": 323000.0,
        "Normalized Income": NaN,
        "Net Income From Continuing And Discontinued Operation": NaN,
        "Total Expenses": NaN,
        "Rent Expense Supplemental": 20029000.0,
        "Diluted Average Shares": NaN,
        "Basic Average Shares": NaN,
        "Diluted EPS": NaN,
        "Basic EPS": NaN,
        "Diluted NI Availto Com Stockholders": NaN,
        "Net Income Common Stockholders": NaN,
        "Otherunder Preferred Stock Dividend": 2066000.0,
        "Net Income": NaN,
        "Minority Interests": NaN,
        "Net Income Including Noncontrolling Interests": NaN,
        "Net Income Continuous Operations": NaN,
        "Tax Provision": NaN,
        "Pretax Income": NaN,
        "Other Income Expense": NaN,
        "Other Non Operating Income Expenses": NaN,
        "Special Income Charges": NaN,
        "Restructuring And Mergern Acquisition": NaN,
        "Gain On Sale Of Security": NaN,
        "Net Non Operating Interest Income Expense": NaN,
        "Total Other Finance Cost": 323000.0,
        "Interest Expense Non Operating": 323000.0,
        "Operating Income": NaN,
        "Operating Expense": NaN,
        "Other Operating Expenses": NaN,
        "Depreciation Amortization Depletion Income Statement": NaN,
        "Depreciation And Amortization In Income Statement": NaN,
        "Depreciation Income Statement": 1339000.0,
        "Research And Development": NaN,
        "Selling General And Administration": NaN,
        "Selling And Marketing Expense": NaN,
        "General And Administrative Expense": NaN,
        "Other Gand A": NaN,
        "Gross Profit": NaN,
        "Cost Of Revenue": NaN,
        "Total Revenue": NaN,
        "Operating Revenue": NaN
    },
    "2024-06-30": {
        "Tax Effect Of Unusual Items": -66360.0,
        "Tax Rate For Calcs": 0.21,
        "Normalized EBITDA": 6199000.0,
        "Total Unusual Items": -316000.0,
        "Total Unusual Items Excluding Goodwill": -316000.0,
        "Net Income From Continuing Operation Net Minority Interest": -8707000.0,
        "Reconciled Depreciation": 20513000.0,
        "Reconciled Cost Of Revenue": 31701000.0,
        "EBITDA": 5883000.0,
        "EBIT": -14630000.0,
        "Net Interest Income": -373000.0,
        "Interest Expense": NaN,
        "Normalized Income": -8457360.0,
        "Net Income From Continuing And Discontinued Operation": -8707000.0,
        "Total Expenses": 82012000.0,
        "Rent Expense Supplemental": NaN,
        "Diluted Average Shares": 3730000.0,
        "Basic Average Shares": 3730000.0,
        "Diluted EPS": -2.33,
        "Basic EPS": -2.33,
        "Diluted NI Availto Com Stockholders": -8707000.0,
        "Net Income Common Stockholders": -8707000.0,
        "Otherunder Preferred Stock Dividend": NaN,
        "Net Income": -8707000.0,
        "Minority Interests": 6686000.0,
        "Net Income Including Noncontrolling Interests": -15393000.0,
        "Net Income Continuous Operations": -15393000.0,
        "Tax Provision": 56000.0,
        "Pretax Income": -15337000.0,
        "Other Income Expense": -334000.0,
        "Other Non Operating Income Expenses": -18000.0,
        "Special Income Charges": NaN,
        "Restructuring And Mergern Acquisition": NaN,
        "Gain On Sale Of Security": -316000.0,
        "Net Non Operating Interest Income Expense": -373000.0,
        "Total Other Finance Cost": 373000.0,
        "Interest Expense Non Operating": NaN,
        "Operating Income": -14630000.0,
        "Operating Expense": 30811000.0,
        "Other Operating Expenses": 4766000.0,
        "Depreciation Amortization Depletion Income Statement": 1013000.0,
        "Depreciation And Amortization In Income Statement": 1013000.0,
        "Depreciation Income Statement": 1013000.0,
        "Research And Development": 2266000.0,
        "Selling General And Administration": 22766000.0,
        "Selling And Marketing Expense": 8772000.0,
        "General And Administrative Expense": 13994000.0,
        "Other Gand A": 13994000.0,
        "Gross Profit": 16181000.0,
        "Cost Of Revenue": 51201000.0,
        "Total Revenue": 67382000.0,
        "Operating Revenue": 67382000.0
    },
    "2024-09-30": {
        "Tax Effect Of Unusual Items": -157146.0,
        "Tax Rate For Calcs": 0.022,
        "Normalized EBITDA": 30907000.0,
        "Total Unusual Items": -7143000.0,
        "Total Unusual Items Excluding Goodwill": -7143000.0,
        "Net Income From Continuing Operation Net Minority Interest": 4332000.0,
        "Reconciled Depreciation": 16537000.0,
        "Reconciled Cost Of Revenue": 4575000.0,
        "EBITDA": 23764000.0,
        "EBIT": 7227000.0,
        "Net Interest Income": -454000.0,
        "Interest Expense": 454000.0,
        "Normalized Income": 11317854.0,
        "Net Income From Continuing And Discontinued Operation": 4332000.0,
        "Total Expenses": 54736000.0,
        "Rent Expense Supplemental": NaN,
        "Diluted Average Shares": 7422000.0,
        "Basic Average Shares": 5639000.0,
        "Diluted EPS": 0.62,
        "Basic EPS": 0.77,
        "Diluted NI Availto Com Stockholders": 4599000.0,
        "Net Income Common Stockholders": 4599000.0,
        "Otherunder Preferred Stock Dividend": -267000.0,
        "Net Income": 4332000.0,
        "Minority Interests": -2290000.0,
        "Net Income Including Noncontrolling Interests": 6622000.0,
        "Net Income Continuous Operations": 6622000.0,
        "Tax Provision": 151000.0,
        "Pretax Income": 6773000.0,
        "Other Income Expense": -7151000.0,
        "Other Non Operating Income Expenses": -8000.0,
        "Special Income Charges": -6985000.0,
        "Restructuring And Mergern Acquisition": 6985000.0,
        "Gain On Sale Of Security": -158000.0,
        "Net Non Operating Interest Income Expense": -454000.0,
        "Total Other Finance Cost": NaN,
        "Interest Expense Non Operating": 454000.0,
        "Operating Income": 14378000.0,
        "Operating Expense": 35011000.0,
        "Other Operating Expenses": 5269000.0,
        "Depreciation Amortization Depletion Income Statement": 1387000.0,
        "Depreciation And Amortization In Income Statement": 1387000.0,
        "Depreciation Income Statement": 1387000.0,
        "Research And Development": 1728000.0,
        "Selling General And Administration": 26627000.0,
        "Selling And Marketing Expense": 7209000.0,
        "General And Administrative Expense": 19418000.0,
        "Other Gand A": 19418000.0,
        "Gross Profit": 49389000.0,
        "Cost Of Revenue": 19725000.0,
        "Total Revenue": 69114000.0,
        "Operating Revenue": 69114000.0
    },
    "2024-12-31": {
        "Tax Effect Of Unusual Items": 82320.0,
        "Tax Rate For Calcs": 0.21,
        "Normalized EBITDA": 11394000.0,
        "Total Unusual Items": 392000.0,
        "Total Unusual Items Excluding Goodwill": 392000.0,
        "Net Income From Continuing Operation Net Minority Interest": -2282000.0,
        "Reconciled Depreciation": 12874000.0,
        "Reconciled Cost Of Revenue": 29698000.0,
        "EBITDA": 11786000.0,
        "EBIT": -1088000.0,
        "Net Interest Income": -465000.0,
        "Interest Expense": 950000.0,
        "Normalized Income": -2591680.0,
        "Net Income From Continuing And Discontinued Operation": -2282000.0,
        "Total Expenses": 65137000.0,
        "Rent Expense Supplemental": NaN,
        "Diluted Average Shares": 10796000.0,
        "Basic Average Shares": 10796000.0,
        "Diluted EPS": -0.21,
        "Basic EPS": -0.21,
        "Diluted NI Availto Com Stockholders": -2282000.0,
        "Net Income Common Stockholders": -2282000.0,
        "Otherunder Preferred Stock Dividend": NaN,
        "Net Income": -2282000.0,
        "Minority Interests": 0.0,
        "Net Income Including Noncontrolling Interests": -2282000.0,
        "Net Income Continuous Operations": -2282000.0,
        "Tax Provision": 244000.0,
        "Pretax Income": -2038000.0,
        "Other Income Expense": 368000.0,
        "Other Non Operating Income Expenses": -24000.0,
        "Special Income Charges": 567000.0,
        "Restructuring And Mergern Acquisition": -567000.0,
        "Gain On Sale Of Security": -175000.0,
        "Net Non Operating Interest Income Expense": -465000.0,
        "Total Other Finance Cost": NaN,
        "Interest Expense Non Operating": 950000.0,
        "Operating Income": -2024000.0,
        "Operating Expense": 23955000.0,
        "Other Operating Expenses": 5146000.0,
        "Depreciation Amortization Depletion Income Statement": 1390000.0,
        "Depreciation And Amortization In Income Statement": 1390000.0,
        "Depreciation Income Statement": NaN,
        "Research And Development": 1353000.0,
        "Selling General And Administration": 16066000.0,
        "Selling And Marketing Expense": 5666000.0,
        "General And Administrative Expense": 10400000.0,
        "Other Gand A": 10400000.0,
        "Gross Profit": 21931000.0,
        "Cost Of Revenue": 41182000.0,
        "Total Revenue": 63114000.0,
        "Operating Revenue": 63114000.0
    },
    "2025-03-31": {
        "Tax Effect Of Unusual Items": 10714.0,
        "Tax Rate For Calcs": 0.022,
        "Normalized EBITDA": 19180000.0,
        "Total Unusual Items": 487000.0,
        "Total Unusual Items Excluding Goodwill": 487000.0,
        "Net Income From Continuing Operation Net Minority Interest": 1622000.0,
        "Reconciled Depreciation": 17542000.0,
        "Reconciled Cost Of Revenue": 23806000.0,
        "EBITDA": 19667000.0,
        "EBIT": 2125000.0,
        "Net Interest Income": -466000.0,
        "Interest Expense": 466000.0,
        "Normalized Income": 1145714.0,
        "Net Income From Continuing And Discontinued Operation": 1622000.0,
        "Total Expenses": 64258000.0,
        "Rent Expense Supplemental": 17190000.0,
        "Diluted Average Shares": 13934000.0,
        "Basic Average Shares": 11922000.0,
        "Diluted EPS": 0.12,
        "Basic EPS": 0.14,
        "Diluted NI Availto Com Stockholders": 1688000.0,
        "Net Income Common Stockholders": 1688000.0,
        "Otherunder Preferred Stock Dividend": -66000.0,
        "Net Income": 1622000.0,
        "Minority Interests": 0.0,
        "Net Income Including Noncontrolling Interests": 1622000.0,
        "Net Income Continuous Operations": 1622000.0,
        "Tax Provision": 37000.0,
        "Pretax Income": 1659000.0,
        "Other Income Expense": 494000.0,
        "Other Non Operating Income Expenses": 7000.0,
        "Special Income Charges": NaN,
        "Restructuring And Mergern Acquisition": NaN,
        "Gain On Sale Of Security": 487000.0,
        "Net Non Operating Interest Income Expense": -466000.0,
        "Total Other Finance Cost": NaN,
        "Interest Expense Non Operating": 466000.0,
        "Operating Income": 1631000.0,
        "Operating Expense": 23914000.0,
        "Other Operating Expenses": 5230000.0,
        "Depreciation Amortization Depletion Income Statement": 1004000.0,
        "Depreciation And Amortization In Income Statement": 1004000.0,
        "Depreciation Income Statement": NaN,
        "Research And Development": 1287000.0,
        "Selling General And Administration": 16393000.0,
        "Selling And Marketing Expense": 5007000.0,
        "General And Administrative Expense": 11386000.0,
        "Other Gand A": 11386000.0,
        "Gross Profit": 25545000.0,
        "Cost Of Revenue": 40344000.0,
        "Total Revenue": 65889000.0,
        "Operating Revenue": 62615000.0
    },
    "2025-06-30": {
        "Tax Effect Of Unusual Items": -54810.0,
        "Tax Rate For Calcs": 0.21,
        "Normalized EBITDA": 12865000.0,
        "Total Unusual Items": -261000.0,
        "Total Unusual Items Excluding Goodwill": -261000.0,
        "Net Income From Continuing Operation Net Minority Interest": -5313000.0,
        "Reconciled Depreciation": 17023000.0,
        "Reconciled Cost Of Revenue": 29728000.0,
        "EBITDA": 12604000.0,
        "EBIT": -4419000.0,
        "Net Interest Income": -488000.0,
        "Interest Expense": NaN,
        "Normalized Income": -5106810.0,
        "Net Income From Continuing And Discontinued Operation": -5313000.0,
        "Total Expenses": 67527000.0,
        "Rent Expense Supplemental": NaN,
        "Diluted Average Shares": 12650000.0,
        "Basic Average Shares": 12650000.0,
        "Diluted EPS": -0.42,
        "Basic EPS": -0.42,
        "Diluted NI Availto Com Stockholders": -5313000.0,
        "Net Income Common Stockholders": -5313000.0,
        "Otherunder Preferred Stock Dividend": NaN,
        "Net Income": -5313000.0,
        "Minority Interests": 0.0,
        "Net Income Including Noncontrolling Interests": -5313000.0,
        "Net Income Continuous Operations": -5313000.0,
        "Tax Provision": 87000.0,
        "Pretax Income": -5226000.0,
        "Other Income Expense": -319000.0,
        "Other Non Operating Income Expenses": -58000.0,
        "Special Income Charges": NaN,
        "Restructuring And Mergern Acquisition": NaN,
        "Gain On Sale Of Security": -261000.0,
        "Net Non Operating Interest Income Expense": -488000.0,
        "Total Other Finance Cost": 488000.0,
        "Interest Expense Non Operating": NaN,
        "Operating Income": -4419000.0,
        "Operating Expense": 21791000.0,
        "Other Operating Expenses": 4182000.0,
        "Depreciation Amortization Depletion Income Statement": 1015000.0,
        "Depreciation And Amortization In Income Statement": 1015000.0,
        "Depreciation Income Statement": NaN,
        "Research And Development": 917000.0,
        "Selling General And Administration": 15677000.0,
        "Selling And Marketing Expense": 5325000.0,
        "General And Administrative Expense": 10352000.0,
        "Other Gand A": 10352000.0,
        "Gross Profit": 17372000.0,
        "Cost Of Revenue": 45736000.0,
        "Total Revenue": 63108000.0,
        "Operating Revenue": 63108000.0
    }
}