{
    "2023-06-30": {
        "Tax Effect Of Unusual Items": NaN,
        "Tax Rate For Calcs": NaN,
        "Normalized EBITDA": NaN,
        "Net Income From Continuing Operation Net Minority Interest": NaN,
        "Reconciled Depreciation": NaN,
        "Reconciled Cost Of Revenue": NaN,
        "EBITDA": NaN,
        "EBIT": NaN,
        "Net Interest Income": NaN,
        "Interest Income": 36000000.0,
        "Normalized Income": NaN,
        "Net Income From Continuing And Discontinued Operation": NaN,
        "Total Expenses": NaN,
        "Total Operating Income As Reported": NaN,
        "Diluted Average Shares": NaN,
        "Basic Average Shares": NaN,
        "Diluted EPS": NaN,
        "Basic EPS": NaN,
        "Diluted NI Availto Com Stockholders": NaN,
        "Net Income Common Stockholders": NaN,
        "Net Income": NaN,
        "Minority Interests": NaN,
        "Net Income Including Noncontrolling Interests": NaN,
        "Net Income Continuous Operations": NaN,
        "Tax Provision": NaN,
        "Pretax Income": NaN,
        "Net Non Operating Interest Income Expense": NaN,
        "Total Other Finance Cost": NaN,
        "Interest Income Non Operating": 36000000.0,
        "Operating Income": NaN,
        "Operating Expense": NaN,
        "Research And Development": NaN,
        "Selling General And Administration": NaN,
        "Gross Profit": NaN,
        "Cost Of Revenue": NaN,
        "Total Revenue": NaN,
        "Operating Revenue": NaN
    },
    "2023-03-31": {
        "Tax Effect Of Unusual Items": NaN,
        "Tax Rate For Calcs": NaN,
        "Normalized EBITDA": NaN,
        "Net Income From Continuing Operation Net Minority Interest": NaN,
        "Reconciled Depreciation": NaN,
        "Reconciled Cost Of Revenue": NaN,
        "EBITDA": NaN,
        "EBIT": NaN,
        "Net Interest Income": NaN,
        "Interest Income": NaN,
        "Normalized Income": NaN,
        "Net Income From Continuing And Discontinued Operation": NaN,
        "Total Expenses": NaN,
        "Total Operating Income As Reported": NaN,
        "Diluted Average Shares": NaN,
        "Basic Average Shares": NaN,
        "Diluted EPS": NaN,
        "Basic EPS": NaN,
        "Diluted NI Availto Com Stockholders": NaN,
        "Net Income Common Stockholders": NaN,
        "Net Income": NaN,
        "Minority Interests": NaN,
        "Net Income Including Noncontrolling Interests": NaN,
        "Net Income Continuous Operations": NaN,
        "Tax Provision": NaN,
        "Pretax Income": NaN,
        "Net Non Operating Interest Income Expense": NaN,
        "Total Other Finance Cost": -34200000.0,
        "Interest Income Non Operating": NaN,
        "Operating Income": NaN,
        "Operating Expense": NaN,
        "Research And Development": NaN,
        "Selling General And Administration": NaN,
        "Gross Profit": NaN,
        "Cost Of Revenue": NaN,
        "Total Revenue": NaN,
        "Operating Revenue": NaN
    },
    "2022-12-31": {
        "Tax Effect Of Unusual Items": NaN,
        "Tax Rate For Calcs": NaN,
        "Normalized EBITDA": NaN,
        "Net Income From Continuing Operation Net Minority Interest": NaN,
        "Reconciled Depreciation": NaN,
        "Reconciled Cost Of Revenue": NaN,
        "EBITDA": NaN,
        "EBIT": NaN,
        "Net Interest Income": NaN,
        "Interest Income": 22200000.0,
        "Normalized Income": NaN,
        "Net Income From Continuing And Discontinued Operation": NaN,
        "Total Expenses": NaN,
        "Total Operating Income As Reported": NaN,
        "Diluted Average Shares": NaN,
        "Basic Average Shares": NaN,
        "Diluted EPS": NaN,
        "Basic EPS": NaN,
        "Diluted NI Availto Com Stockholders": NaN,
        "Net Income Common Stockholders": NaN,
        "Net Income": NaN,
        "Minority Interests": NaN,
        "Net Income Including Noncontrolling Interests": NaN,
        "Net Income Continuous Operations": NaN,
        "Tax Provision": NaN,
        "Pretax Income": NaN,
        "Net Non Operating Interest Income Expense": NaN,
        "Total Other Finance Cost": NaN,
        "Interest Income Non Operating": 22200000.0,
        "Operating Income": NaN,
        "Operating Expense": NaN,
        "Research And Development": NaN,
        "Selling General And Administration": NaN,
        "Gross Profit": NaN,
        "Cost Of Revenue": NaN,
        "Total Revenue": NaN,
        "Operating Revenue": NaN
    },
    "2022-09-30": {
        "Tax Effect Of Unusual Items": NaN,
        "Tax Rate For Calcs": NaN,
        "Normalized EBITDA": NaN,
        "Net Income From Continuing Operation Net Minority Interest": NaN,
        "Reconciled Depreciation": NaN,
        "Reconciled Cost Of Revenue": NaN,
        "EBITDA": NaN,
        "EBIT": NaN,
        "Net Interest Income": NaN,
        "Interest Income": 3900000.0,
        "Normalized Income": NaN,
        "Net Income From Continuing And Discontinued Operation": NaN,
        "Total Expenses": NaN,
        "Total Operating Income As Reported": NaN,
        "Diluted Average Shares": NaN,
        "Basic Average Shares": NaN,
        "Diluted EPS": NaN,
        "Basic EPS": NaN,
        "Diluted NI Availto Com Stockholders": NaN,
        "Net Income Common Stockholders": NaN,
        "Net Income": NaN,
        "Minority Interests": NaN,
        "Net Income Including Noncontrolling Interests": NaN,
        "Net Income Continuous Operations": NaN,
        "Tax Provision": NaN,
        "Pretax Income": NaN,
        "Net Non Operating Interest Income Expense": NaN,
        "Total Other Finance Cost": -3900000.0,
        "Interest Income Non Operating": 3900000.0,
        "Operating Income": NaN,
        "Operating Expense": NaN,
        "Research And Development": NaN,
        "Selling General And Administration": NaN,
        "Gross Profit": NaN,
        "Cost Of Revenue": NaN,
        "Total Revenue": NaN,
        "Operating Revenue": NaN
    },
    "2022-06-30": {
        "Tax Effect Of Unusual Items": 0.0,
        "Tax Rate For Calcs": 0.229295,
        "Normalized EBITDA": 397600000.0,
        "Net Income From Continuing Operation Net Minority Interest": 307800000.0,
        "Reconciled Depreciation": 86000000.0,
        "Reconciled Cost Of Revenue": 498800000.0,
        "EBITDA": 397600000.0,
        "EBIT": 397600000.0,
        "Net Interest Income": 9300000.0,
        "Interest Income": 9300000.0,
        "Normalized Income": 307800000.0,
        "Net Income From Continuing And Discontinued Operation": 307800000.0,
        "Total Expenses": 1124500000.0,
        "Total Operating Income As Reported": 397600000.0,
        "Diluted Average Shares": 363900000.0,
        "Basic Average Shares": 358100000.0,
        "Diluted EPS": 0.85,
        "Basic EPS": 0.86,
        "Diluted NI Availto Com Stockholders": 307800000.0,
        "Net Income Common Stockholders": 307800000.0,
        "Net Income": 307800000.0,
        "Minority Interests": -5800000.0,
        "Net Income Including Noncontrolling Interests": 313600000.0,
        "Net Income Continuous Operations": 313600000.0,
        "Tax Provision": 93300000.0,
        "Pretax Income": 406900000.0,
        "Net Non Operating Interest Income Expense": 9300000.0,
        "Total Other Finance Cost": -9300000.0,
        "Interest Income Non Operating": 9300000.0,
        "Operating Income": 397600000.0,
        "Operating Expense": 625700000.0,
        "Research And Development": 207300000.0,
        "Selling General And Administration": 418400000.0,
        "Gross Profit": 1023300000.0,
        "Cost Of Revenue": 498800000.0,
        "Total Revenue": 1522100000.0,
        "Operating Revenue": 1522100000.0
    },
    "2022-03-31": {
        "Diluted EPS": 1.0,
        "Total Revenue": NaN,
        "Gross Profit": NaN,
        "Operating Income": 408,
        "EBIT": 499,
        "Net Income": 366
    },
    "2021-12-31": {
        "Diluted EPS": 1.03,
        "Total Revenue": NaN,
        "Gross Profit": NaN,
        "Operating Income": 450,
        "EBIT": 538,
        "Net Income": 381
    },
    "2021-09-30": {
        "Diluted EPS": 1.04,
        "Total Revenue": NaN,
        "Gross Profit": 971,
        "Operating Income": 443,
        "EBIT": 530,
        "Net Income": 381
    },
    "2021-06-30": {
        "Diluted EPS": 1.42,
        "Total Revenue": NaN,
        "Gross Profit": NaN,
        "Operating Income": 511,
        "EBIT": 592,
        "Net Income": 517
    },
    "2021-03-31": {
        "Diluted EPS": 1.17,
        "Total Revenue": NaN,
        "Gross Profit": 903,
        "Operating Income": 417,
        "EBIT": 493,
        "Net Income": 426
    },
    "2020-12-31": {
        "Diluted EPS": 1.01,
        "Total Revenue": NaN,
        "Gross Profit": 896,
        "Operating Income": 416,
        "EBIT": 500,
        "Net Income": 365
    },
    "2020-09-30": {
        "Diluted EPS": 0.87,
        "Total Revenue": NaN,
        "Gross Profit": 724,
        "Operating Income": 270,
        "EBIT": 344,
        "Net Income": 314
    },
    "2020-06-30": {
        "Diluted EPS": 0.19,
        "Total Revenue": 852,
        "Gross Profit": 503,
        "Operating Income": 81,
        "EBIT": 148,
        "Net Income": 68
    },
    "2020-03-31": {
        "Diluted EPS": 0.87,
        "Total Revenue": NaN,
        "Gross Profit": 738,
        "Operating Income": 283,
        "EBIT": 351,
        "Net Income": 314
    },
    "2019-12-31": {
        "Diluted EPS": 1.0,
        "Total Revenue": NaN,
        "Gross Profit": 896,
        "Operating Income": 398,
        "EBIT": 465,
        "Net Income": 358
    },
    "2019-09-30": {
        "Diluted EPS": 1.11,
        "Total Revenue": NaN,
        "Gross Profit": 786,
        "Operating Income": 366,
        "EBIT": 420,
        "Net Income": 397
    },
    "2019-06-30": {
        "Diluted EPS": 0.89,
        "Total Revenue": NaN,
        "Gross Profit": 759,
        "Operating Income": 359,
        "EBIT": 410,
        "Net Income": 318
    },
    "2019-03-31": {
        "Diluted EPS": 0.85,
        "Total Revenue": 974,
        "Gross Profit": 670,
        "Operating Income": 252,
        "EBIT": 295,
        "Net Income": 307
    },
    "2018-12-31": {
        "Diluted EPS": 0.82,
        "Total Revenue": NaN,
        "Gross Profit": 736,
        "Operating Income": 332,
        "EBIT": 368,
        "Net Income": 293
    },
    "2018-09-30": {
        "Diluted EPS": 0.82,
        "Total Revenue": 921,
        "Gross Profit": 642,
        "Operating Income": 313,
        "EBIT": 350,
        "Net Income": 293
    },
    "2018-06-30": {
        "Diluted EPS": 0.72,
        "Total Revenue": 909,
        "Gross Profit": 632,
        "Operating Income": 277,
        "EBIT": 305,
        "Net Income": 255
    },
    "2018-03-31": {
        "Diluted EPS": 0.81,
        "Total Revenue": 848,
        "Gross Profit": 594,
        "Operating Income": 277,
        "EBIT": 310,
        "Net Income": 288
    },
    "2017-12-31": {
        "Diluted EPS": -0.1,
        "Total Revenue": 892,
        "Gross Profit": 634,
        "Operating Income": 329,
        "EBIT": 359,
        "Net Income": -32
    },
    "2017-09-30": {
        "Diluted EPS": 0.85,
        "Total Revenue": 808,
        "Gross Profit": 568,
        "Operating Income": 281,
        "EBIT": 308,
        "Net Income": 299
    },
    "2017-06-30": {
        "Diluted EPS": 0.65,
        "Total Revenue": 759,
        "Gross Profit": 530,
        "Operating Income": 260,
        "EBIT": 281,
        "Net Income": 223
    },
    "2017-03-31": {
        "Diluted EPS": 0.52,
        "Total Revenue": 680,
        "Gross Profit": 470,
        "Operating Income": 193,
        "EBIT": 225,
        "Net Income": 181
    },
    "2016-12-31": {
        "Diluted EPS": 0.58,
        "Total Revenue": 759,
        "Gross Profit": 530,
        "Operating Income": 269,
        "EBIT": 277,
        "Net Income": 206
    },
    "2016-09-30": {
        "Diluted EPS": 0.59,
        "Total Revenue": 683,
        "Gross Profit": 487,
        "Operating Income": 256,
        "EBIT": 288,
        "Net Income": 211
    },
    "2016-06-30": {
        "Diluted EPS": 0.52,
        "Total Revenue": 670,
        "Gross Profit": 471,
        "Operating Income": 245,
        "EBIT": 277,
        "Net Income": 185
    },
    "2016-03-31": {
        "Diluted EPS": 0.39,
        "Total Revenue": 595,
        "Gross Profit": 405,
        "Operating Income": 179,
        "EBIT": 211,
        "Net Income": 136
    },
    "2015-12-31": {
        "Diluted EPS": 0.56,
        "Total Revenue": 677,
        "Gross Profit": 459,
        "Operating Income": 246,
        "EBIT": 278,
        "Net Income": 190
    },
    "2015-09-30": {
        "Diluted EPS": 0.49,
        "Total Revenue": 590,
        "Gross Profit": 396,
        "Operating Income": 190,
        "EBIT": 232,
        "Net Income": 167
    },
    "2015-06-30": {
        "Diluted EPS": 0.4,
        "Total Revenue": 586,
        "Gross Profit": 387,
        "Operating Income": 174,
        "EBIT": 195,
        "Net Income": 135
    },
    "2015-03-31": {
        "Diluted EPS": 0.29,
        "Total Revenue": 532,
        "Gross Profit": 337,
        "Operating Income": 130,
        "EBIT": 151,
        "Net Income": 97
    },
    "2014-12-31": {
        "Diluted EPS": 0.43,
        "Total Revenue": 605,
        "Gross Profit": 393,
        "Operating Income": 186,
        "EBIT": 240,
        "Net Income": 147
    },
    "2014-09-30": {
        "Diluted EPS": 0.37,
        "Total Revenue": 550,
        "Gross Profit": 361,
        "Operating Income": 159,
        "EBIT": 179,
        "Net Income": 124
    },
    "2014-06-30": {
        "Diluted EPS": 0.31,
        "Total Revenue": 512,
        "Gross Profit": 344,
        "Operating Income": 143,
        "EBIT": 160,
        "Net Income": 104
    },
    "2014-03-31": {
        "Diluted EPS": 0.13,
        "Total Revenue": 465,
        "Gross Profit": 315,
        "Operating Income": 57,
        "EBIT": 74,
        "Net Income": 44
    },
    "2013-12-31": {
        "Diluted EPS": 0.48,
        "Total Revenue": 576,
        "Gross Profit": 398,
        "Operating Income": 209,
        "EBIT": 235,
        "Net Income": 166
    },
    "2013-09-30": {
        "Diluted EPS": 0.44,
        "Total Revenue": 499,
        "Gross Profit": 357,
        "Operating Income": 174,
        "EBIT": 199,
        "Net Income": 157
    },
    "2013-06-30": {
        "Diluted EPS": 0.43,
        "Total Revenue": 579,
        "Gross Profit": 405,
        "Operating Income": 219,
        "EBIT": 246,
        "Net Income": 159
    },
    "2013-03-31": {
        "Diluted EPS": 0.51,
        "Total Revenue": 611,
        "Gross Profit": 434,
        "Operating Income": 251,
        "EBIT": 277,
        "Net Income": 189
    },
    "2012-12-31": {
        "Diluted EPS": 0.47,
        "Total Revenue": 609,
        "Gross Profit": 438,
        "Operating Income": 248,
        "EBIT": 240,
        "Net Income": 175
    },
    "2012-09-30": {
        "Diluted EPS": 0.5,
        "Total Revenue": 538,
        "Gross Profit": 390,
        "Operating Income": 211,
        "EBIT": 235,
        "Net Income": 183
    },
    "2012-06-30": {
        "Diluted EPS": 0.42,
        "Total Revenue": 537,
        "Gross Profit": 386,
        "Operating Income": 225,
        "EBIT": 247,
        "Net Income": 155
    },
    "2012-03-31": {
        "Diluted EPS": 0.39,
        "Total Revenue": 495,
        "Gross Profit": 356,
        "Operating Income": 193,
        "EBIT": 214,
        "Net Income": 144
    },
    "2011-12-31": {
        "Diluted EPS": 0.42,
        "Total Revenue": 497,
        "Gross Profit": 363,
        "Operating Income": 200,
        "EBIT": 219,
        "Net Income": 151
    },
    "2011-09-30": {
        "Diluted EPS": 0.34,
        "Total Revenue": 447,
        "Gross Profit": 326,
        "Operating Income": 179,
        "EBIT": 196,
        "Net Income": 122
    },
    "2011-06-30": {
        "Diluted EPS": 0.32,
        "Total Revenue": 426,
        "Gross Profit": 307,
        "Operating Income": 168,
        "EBIT": 184,
        "Net Income": 117
    },
    "2011-03-31": {
        "Diluted EPS": 0.29,
        "Total Revenue": 388,
        "Gross Profit": 279,
        "Operating Income": 148,
        "EBIT": 165,
        "Net Income": 104
    },
    "2010-12-31": {
        "Diluted EPS": 0.34,
        "Total Revenue": 389,
        "Gross Profit": 282,
        "Operating Income": 154,
        "EBIT": 182,
        "Net Income": 121
    },
    "2010-09-30": {
        "Diluted EPS": 0.24,
        "Total Revenue": 344,
        "Gross Profit": 251,
        "Operating Income": 132,
        "EBIT": 142,
        "Net Income": 87
    },
    "2010-06-30": {
        "Diluted EPS": 0.24,
        "Total Revenue": 351,
        "Gross Profit": 257,
        "Operating Income": 140,
        "EBIT": 150,
        "Net Income": 89
    },
    "2010-03-31": {
        "Diluted EPS": 0.24,
        "Total Revenue": 329,
        "Gross Profit": 241,
        "Operating Income": 130,
        "EBIT": 139,
        "Net Income": 85
    },
    "2009-12-31": {
        "Diluted EPS": 0.22,
        "Total Revenue": 323,
        "Gross Profit": 233,
        "Operating Income": 128,
        "EBIT": 137,
        "Net Income": 78
    },
    "2009-09-30": {
        "Diluted EPS": 0.18,
        "Total Revenue": 280,
        "Gross Profit": 199,
        "Operating Income": 105,
        "EBIT": 113,
        "Net Income": 65
    },
    "2009-06-30": {
        "Diluted EPS": 0.18,
        "Total Revenue": 261,
        "Gross Profit": 190,
        "Operating Income": 100,
        "EBIT": 109,
        "Net Income": 62
    },
    "2009-03-31": {
        "Diluted EPS": 0.08,
        "Total Revenue": 188,
        "Gross Profit": 129,
        "Operating Income": 45,
        "EBIT": 53,
        "Net Income": 28
    },
    "2023-09-30": {
        "Tax Effect Of Unusual Items": NaN,
        "Tax Rate For Calcs": NaN,
        "Normalized EBITDA": NaN,
        "Net Income From Continuing Operation Net Minority Interest": NaN,
        "Reconciled Depreciation": NaN,
        "Reconciled Cost Of Revenue": NaN,
        "EBITDA": NaN,
        "EBIT": NaN,
        "Net Interest Income": NaN,
        "Interest Income": NaN,
        "Normalized Income": NaN,
        "Net Income From Continuing And Discontinued Operation": NaN,
        "Total Expenses": NaN,
        "Total Operating Income As Reported": NaN,
        "Diluted Average Shares": NaN,
        "Basic Average Shares": NaN,
        "Diluted EPS": NaN,
        "Basic EPS": NaN,
        "Diluted NI Availto Com Stockholders": NaN,
        "Net Income Common Stockholders": NaN,
        "Net Income": NaN,
        "Minority Interests": NaN,
        "Net Income Including Noncontrolling Interests": NaN,
        "Net Income Continuous Operations": NaN,
        "Tax Provision": NaN,
        "Pretax Income": NaN,
        "Net Non Operating Interest Income Expense": NaN,
        "Total Other Finance Cost": -56200000.0,
        "Interest Income Non Operating": NaN,
        "Operating Income": NaN,
        "Operating Expense": NaN,
        "Research And Development": NaN,
        "Selling General And Administration": NaN,
        "Gross Profit": NaN,
        "Cost Of Revenue": NaN,
        "Total Revenue": NaN,
        "Operating Revenue": NaN
    },
    "2023-12-31": {
        "Tax Effect Of Unusual Items": 0.0,
        "Tax Rate For Calcs": 0.21,
        "Normalized EBITDA": 573400000.0,
        "Net Income From Continuing Operation Net Minority Interest": 606200000.0,
        "Reconciled Depreciation": 123200000.0,
        "Reconciled Cost Of Revenue": 650900000.0,
        "EBITDA": 573400000.0,
        "EBIT": 450200000.0,
        "Net Interest Income": 65700000.0,
        "Interest Income": NaN,
        "Normalized Income": 606200000.0,
        "Net Income From Continuing And Discontinued Operation": 606200000.0,
        "Total Expenses": 1478100000.0,
        "Total Operating Income As Reported": 450200000.0,
        "Diluted Average Shares": 358200000.0,
        "Basic Average Shares": 352100000.0,
        "Diluted EPS": 1.69,
        "Basic EPS": 1.72,
        "Diluted NI Availto Com Stockholders": 606200000.0,
        "Net Income Common Stockholders": 606200000.0,
        "Net Income": 606200000.0,
        "Minority Interests": -4500000.0,
        "Net Income Including Noncontrolling Interests": 610700000.0,
        "Net Income Continuous Operations": 610700000.0,
        "Tax Provision": -94800000.0,
        "Pretax Income": 515900000.0,
        "Net Non Operating Interest Income Expense": 65700000.0,
        "Total Other Finance Cost": NaN,
        "Interest Income Non Operating": NaN,
        "Operating Income": 450200000.0,
        "Operating Expense": 827200000.0,
        "Research And Development": 260100000.0,
        "Selling General And Administration": 567100000.0,
        "Gross Profit": 1277400000.0,
        "Cost Of Revenue": 650900000.0,
        "Total Revenue": 1928300000.0,
        "Operating Revenue": 1928300000.0
    },
    "2024-03-31": {
        "Tax Effect Of Unusual Items": NaN,
        "Tax Rate For Calcs": NaN,
        "Normalized EBITDA": NaN,
        "Net Income From Continuing Operation Net Minority Interest": NaN,
        "Reconciled Depreciation": NaN,
        "Reconciled Cost Of Revenue": NaN,
        "EBITDA": NaN,
        "EBIT": NaN,
        "Net Interest Income": NaN,
        "Interest Income": NaN,
        "Normalized Income": NaN,
        "Net Income From Continuing And Discontinued Operation": NaN,
        "Total Expenses": NaN,
        "Total Operating Income As Reported": NaN,
        "Diluted Average Shares": NaN,
        "Basic Average Shares": NaN,
        "Diluted EPS": NaN,
        "Basic EPS": NaN,
        "Diluted NI Availto Com Stockholders": NaN,
        "Net Income Common Stockholders": NaN,
        "Net Income": NaN,
        "Minority Interests": NaN,
        "Net Income Including Noncontrolling Interests": NaN,
        "Net Income Continuous Operations": NaN,
        "Tax Provision": NaN,
        "Pretax Income": NaN,
        "Net Non Operating Interest Income Expense": NaN,
        "Total Other Finance Cost": -69100000.0,
        "Interest Income Non Operating": NaN,
        "Operating Income": NaN,
        "Operating Expense": NaN,
        "Research And Development": NaN,
        "Selling General And Administration": NaN,
        "Gross Profit": NaN,
        "Cost Of Revenue": NaN,
        "Total Revenue": NaN,
        "Operating Revenue": NaN
    },
    "2024-06-30": {
        "Tax Effect Of Unusual Items": 0.0,
        "Tax Rate For Calcs": 0.18793,
        "Normalized EBITDA": 679100000.0,
        "Net Income From Continuing Operation Net Minority Interest": 526900000.0,
        "Reconciled Depreciation": 111800000.0,
        "Reconciled Cost Of Revenue": 637200000.0,
        "EBITDA": 679100000.0,
        "EBIT": 567300000.0,
        "Net Interest Income": 87200000.0,
        "Interest Income": 87200000.0,
        "Normalized Income": 526900000.0,
        "Net Income From Continuing And Discontinued Operation": 526900000.0,
        "Total Expenses": 1442600000.0,
        "Total Operating Income As Reported": 567300000.0,
        "Diluted Average Shares": 361000000.0,
        "Basic Average Shares": 355000000.0,
        "Diluted EPS": 1.46,
        "Basic EPS": 1.48,
        "Diluted NI Availto Com Stockholders": 526900000.0,
        "Net Income Common Stockholders": 526900000.0,
        "Net Income": 526900000.0,
        "Minority Interests": -4600000.0,
        "Net Income Including Noncontrolling Interests": 531500000.0,
        "Net Income Continuous Operations": 531500000.0,
        "Tax Provision": 123000000.0,
        "Pretax Income": 654500000.0,
        "Net Non Operating Interest Income Expense": 87200000.0,
        "Total Other Finance Cost": NaN,
        "Interest Income Non Operating": 87200000.0,
        "Operating Income": 567300000.0,
        "Operating Expense": 805400000.0,
        "Research And Development": 280100000.0,
        "Selling General And Administration": 525300000.0,
        "Gross Profit": 1372700000.0,
        "Cost Of Revenue": 637200000.0,
        "Total Revenue": 2009900000.0,
        "Operating Revenue": 2009900000.0
    },
    "2024-09-30": {
        "Tax Effect Of Unusual Items": 0.0,
        "Tax Rate For Calcs": 0.15,
        "Normalized EBITDA": 693500000.0,
        "Net Income From Continuing Operation Net Minority Interest": 565100000.0,
        "Reconciled Depreciation": 116200000.0,
        "Reconciled Cost Of Revenue": 664200000.0,
        "EBITDA": 693500000.0,
        "EBIT": 577300000.0,
        "Net Interest Income": 93700000.0,
        "Interest Income": 93700000.0,
        "Normalized Income": 565100000.0,
        "Net Income From Continuing And Discontinued Operation": 565100000.0,
        "Total Expenses": 1460800000.0,
        "Total Operating Income As Reported": 577300000.0,
        "Diluted Average Shares": 362700000.0,
        "Basic Average Shares": 355800000.0,
        "Diluted EPS": 1.56,
        "Basic EPS": 1.59,
        "Diluted NI Availto Com Stockholders": 565100000.0,
        "Net Income Common Stockholders": 565100000.0,
        "Net Income": 565100000.0,
        "Minority Interests": -5500000.0,
        "Net Income Including Noncontrolling Interests": 570600000.0,
        "Net Income Continuous Operations": 570600000.0,
        "Tax Provision": 100400000.0,
        "Pretax Income": 671000000.0,
        "Net Non Operating Interest Income Expense": 93700000.0,
        "Total Other Finance Cost": -93700000.0,
        "Interest Income Non Operating": 93700000.0,
        "Operating Income": 577300000.0,
        "Operating Expense": 796600000.0,
        "Research And Development": 286000000.0,
        "Selling General And Administration": 510600000.0,
        "Gross Profit": 1373900000.0,
        "Cost Of Revenue": 664200000.0,
        "Total Revenue": 2038100000.0,
        "Operating Revenue": 2038100000.0
    },
    "2024-12-31": {
        "Tax Effect Of Unusual Items": 0.0,
        "Tax Rate For Calcs": 0.150408,
        "Normalized EBITDA": 859600000.0,
        "Net Income From Continuing Operation Net Minority Interest": 685700000.0,
        "Reconciled Depreciation": 124700000.0,
        "Reconciled Cost Of Revenue": 771300000.0,
        "EBITDA": 859600000.0,
        "EBIT": 734900000.0,
        "Net Interest Income": 74900000.0,
        "Interest Income": 74900000.0,
        "Normalized Income": 685700000.0,
        "Net Income From Continuing And Discontinued Operation": 685700000.0,
        "Total Expenses": 1678600000.0,
        "Total Operating Income As Reported": 734900000.0,
        "Diluted Average Shares": 363900000.0,
        "Basic Average Shares": 356400000.0,
        "Diluted EPS": 1.88,
        "Basic EPS": 1.92,
        "Diluted NI Availto Com Stockholders": 685700000.0,
        "Net Income Common Stockholders": 685700000.0,
        "Net Income": 685700000.0,
        "Minority Interests": -2300000.0,
        "Net Income Including Noncontrolling Interests": 688000000.0,
        "Net Income Continuous Operations": 688000000.0,
        "Tax Provision": 121800000.0,
        "Pretax Income": 809800000.0,
        "Net Non Operating Interest Income Expense": 74900000.0,
        "Total Other Finance Cost": NaN,
        "Interest Income Non Operating": 74900000.0,
        "Operating Income": 734900000.0,
        "Operating Expense": 907300000.0,
        "Research And Development": 294700000.0,
        "Selling General And Administration": 612600000.0,
        "Gross Profit": 1642200000.0,
        "Cost Of Revenue": 771300000.0,
        "Total Revenue": 2413500000.0,
        "Operating Revenue": 2413500000.0
    },
    "2025-03-31": {
        "Tax Effect Of Unusual Items": 0.0,
        "Tax Rate For Calcs": 0.21,
        "Normalized EBITDA": 719000000.0,
        "Net Income From Continuing Operation Net Minority Interest": 698400000.0,
        "Reconciled Depreciation": 140900000.0,
        "Reconciled Cost Of Revenue": 795700000.0,
        "EBITDA": 719000000.0,
        "EBIT": 578100000.0,
        "Net Interest Income": 90400000.0,
        "Interest Income": 90400000.0,
        "Normalized Income": 698400000.0,
        "Net Income From Continuing And Discontinued Operation": 698400000.0,
        "Total Expenses": 1675300000.0,
        "Total Operating Income As Reported": 578100000.0,
        "Diluted Average Shares": 364600000.0,
        "Basic Average Shares": 357500000.0,
        "Diluted EPS": 1.92,
        "Basic EPS": 1.95,
        "Diluted NI Availto Com Stockholders": 698400000.0,
        "Net Income Common Stockholders": 698400000.0,
        "Net Income": 698400000.0,
        "Minority Interests": -5300000.0,
        "Net Income Including Noncontrolling Interests": 703700000.0,
        "Net Income Continuous Operations": 703700000.0,
        "Tax Provision": -35200000.0,
        "Pretax Income": 668500000.0,
        "Net Non Operating Interest Income Expense": 90400000.0,
        "Total Other Finance Cost": NaN,
        "Interest Income Non Operating": 90400000.0,
        "Operating Income": 578100000.0,
        "Operating Expense": 879600000.0,
        "Research And Development": 316200000.0,
        "Selling General And Administration": 563400000.0,
        "Gross Profit": 1457700000.0,
        "Cost Of Revenue": 795700000.0,
        "Total Revenue": 2253400000.0,
        "Operating Revenue": 2253400000.0
    },
    "2025-06-30": {
        "Tax Effect Of Unusual Items": 0.0,
        "Tax Rate For Calcs": 0.201779,
        "Normalized EBITDA": 898700000.0,
        "Net Income From Continuing Operation Net Minority Interest": 658400000.0,
        "Reconciled Depreciation": 155300000.0,
        "Reconciled Cost Of Revenue": 822100000.0,
        "EBITDA": 898700000.0,
        "EBIT": 743400000.0,
        "Net Interest Income": 88700000.0,
        "Interest Income": 88700000.0,
        "Normalized Income": 658400000.0,
        "Net Income From Continuing And Discontinued Operation": 658400000.0,
        "Total Expenses": 1696600000.0,
        "Total Operating Income As Reported": 743400000.0,
        "Diluted Average Shares": 364100000.0,
        "Basic Average Shares": 358500000.0,
        "Diluted EPS": 1.81,
        "Basic EPS": 1.84,
        "Diluted NI Availto Com Stockholders": 658400000.0,
        "Net Income Common Stockholders": 658400000.0,
        "Net Income": 658400000.0,
        "Minority Interests": -5800000.0,
        "Net Income Including Noncontrolling Interests": 664200000.0,
        "Net Income Continuous Operations": 664200000.0,
        "Tax Provision": 167900000.0,
        "Pretax Income": 832100000.0,
        "Net Non Operating Interest Income Expense": 88700000.0,
        "Total Other Finance Cost": NaN,
        "Interest Income Non Operating": 88700000.0,
        "Operating Income": 743400000.0,
        "Operating Expense": 874500000.0,
        "Research And Development": 313300000.0,
        "Selling General And Administration": 561200000.0,
        "Gross Profit": 1617900000.0,
        "Cost Of Revenue": 822100000.0,
        "Total Revenue": 2440000000.0,
        "Operating Revenue": 2440000000.0
    }
}