{
    "2023-06-30": {
        "Tax Effect Of Unusual Items": NaN,
        "Tax Rate For Calcs": NaN,
        "Total Unusual Items": NaN,
        "Total Unusual Items Excluding Goodwill": NaN,
        "Net Income From Continuing Operation Net Minority Interest": NaN,
        "Reconciled Depreciation": NaN,
        "Net Interest Income": NaN,
        "Interest Expense": NaN,
        "Interest Income": NaN,
        "Normalized Income": NaN,
        "Net Income From Continuing And Discontinued Operation": NaN,
        "Diluted Average Shares": NaN,
        "Basic Average Shares": NaN,
        "Diluted EPS": NaN,
        "Basic EPS": NaN,
        "Diluted NI Availto Com Stockholders": NaN,
        "Net Income Common Stockholders": NaN,
        "Otherunder Preferred Stock Dividend": NaN,
        "Net Income": NaN,
        "Net Income Including Noncontrolling Interests": NaN,
        "Net Income Continuous Operations": NaN,
        "Tax Provision": NaN,
        "Pretax Income": NaN,
        "Special Income Charges": NaN,
        "Other Special Charges": 58000.0,
        "Gain On Sale Of Security": NaN,
        "Depreciation Amortization Depletion Income Statement": NaN,
        "Depreciation And Amortization In Income Statement": NaN,
        "Selling General And Administration": NaN,
        "Selling And Marketing Expense": NaN,
        "General And Administrative Expense": NaN,
        "Salaries And Wages": NaN,
        "Total Revenue": NaN,
        "Operating Revenue": NaN,
        "Occupancy And Equipment": NaN,
        "Professional Expense And Contract Services Expense": NaN,
        "Other Non Interest Expense": NaN
    },
    "2023-03-31": {
        "Tax Effect Of Unusual Items": NaN,
        "Tax Rate For Calcs": NaN,
        "Total Unusual Items": NaN,
        "Total Unusual Items Excluding Goodwill": NaN,
        "Net Income From Continuing Operation Net Minority Interest": NaN,
        "Reconciled Depreciation": NaN,
        "Net Interest Income": NaN,
        "Interest Expense": NaN,
        "Interest Income": NaN,
        "Normalized Income": NaN,
        "Net Income From Continuing And Discontinued Operation": NaN,
        "Diluted Average Shares": NaN,
        "Basic Average Shares": NaN,
        "Diluted EPS": NaN,
        "Basic EPS": NaN,
        "Diluted NI Availto Com Stockholders": NaN,
        "Net Income Common Stockholders": NaN,
        "Otherunder Preferred Stock Dividend": 1000.0,
        "Net Income": NaN,
        "Net Income Including Noncontrolling Interests": NaN,
        "Net Income Continuous Operations": NaN,
        "Tax Provision": NaN,
        "Pretax Income": NaN,
        "Special Income Charges": NaN,
        "Other Special Charges": NaN,
        "Gain On Sale Of Security": NaN,
        "Depreciation Amortization Depletion Income Statement": NaN,
        "Depreciation And Amortization In Income Statement": NaN,
        "Selling General And Administration": NaN,
        "Selling And Marketing Expense": NaN,
        "General And Administrative Expense": NaN,
        "Salaries And Wages": NaN,
        "Total Revenue": NaN,
        "Operating Revenue": NaN,
        "Occupancy And Equipment": NaN,
        "Professional Expense And Contract Services Expense": NaN,
        "Other Non Interest Expense": NaN
    },
    "2022-12-31": {
        "Tax Effect Of Unusual Items": NaN,
        "Tax Rate For Calcs": NaN,
        "Total Unusual Items": NaN,
        "Total Unusual Items Excluding Goodwill": NaN,
        "Net Income From Continuing Operation Net Minority Interest": NaN,
        "Reconciled Depreciation": NaN,
        "Net Interest Income": NaN,
        "Interest Expense": NaN,
        "Interest Income": NaN,
        "Normalized Income": NaN,
        "Net Income From Continuing And Discontinued Operation": NaN,
        "Diluted Average Shares": NaN,
        "Basic Average Shares": NaN,
        "Diluted EPS": NaN,
        "Basic EPS": NaN,
        "Diluted NI Availto Com Stockholders": NaN,
        "Net Income Common Stockholders": NaN,
        "Otherunder Preferred Stock Dividend": 6000.0,
        "Net Income": NaN,
        "Net Income Including Noncontrolling Interests": NaN,
        "Net Income Continuous Operations": NaN,
        "Tax Provision": NaN,
        "Pretax Income": NaN,
        "Special Income Charges": NaN,
        "Other Special Charges": NaN,
        "Restructuring And Mergern Acquisition": 0.0,
        "Gain On Sale Of Security": NaN,
        "Depreciation Amortization Depletion Income Statement": NaN,
        "Depreciation And Amortization In Income Statement": NaN,
        "Selling General And Administration": NaN,
        "Selling And Marketing Expense": NaN,
        "General And Administrative Expense": NaN,
        "Salaries And Wages": NaN,
        "Total Revenue": NaN,
        "Operating Revenue": NaN,
        "Occupancy And Equipment": NaN,
        "Professional Expense And Contract Services Expense": NaN,
        "Other Non Interest Expense": NaN
    },
    "2022-09-30": {
        "Tax Effect Of Unusual Items": NaN,
        "Tax Rate For Calcs": NaN,
        "Total Unusual Items": NaN,
        "Total Unusual Items Excluding Goodwill": NaN,
        "Net Income From Continuing Operation Net Minority Interest": NaN,
        "Reconciled Depreciation": NaN,
        "Net Interest Income": NaN,
        "Interest Expense": NaN,
        "Interest Income": NaN,
        "Normalized Income": NaN,
        "Net Income From Continuing And Discontinued Operation": NaN,
        "Diluted Average Shares": NaN,
        "Basic Average Shares": NaN,
        "Diluted EPS": NaN,
        "Basic EPS": NaN,
        "Diluted NI Availto Com Stockholders": NaN,
        "Net Income Common Stockholders": NaN,
        "Otherunder Preferred Stock Dividend": 5000.0,
        "Net Income": NaN,
        "Net Income Including Noncontrolling Interests": NaN,
        "Net Income Continuous Operations": NaN,
        "Tax Provision": NaN,
        "Pretax Income": NaN,
        "Special Income Charges": NaN,
        "Other Special Charges": NaN,
        "Restructuring And Mergern Acquisition": 0.0,
        "Gain On Sale Of Security": NaN,
        "Depreciation Amortization Depletion Income Statement": NaN,
        "Depreciation And Amortization In Income Statement": NaN,
        "Selling General And Administration": NaN,
        "Selling And Marketing Expense": NaN,
        "General And Administrative Expense": NaN,
        "Other Gand A": 861000.0,
        "Salaries And Wages": NaN,
        "Total Revenue": NaN,
        "Operating Revenue": NaN
    },
    "2022-06-30": {
        "Tax Effect Of Unusual Items": -158769.0,
        "Tax Rate For Calcs": 0.207,
        "Total Unusual Items": -767000.0,
        "Total Unusual Items Excluding Goodwill": -767000.0,
        "Net Income From Continuing Operation Net Minority Interest": 9404000.0,
        "Reconciled Depreciation": 1122000.0,
        "Net Interest Income": 21978000.0,
        "Interest Expense": 2350000.0,
        "Interest Income": 24328000.0,
        "Normalized Income": 10012231.0,
        "Net Income From Continuing And Discontinued Operation": 9404000.0,
        "Diluted Average Shares": 10233539.0,
        "Basic Average Shares": 10149246.0,
        "Diluted EPS": 0.92,
        "Basic EPS": 0.92,
        "Diluted NI Availto Com Stockholders": 9404000.0,
        "Net Income Common Stockholders": 9404000.0,
        "Otherunder Preferred Stock Dividend": 7000.0,
        "Net Income": 9404000.0,
        "Net Income Including Noncontrolling Interests": 9404000.0,
        "Net Income Continuous Operations": 9404000.0,
        "Tax Provision": 2459000.0,
        "Pretax Income": 11863000.0,
        "Special Income Charges": -683000.0,
        "Other Special Charges": 461000.0,
        "Restructuring And Mergern Acquisition": 0.0,
        "Gain On Sale Of Security": 4647000.0,
        "Depreciation Amortization Depletion Income Statement": 1122000.0,
        "Depreciation And Amortization In Income Statement": 1122000.0,
        "Selling General And Administration": 9146000.0,
        "Selling And Marketing Expense": 83000.0,
        "General And Administrative Expense": 9063000.0,
        "Other Gand A": 727000.0,
        "Salaries And Wages": 9063000.0,
        "Total Revenue": 28817000.0,
        "Operating Revenue": 28817000.0
    },
    "2022-03-31": {
        "Diluted EPS": 0.97,
        "Total Revenue": 30,
        "Gross Profit": 28,
        "Operating Income": 13,
        "EBIT": NaN,
        "Net Income": 10
    },
    "2021-12-31": {
        "Diluted EPS": 0.67,
        "Total Revenue": 25,
        "Gross Profit": 23,
        "Operating Income": 9,
        "EBIT": NaN,
        "Net Income": 7
    },
    "2021-09-30": {
        "Diluted EPS": -0.95,
        "Total Revenue": 28,
        "Gross Profit": 25,
        "Operating Income": -12,
        "EBIT": NaN,
        "Net Income": -10
    },
    "2021-06-30": {
        "Diluted EPS": 0.53,
        "Total Revenue": 28,
        "Gross Profit": 25,
        "Operating Income": 9,
        "EBIT": NaN,
        "Net Income": 6
    },
    "2021-03-31": {
        "Diluted EPS": 0.51,
        "Total Revenue": 25,
        "Gross Profit": 22,
        "Operating Income": 7,
        "EBIT": NaN,
        "Net Income": 5
    },
    "2020-12-31": {
        "Diluted EPS": 0.42,
        "Total Revenue": 27,
        "Gross Profit": 23,
        "Operating Income": 6,
        "EBIT": NaN,
        "Net Income": 5
    },
    "2020-09-30": {
        "Diluted EPS": 0.41,
        "Total Revenue": 27,
        "Gross Profit": 22,
        "Operating Income": 6,
        "EBIT": NaN,
        "Net Income": 4
    },
    "2020-06-30": {
        "Diluted EPS": 0.39,
        "Total Revenue": 28,
        "Gross Profit": 22,
        "Operating Income": 6,
        "EBIT": NaN,
        "Net Income": 4
    },
    "2020-03-31": {
        "Diluted EPS": 0.05,
        "Total Revenue": 25,
        "Gross Profit": 18,
        "Operating Income": 2,
        "EBIT": NaN,
        "Net Income": 1
    },
    "2019-12-31": {
        "Diluted EPS": 0.32,
        "Total Revenue": 25,
        "Gross Profit": 19,
        "Operating Income": 5,
        "EBIT": NaN,
        "Net Income": 3
    },
    "2019-09-30": {
        "Diluted EPS": 0.46,
        "Total Revenue": 24,
        "Gross Profit": 18,
        "Operating Income": 6,
        "EBIT": NaN,
        "Net Income": 5
    },
    "2019-06-30": {
        "Diluted EPS": 0.48,
        "Total Revenue": 24,
        "Gross Profit": 18,
        "Operating Income": 6,
        "EBIT": NaN,
        "Net Income": 5
    },
    "2019-03-31": {
        "Diluted EPS": 0.4,
        "Total Revenue": 22,
        "Gross Profit": 16,
        "Operating Income": 6,
        "EBIT": NaN,
        "Net Income": 4
    },
    "2018-12-31": {
        "Diluted EPS": 0.34,
        "Total Revenue": 21,
        "Gross Profit": 16,
        "Operating Income": 4,
        "EBIT": NaN,
        "Net Income": 3
    },
    "2018-09-30": {
        "Diluted EPS": 0.41,
        "Total Revenue": 20,
        "Gross Profit": 16,
        "Operating Income": 5,
        "EBIT": NaN,
        "Net Income": 4
    },
    "2018-06-30": {
        "Diluted EPS": 0.39,
        "Total Revenue": 19,
        "Gross Profit": 16,
        "Operating Income": 5,
        "EBIT": NaN,
        "Net Income": 4
    },
    "2018-03-31": {
        "Diluted EPS": 0.25,
        "Total Revenue": 18,
        "Gross Profit": 15,
        "Operating Income": 5,
        "EBIT": NaN,
        "Net Income": 2
    },
    "2017-12-31": {
        "Diluted EPS": 0.24,
        "Total Revenue": 17,
        "Gross Profit": 14,
        "Operating Income": 5,
        "EBIT": NaN,
        "Net Income": 2
    },
    "2017-09-30": {
        "Diluted EPS": 0.24,
        "Total Revenue": 16,
        "Gross Profit": 13,
        "Operating Income": 4,
        "EBIT": NaN,
        "Net Income": 2
    },
    "2017-06-30": {
        "Diluted EPS": 0.22,
        "Total Revenue": 13,
        "Gross Profit": 10,
        "Operating Income": 3,
        "EBIT": NaN,
        "Net Income": 2
    },
    "2017-03-31": {
        "Diluted EPS": 0.26,
        "Total Revenue": 12,
        "Gross Profit": 10,
        "Operating Income": 3,
        "EBIT": NaN,
        "Net Income": 2
    },
    "2016-12-31": {
        "Diluted EPS": 0.25,
        "Total Revenue": 12,
        "Gross Profit": 10,
        "Operating Income": 3,
        "EBIT": NaN,
        "Net Income": 2
    },
    "2016-09-30": {
        "Diluted EPS": 0.29,
        "Total Revenue": 12,
        "Gross Profit": 10,
        "Operating Income": 3,
        "EBIT": NaN,
        "Net Income": 2
    },
    "2016-06-30": {
        "Diluted EPS": 0.28,
        "Total Revenue": 13,
        "Gross Profit": 11,
        "Operating Income": 3,
        "EBIT": NaN,
        "Net Income": 2
    },
    "2016-03-31": {
        "Diluted EPS": 0.28,
        "Total Revenue": 12,
        "Gross Profit": 10,
        "Operating Income": 3,
        "EBIT": NaN,
        "Net Income": 2
    },
    "2015-12-31": {
        "Diluted EPS": 0.19,
        "Total Revenue": 11,
        "Gross Profit": 10,
        "Operating Income": 2,
        "EBIT": NaN,
        "Net Income": 1
    },
    "2015-09-30": {
        "Diluted EPS": 0.26,
        "Total Revenue": 12,
        "Gross Profit": 10,
        "Operating Income": 3,
        "EBIT": NaN,
        "Net Income": 2
    },
    "2015-06-30": {
        "Diluted EPS": 0.25,
        "Total Revenue": 11,
        "Gross Profit": 10,
        "Operating Income": 3,
        "EBIT": NaN,
        "Net Income": 2
    },
    "2015-03-31": {
        "Diluted EPS": 0.27,
        "Total Revenue": 11,
        "Gross Profit": 10,
        "Operating Income": 3,
        "EBIT": NaN,
        "Net Income": 2
    },
    "2014-12-31": {
        "Diluted EPS": 0.26,
        "Total Revenue": 10,
        "Gross Profit": 9,
        "Operating Income": 2,
        "EBIT": NaN,
        "Net Income": 2
    },
    "2014-09-30": {
        "Diluted EPS": 0.2,
        "Total Revenue": 10,
        "Gross Profit": 9,
        "Operating Income": 2,
        "EBIT": NaN,
        "Net Income": 1
    },
    "2014-06-30": {
        "Diluted EPS": 0.26,
        "Total Revenue": 9,
        "Gross Profit": 8,
        "Operating Income": 2,
        "EBIT": NaN,
        "Net Income": 1
    },
    "2014-03-31": {
        "Diluted EPS": 0.21,
        "Total Revenue": 8,
        "Gross Profit": 7,
        "Operating Income": 1,
        "EBIT": NaN,
        "Net Income": 1
    },
    "2013-12-31": {
        "Diluted EPS": 0.0,
        "Total Revenue": NaN,
        "Gross Profit": NaN,
        "Operating Income": NaN,
        "EBIT": NaN,
        "Net Income": NaN
    },
    "2013-09-30": {
        "Diluted EPS": 0.16,
        "Total Revenue": 7,
        "Gross Profit": 6,
        "Operating Income": 1,
        "EBIT": NaN,
        "Net Income": 1
    },
    "2013-06-30": {
        "Diluted EPS": 0.44,
        "Total Revenue": 8,
        "Gross Profit": 7,
        "Operating Income": 2,
        "EBIT": NaN,
        "Net Income": 2
    },
    "2012-12-31": {
        "Diluted EPS": 0.0,
        "Total Revenue": NaN,
        "Gross Profit": NaN,
        "Operating Income": NaN,
        "EBIT": NaN,
        "Net Income": NaN
    },
    "2023-09-30": {
        "Tax Effect Of Unusual Items": NaN,
        "Tax Rate For Calcs": NaN,
        "Total Unusual Items": NaN,
        "Total Unusual Items Excluding Goodwill": NaN,
        "Net Income From Continuing Operation Net Minority Interest": NaN,
        "Reconciled Depreciation": NaN,
        "Net Interest Income": NaN,
        "Interest Expense": NaN,
        "Interest Income": NaN,
        "Normalized Income": NaN,
        "Net Income From Continuing And Discontinued Operation": NaN,
        "Diluted Average Shares": 9817607.0,
        "Basic Average Shares": 9814727.0,
        "Diluted EPS": 0.28,
        "Basic EPS": 0.28,
        "Diluted NI Availto Com Stockholders": NaN,
        "Net Income Common Stockholders": NaN,
        "Otherunder Preferred Stock Dividend": NaN,
        "Net Income": NaN,
        "Net Income Including Noncontrolling Interests": NaN,
        "Net Income Continuous Operations": NaN,
        "Tax Provision": NaN,
        "Pretax Income": NaN,
        "Special Income Charges": NaN,
        "Other Special Charges": 367000.0,
        "Gain On Sale Of Security": NaN,
        "Depreciation Amortization Depletion Income Statement": NaN,
        "Depreciation And Amortization In Income Statement": NaN,
        "Selling General And Administration": NaN,
        "Selling And Marketing Expense": NaN,
        "General And Administrative Expense": NaN,
        "Salaries And Wages": NaN,
        "Total Revenue": NaN,
        "Operating Revenue": NaN,
        "Occupancy And Equipment": NaN,
        "Professional Expense And Contract Services Expense": NaN,
        "Other Non Interest Expense": NaN
    },
    "2023-12-31": {
        "Tax Effect Of Unusual Items": NaN,
        "Tax Rate For Calcs": NaN,
        "Total Unusual Items": NaN,
        "Total Unusual Items Excluding Goodwill": NaN,
        "Net Income From Continuing Operation Net Minority Interest": NaN,
        "Reconciled Depreciation": NaN,
        "Net Interest Income": NaN,
        "Interest Expense": NaN,
        "Interest Income": NaN,
        "Normalized Income": NaN,
        "Net Income From Continuing And Discontinued Operation": NaN,
        "Diluted Average Shares": NaN,
        "Basic Average Shares": NaN,
        "Diluted EPS": NaN,
        "Basic EPS": NaN,
        "Diluted NI Availto Com Stockholders": NaN,
        "Net Income Common Stockholders": NaN,
        "Otherunder Preferred Stock Dividend": -1000.0,
        "Net Income": NaN,
        "Net Income Including Noncontrolling Interests": NaN,
        "Net Income Continuous Operations": NaN,
        "Tax Provision": NaN,
        "Pretax Income": NaN,
        "Special Income Charges": NaN,
        "Other Special Charges": 39000.0,
        "Gain On Sale Of Security": NaN,
        "Depreciation Amortization Depletion Income Statement": NaN,
        "Depreciation And Amortization In Income Statement": NaN,
        "Selling General And Administration": NaN,
        "Selling And Marketing Expense": NaN,
        "General And Administrative Expense": NaN,
        "Salaries And Wages": NaN,
        "Total Revenue": NaN,
        "Operating Revenue": NaN,
        "Occupancy And Equipment": NaN,
        "Professional Expense And Contract Services Expense": NaN,
        "Other Non Interest Expense": NaN
    },
    "2024-03-31": {
        "Tax Effect Of Unusual Items": 145549.531789,
        "Tax Rate For Calcs": 0.226713,
        "Total Unusual Items": 642000.0,
        "Total Unusual Items Excluding Goodwill": 642000.0,
        "Net Income From Continuing Operation Net Minority Interest": 4707000.0,
        "Reconciled Depreciation": 812000.0,
        "Net Interest Income": 17216000.0,
        "Interest Expense": 18506000.0,
        "Interest Income": 35722000.0,
        "Normalized Income": 4210549.531789,
        "Net Income From Continuing And Discontinued Operation": 4707000.0,
        "Diluted Average Shares": 9866973.0,
        "Basic Average Shares": 9769626.0,
        "Diluted EPS": 0.48,
        "Basic EPS": 0.48,
        "Diluted NI Availto Com Stockholders": 4707000.0,
        "Net Income Common Stockholders": 4707000.0,
        "Otherunder Preferred Stock Dividend": NaN,
        "Net Income": 4707000.0,
        "Net Income Including Noncontrolling Interests": 4707000.0,
        "Net Income Continuous Operations": 4707000.0,
        "Tax Provision": 1380000.0,
        "Pretax Income": 6087000.0,
        "Special Income Charges": 642000.0,
        "Other Special Charges": -427000.0,
        "Gain On Sale Of Security": 80000.0,
        "Depreciation Amortization Depletion Income Statement": 812000.0,
        "Depreciation And Amortization In Income Statement": 812000.0,
        "Selling General And Administration": 9289000.0,
        "Selling And Marketing Expense": 41000.0,
        "General And Administrative Expense": 9248000.0,
        "Salaries And Wages": 9248000.0,
        "Total Revenue": 19537000.0,
        "Operating Revenue": 19537000.0,
        "Occupancy And Equipment": 581000.0,
        "Professional Expense And Contract Services Expense": 419000.0,
        "Other Non Interest Expense": 4410000.0
    },
    "2024-06-30": {
        "Tax Effect Of Unusual Items": 169830.0,
        "Tax Rate For Calcs": 0.17,
        "Total Unusual Items": 999000.0,
        "Total Unusual Items Excluding Goodwill": 999000.0,
        "Net Income From Continuing Operation Net Minority Interest": 4057000.0,
        "Reconciled Depreciation": 787000.0,
        "Net Interest Income": 17198000.0,
        "Interest Expense": 18592000.0,
        "Interest Income": 35790000.0,
        "Normalized Income": 3227830.0,
        "Net Income From Continuing And Discontinued Operation": 4057000.0,
        "Diluted Average Shares": 9902170.0,
        "Basic Average Shares": 9827903.0,
        "Diluted EPS": 0.41,
        "Basic EPS": 0.41,
        "Diluted NI Availto Com Stockholders": 4057000.0,
        "Net Income Common Stockholders": 4057000.0,
        "Otherunder Preferred Stock Dividend": NaN,
        "Net Income": 4057000.0,
        "Net Income Including Noncontrolling Interests": 4057000.0,
        "Net Income Continuous Operations": 4057000.0,
        "Tax Provision": 829000.0,
        "Pretax Income": 4886000.0,
        "Special Income Charges": 287000.0,
        "Other Special Charges": NaN,
        "Gain On Sale Of Security": -383000.0,
        "Depreciation Amortization Depletion Income Statement": 787000.0,
        "Depreciation And Amortization In Income Statement": 787000.0,
        "Selling General And Administration": 9665000.0,
        "Selling And Marketing Expense": 72000.0,
        "General And Administrative Expense": 9593000.0,
        "Salaries And Wages": 9593000.0,
        "Total Revenue": 19948000.0,
        "Operating Revenue": 19948000.0,
        "Occupancy And Equipment": 696000.0,
        "Professional Expense And Contract Services Expense": 471000.0,
        "Other Non Interest Expense": 4145000.0
    },
    "2024-09-30": {
        "Tax Effect Of Unusual Items": 141986.0,
        "Tax Rate For Calcs": 0.127,
        "Total Unusual Items": 1118000.0,
        "Total Unusual Items Excluding Goodwill": 1118000.0,
        "Net Income From Continuing Operation Net Minority Interest": 5381000.0,
        "Reconciled Depreciation": 760000.0,
        "Net Interest Income": 17856000.0,
        "Interest Expense": 18992000.0,
        "Interest Income": 36848000.0,
        "Normalized Income": 4404986.0,
        "Net Income From Continuing And Discontinued Operation": 5381000.0,
        "Diluted Average Shares": 9902448.0,
        "Basic Average Shares": 9828776.0,
        "Diluted EPS": 0.54,
        "Basic EPS": 0.55,
        "Diluted NI Availto Com Stockholders": 5381000.0,
        "Net Income Common Stockholders": 5381000.0,
        "Otherunder Preferred Stock Dividend": NaN,
        "Net Income": 5381000.0,
        "Net Income Including Noncontrolling Interests": 5381000.0,
        "Net Income Continuous Operations": 5381000.0,
        "Tax Provision": 784000.0,
        "Pretax Income": 6165000.0,
        "Special Income Charges": 1122000.0,
        "Other Special Charges": -1122000.0,
        "Gain On Sale Of Security": 175000.0,
        "Depreciation Amortization Depletion Income Statement": 760000.0,
        "Depreciation And Amortization In Income Statement": 760000.0,
        "Selling General And Administration": 10103000.0,
        "Selling And Marketing Expense": 121000.0,
        "General And Administrative Expense": 9982000.0,
        "Salaries And Wages": 9982000.0,
        "Total Revenue": 20278000.0,
        "Operating Revenue": 20278000.0,
        "Occupancy And Equipment": 652000.0,
        "Professional Expense And Contract Services Expense": 473000.0,
        "Other Non Interest Expense": 4192000.0
    },
    "2024-12-31": {
        "Tax Effect Of Unusual Items": -37539.212988,
        "Tax Rate For Calcs": 0.159741,
        "Total Unusual Items": -235000.0,
        "Total Unusual Items Excluding Goodwill": -235000.0,
        "Net Income From Continuing Operation Net Minority Interest": 6107000.0,
        "Reconciled Depreciation": 736000.0,
        "Net Interest Income": 17483000.0,
        "Interest Expense": 18022000.0,
        "Interest Income": 35505000.0,
        "Normalized Income": 6304460.787012,
        "Net Income From Continuing And Discontinued Operation": 6107000.0,
        "Diluted Average Shares": 9993790.0,
        "Basic Average Shares": 9828146.0,
        "Diluted EPS": 0.61,
        "Basic EPS": 0.62,
        "Diluted NI Availto Com Stockholders": 6107000.0,
        "Net Income Common Stockholders": 6107000.0,
        "Otherunder Preferred Stock Dividend": NaN,
        "Net Income": 6107000.0,
        "Net Income Including Noncontrolling Interests": 6107000.0,
        "Net Income Continuous Operations": 6107000.0,
        "Tax Provision": 1161000.0,
        "Pretax Income": 7268000.0,
        "Special Income Charges": -210000.0,
        "Other Special Charges": 0.0,
        "Gain On Sale Of Security": -212000.0,
        "Depreciation Amortization Depletion Income Statement": 736000.0,
        "Depreciation And Amortization In Income Statement": 736000.0,
        "Selling General And Administration": 9928000.0,
        "Selling And Marketing Expense": 136000.0,
        "General And Administrative Expense": 9792000.0,
        "Salaries And Wages": 9792000.0,
        "Total Revenue": 22646000.0,
        "Operating Revenue": 22646000.0,
        "Occupancy And Equipment": 647000.0,
        "Professional Expense And Contract Services Expense": 434000.0,
        "Other Non Interest Expense": 4124000.0
    },
    "2025-03-31": {
        "Tax Effect Of Unusual Items": -552.631579,
        "Tax Rate For Calcs": 0.184211,
        "Total Unusual Items": -3000.0,
        "Total Unusual Items Excluding Goodwill": -3000.0,
        "Net Income From Continuing Operation Net Minority Interest": 6293000.0,
        "Reconciled Depreciation": 721000.0,
        "Net Interest Income": 18345000.0,
        "Interest Expense": 16089000.0,
        "Interest Income": 34434000.0,
        "Normalized Income": 6295447.368421,
        "Net Income From Continuing And Discontinued Operation": 6293000.0,
        "Diluted Average Shares": 9960940.0,
        "Basic Average Shares": 9832625.0,
        "Diluted EPS": 0.63,
        "Basic EPS": 0.64,
        "Diluted NI Availto Com Stockholders": 6293000.0,
        "Net Income Common Stockholders": 6293000.0,
        "Otherunder Preferred Stock Dividend": NaN,
        "Net Income": 6293000.0,
        "Net Income Including Noncontrolling Interests": 6293000.0,
        "Net Income Continuous Operations": 6293000.0,
        "Tax Provision": 1421000.0,
        "Pretax Income": 7714000.0,
        "Special Income Charges": -3000.0,
        "Other Special Charges": 3000.0,
        "Gain On Sale Of Security": -76000.0,
        "Depreciation Amortization Depletion Income Statement": 721000.0,
        "Depreciation And Amortization In Income Statement": 721000.0,
        "Selling General And Administration": 9714000.0,
        "Selling And Marketing Expense": 111000.0,
        "General And Administrative Expense": 9603000.0,
        "Salaries And Wages": 9603000.0,
        "Total Revenue": 20359000.0,
        "Operating Revenue": 20359000.0,
        "Occupancy And Equipment": 641000.0,
        "Professional Expense And Contract Services Expense": 591000.0,
        "Other Non Interest Expense": 4571000.0
    }
}