{
    "2023-03-31": {
        "Tax Effect Of Unusual Items": NaN,
        "Tax Rate For Calcs": NaN,
        "Net Income From Continuing Operation Net Minority Interest": NaN,
        "Reconciled Depreciation": NaN,
        "Interest Income": NaN,
        "Normalized Income": NaN,
        "Net Income From Continuing And Discontinued Operation": NaN,
        "Total Expenses": NaN,
        "Diluted Average Shares": NaN,
        "Basic Average Shares": NaN,
        "Diluted EPS": NaN,
        "Basic EPS": NaN,
        "Diluted NI Availto Com Stockholders": NaN,
        "Net Income Common Stockholders": NaN,
        "Net Income": NaN,
        "Net Income Including Noncontrolling Interests": NaN,
        "Net Income Continuous Operations": NaN,
        "Tax Provision": NaN,
        "Pretax Income": NaN,
        "Other Income Expense": NaN,
        "Other Operating Expenses": NaN,
        "Selling General And Administration": NaN,
        "General And Administrative Expense": NaN,
        "Other Gand A": 4400000.0,
        "Salaries And Wages": NaN,
        "Total Revenue": NaN,
        "Operating Revenue": NaN,
        "Loss Adjustment Expense": NaN,
        "Net Policyholder Benefits And Claims": NaN
    },
    "2022-12-31": {
        "Tax Effect Of Unusual Items": NaN,
        "Tax Rate For Calcs": NaN,
        "Net Income From Continuing Operation Net Minority Interest": NaN,
        "Reconciled Depreciation": NaN,
        "Interest Income": NaN,
        "Normalized Income": NaN,
        "Net Income From Continuing And Discontinued Operation": NaN,
        "Total Expenses": NaN,
        "Diluted Average Shares": NaN,
        "Basic Average Shares": NaN,
        "Diluted EPS": NaN,
        "Basic EPS": NaN,
        "Diluted NI Availto Com Stockholders": NaN,
        "Net Income Common Stockholders": NaN,
        "Net Income": NaN,
        "Net Income Including Noncontrolling Interests": NaN,
        "Net Income Continuous Operations": NaN,
        "Tax Provision": NaN,
        "Pretax Income": NaN,
        "Other Income Expense": NaN,
        "Other Operating Expenses": NaN,
        "Selling General And Administration": NaN,
        "General And Administrative Expense": NaN,
        "Other Gand A": 4393000.0,
        "Salaries And Wages": NaN,
        "Total Revenue": NaN,
        "Operating Revenue": NaN,
        "Loss Adjustment Expense": NaN,
        "Net Policyholder Benefits And Claims": NaN
    },
    "2022-09-30": {
        "Tax Effect Of Unusual Items": NaN,
        "Tax Rate For Calcs": NaN,
        "Net Income From Continuing Operation Net Minority Interest": NaN,
        "Reconciled Depreciation": NaN,
        "Interest Income": NaN,
        "Normalized Income": NaN,
        "Net Income From Continuing And Discontinued Operation": NaN,
        "Total Expenses": NaN,
        "Diluted Average Shares": NaN,
        "Basic Average Shares": NaN,
        "Diluted EPS": NaN,
        "Basic EPS": NaN,
        "Diluted NI Availto Com Stockholders": NaN,
        "Net Income Common Stockholders": NaN,
        "Net Income": NaN,
        "Net Income Including Noncontrolling Interests": NaN,
        "Net Income Continuous Operations": NaN,
        "Tax Provision": NaN,
        "Pretax Income": NaN,
        "Other Income Expense": NaN,
        "Other Operating Expenses": NaN,
        "Selling General And Administration": NaN,
        "General And Administrative Expense": NaN,
        "Other Gand A": 4274000.0,
        "Salaries And Wages": NaN,
        "Total Revenue": NaN,
        "Operating Revenue": NaN
    },
    "2022-06-30": {
        "Tax Effect Of Unusual Items": 0.0,
        "Tax Rate For Calcs": 0.228242,
        "Net Income From Continuing Operation Net Minority Interest": 2279000.0,
        "Reconciled Depreciation": 908000.0,
        "Interest Income": 911000.0,
        "Normalized Income": 2279000.0,
        "Net Income From Continuing And Discontinued Operation": 2279000.0,
        "Total Expenses": 67949000.0,
        "Diluted Average Shares": 1899000.0,
        "Basic Average Shares": 1897000.0,
        "Diluted EPS": 1.2,
        "Basic EPS": 1.2,
        "Diluted NI Availto Com Stockholders": 2279000.0,
        "Net Income Common Stockholders": 2279000.0,
        "Net Income": 2279000.0,
        "Net Income Including Noncontrolling Interests": 2279000.0,
        "Net Income Continuous Operations": 2279000.0,
        "Tax Provision": 674000.0,
        "Pretax Income": 2953000.0,
        "Other Income Expense": 348000.0,
        "Other Operating Expenses": 7627000.0,
        "Selling General And Administration": 25186000.0,
        "General And Administrative Expense": 25186000.0,
        "Other Gand A": 4288000.0,
        "Salaries And Wages": 20898000.0,
        "Total Revenue": 70902000.0,
        "Operating Revenue": 70902000.0
    },
    "2022-03-31": {
        "Diluted EPS": 3.25,
        "Total Revenue": 69,
        "Gross Profit": 39,
        "Operating Income": 8,
        "EBIT": 9,
        "Net Income": 6
    },
    "2021-12-31": {
        "Diluted EPS": 9.94,
        "Total Revenue": 91,
        "Gross Profit": 50,
        "Operating Income": 24,
        "EBIT": 25,
        "Net Income": 19
    },
    "2021-09-30": {
        "Diluted EPS": 7.63,
        "Total Revenue": 81,
        "Gross Profit": 42,
        "Operating Income": 18,
        "EBIT": 19,
        "Net Income": 15
    },
    "2021-06-30": {
        "Diluted EPS": 10.42,
        "Total Revenue": 85,
        "Gross Profit": 49,
        "Operating Income": 25,
        "EBIT": 26,
        "Net Income": 20
    },
    "2021-03-31": {
        "Diluted EPS": 7.29,
        "Total Revenue": 72,
        "Gross Profit": 40,
        "Operating Income": 17,
        "EBIT": 18,
        "Net Income": 14
    },
    "2020-12-31": {
        "Diluted EPS": 8.79,
        "Total Revenue": 77,
        "Gross Profit": 43,
        "Operating Income": 21,
        "EBIT": 22,
        "Net Income": 17
    },
    "2020-09-30": {
        "Diluted EPS": 8.07,
        "Total Revenue": 68,
        "Gross Profit": 37,
        "Operating Income": 19,
        "EBIT": 20,
        "Net Income": 15
    },
    "2020-06-30": {
        "Diluted EPS": 7.65,
        "Total Revenue": 62,
        "Gross Profit": 36,
        "Operating Income": 18,
        "EBIT": 19,
        "Net Income": 14
    },
    "2020-03-31": {
        "Diluted EPS": -3.71,
        "Total Revenue": 30,
        "Gross Profit": 9,
        "Operating Income": -9,
        "EBIT": -8,
        "Net Income": -7
    },
    "2019-12-31": {
        "Diluted EPS": 6.0,
        "Total Revenue": 53,
        "Gross Profit": 31,
        "Operating Income": 15,
        "EBIT": 15,
        "Net Income": 11
    },
    "2019-09-30": {
        "Diluted EPS": 4.2,
        "Total Revenue": 48,
        "Gross Profit": 27,
        "Operating Income": 10,
        "EBIT": 11,
        "Net Income": 8
    },
    "2019-06-30": {
        "Diluted EPS": 2.9,
        "Total Revenue": 43,
        "Gross Profit": 24,
        "Operating Income": 7,
        "EBIT": 8,
        "Net Income": 6
    },
    "2019-03-31": {
        "Diluted EPS": 3.49,
        "Total Revenue": 40,
        "Gross Profit": 25,
        "Operating Income": 8,
        "EBIT": 9,
        "Net Income": 7
    },
    "2018-12-31": {
        "Diluted EPS": 0.07,
        "Total Revenue": 32,
        "Gross Profit": 16,
        "Operating Income": 0,
        "EBIT": 1,
        "Net Income": 0
    },
    "2018-09-30": {
        "Diluted EPS": 5.61,
        "Total Revenue": 48,
        "Gross Profit": 29,
        "Operating Income": 13,
        "EBIT": 13,
        "Net Income": 11
    },
    "2018-06-30": {
        "Diluted EPS": 3.66,
        "Total Revenue": 42,
        "Gross Profit": 25,
        "Operating Income": 9,
        "EBIT": 10,
        "Net Income": 7
    },
    "2018-03-31": {
        "Diluted EPS": 2.2,
        "Total Revenue": 34,
        "Gross Profit": 21,
        "Operating Income": 5,
        "EBIT": 6,
        "Net Income": 4
    },
    "2017-12-31": {
        "Diluted EPS": 5.08,
        "Total Revenue": 41,
        "Gross Profit": 22,
        "Operating Income": 7,
        "EBIT": 7,
        "Net Income": 10
    },
    "2017-09-30": {
        "Diluted EPS": 3.13,
        "Total Revenue": 43,
        "Gross Profit": 24,
        "Operating Income": 9,
        "EBIT": 10,
        "Net Income": 6
    },
    "2017-06-30": {
        "Diluted EPS": 2.99,
        "Total Revenue": 40,
        "Gross Profit": 23,
        "Operating Income": 8,
        "EBIT": 9,
        "Net Income": 6
    },
    "2017-03-31": {
        "Diluted EPS": 2.36,
        "Total Revenue": 38,
        "Gross Profit": 21,
        "Operating Income": 6,
        "EBIT": 7,
        "Net Income": 4
    },
    "2016-12-31": {
        "Diluted EPS": 2.62,
        "Total Revenue": 39,
        "Gross Profit": 20,
        "Operating Income": 8,
        "EBIT": 8,
        "Net Income": 5
    },
    "2016-09-30": {
        "Diluted EPS": 4.29,
        "Total Revenue": 41,
        "Gross Profit": 23,
        "Operating Income": 11,
        "EBIT": 12,
        "Net Income": 8
    },
    "2016-06-30": {
        "Diluted EPS": 2.35,
        "Total Revenue": 34,
        "Gross Profit": 18,
        "Operating Income": 7,
        "EBIT": 7,
        "Net Income": 5
    },
    "2016-03-31": {
        "Diluted EPS": 0.93,
        "Total Revenue": 25,
        "Gross Profit": 13,
        "Operating Income": 3,
        "EBIT": 3,
        "Net Income": 2
    },
    "2015-12-31": {
        "Diluted EPS": 1.11,
        "Total Revenue": 29,
        "Gross Profit": 14,
        "Operating Income": 3,
        "EBIT": 4,
        "Net Income": 2
    },
    "2015-09-30": {
        "Diluted EPS": 2.28,
        "Total Revenue": 35,
        "Gross Profit": 17,
        "Operating Income": 6,
        "EBIT": 7,
        "Net Income": 4
    },
    "2015-06-30": {
        "Diluted EPS": 2.05,
        "Total Revenue": 35,
        "Gross Profit": 16,
        "Operating Income": 6,
        "EBIT": 6,
        "Net Income": 4
    },
    "2015-03-31": {
        "Diluted EPS": 0.86,
        "Total Revenue": 28,
        "Gross Profit": 13,
        "Operating Income": 2,
        "EBIT": 3,
        "Net Income": 2
    },
    "2014-12-31": {
        "Diluted EPS": 1.33,
        "Total Revenue": 32,
        "Gross Profit": 13,
        "Operating Income": 4,
        "EBIT": 4,
        "Net Income": 3
    },
    "2014-09-30": {
        "Diluted EPS": 1.28,
        "Total Revenue": 30,
        "Gross Profit": 14,
        "Operating Income": 4,
        "EBIT": 4,
        "Net Income": 3
    },
    "2014-06-30": {
        "Diluted EPS": 1.65,
        "Total Revenue": 33,
        "Gross Profit": 15,
        "Operating Income": 5,
        "EBIT": 5,
        "Net Income": 3
    },
    "2014-03-31": {
        "Diluted EPS": 0.48,
        "Total Revenue": 28,
        "Gross Profit": 11,
        "Operating Income": 1,
        "EBIT": 2,
        "Net Income": 1
    },
    "2013-12-31": {
        "Diluted EPS": 0.88,
        "Total Revenue": 32,
        "Gross Profit": 12,
        "Operating Income": 3,
        "EBIT": 3,
        "Net Income": 2
    },
    "2013-09-30": {
        "Diluted EPS": 2.66,
        "Total Revenue": 34,
        "Gross Profit": 19,
        "Operating Income": 8,
        "EBIT": 9,
        "Net Income": 6
    },
    "2013-06-30": {
        "Diluted EPS": 1.92,
        "Total Revenue": 34,
        "Gross Profit": 15,
        "Operating Income": 6,
        "EBIT": 6,
        "Net Income": 4
    },
    "2013-03-31": {
        "Diluted EPS": 1.62,
        "Total Revenue": 27,
        "Gross Profit": 14,
        "Operating Income": 5,
        "EBIT": 5,
        "Net Income": 3
    },
    "2012-12-31": {
        "Diluted EPS": 1.5,
        "Total Revenue": 34,
        "Gross Profit": 14,
        "Operating Income": 5,
        "EBIT": 5,
        "Net Income": 3
    },
    "2012-09-30": {
        "Diluted EPS": 1.5,
        "Total Revenue": 32,
        "Gross Profit": 13,
        "Operating Income": 5,
        "EBIT": 5,
        "Net Income": 3
    },
    "2012-06-30": {
        "Diluted EPS": 1.57,
        "Total Revenue": 26,
        "Gross Profit": 13,
        "Operating Income": 5,
        "EBIT": 5,
        "Net Income": 3
    },
    "2012-03-31": {
        "Diluted EPS": 0.67,
        "Total Revenue": 22,
        "Gross Profit": 10,
        "Operating Income": 2,
        "EBIT": 2,
        "Net Income": 1
    },
    "2011-12-31": {
        "Diluted EPS": 0.86,
        "Total Revenue": 21,
        "Gross Profit": 10,
        "Operating Income": 3,
        "EBIT": 3,
        "Net Income": 2
    },
    "2011-09-30": {
        "Diluted EPS": 1.14,
        "Total Revenue": 26,
        "Gross Profit": 11,
        "Operating Income": 3,
        "EBIT": 4,
        "Net Income": 2
    },
    "2011-06-30": {
        "Diluted EPS": 0.74,
        "Total Revenue": 24,
        "Gross Profit": 9,
        "Operating Income": 2,
        "EBIT": 2,
        "Net Income": 2
    },
    "2011-03-31": {
        "Diluted EPS": 0.46,
        "Total Revenue": 20,
        "Gross Profit": 8,
        "Operating Income": 1,
        "EBIT": 2,
        "Net Income": 1
    },
    "2010-12-31": {
        "Diluted EPS": 1.03,
        "Total Revenue": 22,
        "Gross Profit": 11,
        "Operating Income": 4,
        "EBIT": 4,
        "Net Income": 2
    },
    "2010-09-30": {
        "Diluted EPS": 0.63,
        "Total Revenue": 19,
        "Gross Profit": 9,
        "Operating Income": 2,
        "EBIT": 2,
        "Net Income": 1
    },
    "2010-06-30": {
        "Diluted EPS": 1.11,
        "Total Revenue": 16,
        "Gross Profit": 10,
        "Operating Income": 3,
        "EBIT": 3,
        "Net Income": 3
    },
    "2010-03-31": {
        "Diluted EPS": 0.01,
        "Total Revenue": 14,
        "Gross Profit": 7,
        "Operating Income": 0,
        "EBIT": 0,
        "Net Income": 0
    },
    "2009-12-31": {
        "Diluted EPS": 0.14,
        "Total Revenue": 15,
        "Gross Profit": 7,
        "Operating Income": 0,
        "EBIT": 0,
        "Net Income": 0
    },
    "2009-09-30": {
        "Diluted EPS": 0.42,
        "Total Revenue": 16,
        "Gross Profit": 8,
        "Operating Income": 1,
        "EBIT": 1,
        "Net Income": 1
    },
    "2009-06-30": {
        "Diluted EPS": 0.92,
        "Total Revenue": 22,
        "Gross Profit": 10,
        "Operating Income": 3,
        "EBIT": 3,
        "Net Income": 2
    },
    "2009-03-31": {
        "Diluted EPS": 0.62,
        "Total Revenue": 19,
        "Gross Profit": 9,
        "Operating Income": 2,
        "EBIT": 2,
        "Net Income": 1
    },
    "2023-06-30": {
        "Tax Effect Of Unusual Items": NaN,
        "Tax Rate For Calcs": NaN,
        "Net Income From Continuing Operation Net Minority Interest": NaN,
        "Reconciled Depreciation": NaN,
        "Interest Income": NaN,
        "Normalized Income": NaN,
        "Net Income From Continuing And Discontinued Operation": NaN,
        "Total Expenses": NaN,
        "Diluted Average Shares": NaN,
        "Basic Average Shares": NaN,
        "Diluted EPS": NaN,
        "Basic EPS": NaN,
        "Diluted NI Availto Com Stockholders": NaN,
        "Net Income Common Stockholders": NaN,
        "Net Income": NaN,
        "Net Income Including Noncontrolling Interests": NaN,
        "Net Income Continuous Operations": NaN,
        "Tax Provision": NaN,
        "Pretax Income": NaN,
        "Other Income Expense": NaN,
        "Other Operating Expenses": NaN,
        "Selling General And Administration": NaN,
        "General And Administrative Expense": NaN,
        "Other Gand A": 4513000.0,
        "Salaries And Wages": NaN,
        "Total Revenue": NaN,
        "Operating Revenue": NaN,
        "Loss Adjustment Expense": NaN,
        "Net Policyholder Benefits And Claims": NaN
    },
    "2023-09-30": {
        "Tax Effect Of Unusual Items": NaN,
        "Tax Rate For Calcs": NaN,
        "Net Income From Continuing Operation Net Minority Interest": NaN,
        "Reconciled Depreciation": NaN,
        "Interest Income": NaN,
        "Normalized Income": NaN,
        "Net Income From Continuing And Discontinued Operation": NaN,
        "Total Expenses": NaN,
        "Diluted Average Shares": NaN,
        "Basic Average Shares": NaN,
        "Diluted EPS": NaN,
        "Basic EPS": NaN,
        "Diluted NI Availto Com Stockholders": NaN,
        "Net Income Common Stockholders": NaN,
        "Net Income": NaN,
        "Net Income Including Noncontrolling Interests": NaN,
        "Net Income Continuous Operations": NaN,
        "Tax Provision": NaN,
        "Pretax Income": NaN,
        "Other Income Expense": NaN,
        "Other Operating Expenses": NaN,
        "Selling General And Administration": NaN,
        "General And Administrative Expense": NaN,
        "Other Gand A": 4209000.0,
        "Salaries And Wages": NaN,
        "Total Revenue": NaN,
        "Operating Revenue": NaN,
        "Loss Adjustment Expense": NaN,
        "Net Policyholder Benefits And Claims": NaN
    },
    "2023-12-31": {
        "Tax Effect Of Unusual Items": 0.0,
        "Tax Rate For Calcs": 0.060679,
        "Net Income From Continuing Operation Net Minority Interest": 5836000.0,
        "Reconciled Depreciation": 1134000.0,
        "Interest Income": 2518000.0,
        "Normalized Income": 5836000.0,
        "Net Income From Continuing And Discontinued Operation": 5836000.0,
        "Total Expenses": 47470000.0,
        "Diluted Average Shares": 1891000.0,
        "Basic Average Shares": 1891000.0,
        "Diluted EPS": 3.09,
        "Basic EPS": 3.09,
        "Diluted NI Availto Com Stockholders": 5836000.0,
        "Net Income Common Stockholders": 5836000.0,
        "Net Income": 5836000.0,
        "Net Income Including Noncontrolling Interests": 5836000.0,
        "Net Income Continuous Operations": 5836000.0,
        "Tax Provision": 377000.0,
        "Pretax Income": 6213000.0,
        "Other Income Expense": 344000.0,
        "Other Operating Expenses": 8711000.0,
        "Selling General And Administration": 18255000.0,
        "General And Administrative Expense": 18255000.0,
        "Other Gand A": NaN,
        "Salaries And Wages": 18255000.0,
        "Total Revenue": 53683000.0,
        "Operating Revenue": 53683000.0,
        "Loss Adjustment Expense": 865000.0,
        "Net Policyholder Benefits And Claims": 865000.0
    },
    "2024-03-31": {
        "Tax Effect Of Unusual Items": 0.0,
        "Tax Rate For Calcs": 0.219424,
        "Net Income From Continuing Operation Net Minority Interest": 4525000.0,
        "Reconciled Depreciation": 1126000.0,
        "Interest Income": 2520000.0,
        "Normalized Income": 4525000.0,
        "Net Income From Continuing And Discontinued Operation": 4525000.0,
        "Total Expenses": 47662000.0,
        "Diluted Average Shares": 1889000.0,
        "Basic Average Shares": 1888000.0,
        "Diluted EPS": 2.4,
        "Basic EPS": 2.4,
        "Diluted NI Availto Com Stockholders": 4525000.0,
        "Net Income Common Stockholders": 4525000.0,
        "Net Income": 4525000.0,
        "Net Income Including Noncontrolling Interests": 4525000.0,
        "Net Income Continuous Operations": 4525000.0,
        "Tax Provision": 1272000.0,
        "Pretax Income": 5797000.0,
        "Other Income Expense": 199000.0,
        "Other Operating Expenses": 8300000.0,
        "Selling General And Administration": 18582000.0,
        "General And Administrative Expense": 18582000.0,
        "Salaries And Wages": 18582000.0,
        "Total Revenue": 53459000.0,
        "Operating Revenue": 53459000.0,
        "Loss Adjustment Expense": 910000.0,
        "Net Policyholder Benefits And Claims": 910000.0
    },
    "2024-06-30": {
        "Tax Effect Of Unusual Items": NaN,
        "Tax Rate For Calcs": NaN,
        "Total Unusual Items": 0.0,
        "Total Unusual Items Excluding Goodwill": 0.0,
        "Net Income From Continuing Operation Net Minority Interest": NaN,
        "Reconciled Depreciation": NaN,
        "Interest Income": NaN,
        "Normalized Income": NaN,
        "Net Income From Continuing And Discontinued Operation": NaN,
        "Total Expenses": NaN,
        "Diluted Average Shares": NaN,
        "Basic Average Shares": NaN,
        "Diluted EPS": NaN,
        "Basic EPS": NaN,
        "Diluted NI Availto Com Stockholders": NaN,
        "Net Income Common Stockholders": NaN,
        "Net Income": NaN,
        "Net Income Including Noncontrolling Interests": NaN,
        "Net Income Continuous Operations": NaN,
        "Tax Provision": NaN,
        "Pretax Income": NaN,
        "Other Income Expense": NaN,
        "Special Income Charges": 0.0,
        "Write Off": 0.0,
        "Other Operating Expenses": NaN,
        "Selling General And Administration": NaN,
        "General And Administrative Expense": NaN,
        "Salaries And Wages": NaN,
        "Total Revenue": NaN,
        "Operating Revenue": NaN,
        "Loss Adjustment Expense": NaN,
        "Net Policyholder Benefits And Claims": NaN
    },
    "2024-09-30": {
        "Tax Effect Of Unusual Items": 0.0,
        "Tax Rate For Calcs": 0.196,
        "Total Unusual Items": NaN,
        "Total Unusual Items Excluding Goodwill": NaN,
        "Net Income From Continuing Operation Net Minority Interest": 9315000.0,
        "Reconciled Depreciation": 1071000.0,
        "Interest Income": 2736000.0,
        "Normalized Income": 9315000.0,
        "Net Income From Continuing And Discontinued Operation": 9315000.0,
        "Total Expenses": 57241000.0,
        "Diluted Average Shares": 1893000.0,
        "Basic Average Shares": 1884000.0,
        "Diluted EPS": 4.92,
        "Basic EPS": 4.94,
        "Diluted NI Availto Com Stockholders": 9315000.0,
        "Net Income Common Stockholders": 9315000.0,
        "Net Income": 9315000.0,
        "Net Income Including Noncontrolling Interests": 9315000.0,
        "Net Income Continuous Operations": 9315000.0,
        "Tax Provision": 2273000.0,
        "Pretax Income": 11588000.0,
        "Other Income Expense": 388000.0,
        "Special Income Charges": NaN,
        "Write Off": NaN,
        "Other Operating Expenses": 8427000.0,
        "Selling General And Administration": 18057000.0,
        "General And Administrative Expense": 18057000.0,
        "Salaries And Wages": 18057000.0,
        "Total Revenue": 68829000.0,
        "Operating Revenue": 68829000.0,
        "Loss Adjustment Expense": 1668000.0,
        "Net Policyholder Benefits And Claims": 1668000.0
    },
    "2024-12-31": {
        "Tax Effect Of Unusual Items": 0.0,
        "Tax Rate For Calcs": 0.226529,
        "Total Unusual Items": NaN,
        "Total Unusual Items Excluding Goodwill": NaN,
        "Net Income From Continuing Operation Net Minority Interest": 8362000.0,
        "Reconciled Depreciation": 1107000.0,
        "Interest Income": 2833000.0,
        "Normalized Income": 8362000.0,
        "Net Income From Continuing And Discontinued Operation": 8362000.0,
        "Total Expenses": 59817000.0,
        "Diluted Average Shares": 1896000.0,
        "Basic Average Shares": 1885000.0,
        "Diluted EPS": 4.41,
        "Basic EPS": 4.44,
        "Diluted NI Availto Com Stockholders": 8362000.0,
        "Net Income Common Stockholders": 8362000.0,
        "Net Income": 8362000.0,
        "Net Income Including Noncontrolling Interests": 8362000.0,
        "Net Income Continuous Operations": 8362000.0,
        "Tax Provision": 2449000.0,
        "Pretax Income": 10811000.0,
        "Other Income Expense": 199000.0,
        "Special Income Charges": NaN,
        "Write Off": NaN,
        "Other Operating Expenses": 9216000.0,
        "Selling General And Administration": 17720000.0,
        "General And Administrative Expense": 17720000.0,
        "Salaries And Wages": 17720000.0,
        "Total Revenue": 70628000.0,
        "Operating Revenue": 70628000.0,
        "Loss Adjustment Expense": 1047000.0,
        "Net Policyholder Benefits And Claims": 1047000.0
    },
    "2025-03-31": {
        "Tax Effect Of Unusual Items": 0.0,
        "Tax Rate For Calcs": 0.218,
        "Total Unusual Items": NaN,
        "Total Unusual Items Excluding Goodwill": NaN,
        "Net Income From Continuing Operation Net Minority Interest": 3171000.0,
        "Reconciled Depreciation": 1227000.0,
        "Interest Income": 2339000.0,
        "Normalized Income": 3171000.0,
        "Net Income From Continuing And Discontinued Operation": 3171000.0,
        "Total Expenses": 52512000.0,
        "Diluted Average Shares": 1895000.0,
        "Basic Average Shares": 1886000.0,
        "Diluted EPS": 1.67,
        "Basic EPS": 1.68,
        "Diluted NI Availto Com Stockholders": 3171000.0,
        "Net Income Common Stockholders": 3171000.0,
        "Net Income": 3171000.0,
        "Net Income Including Noncontrolling Interests": 3171000.0,
        "Net Income Continuous Operations": 3171000.0,
        "Tax Provision": 882000.0,
        "Pretax Income": 4053000.0,
        "Other Income Expense": 149000.0,
        "Special Income Charges": NaN,
        "Write Off": NaN,
        "Other Operating Expenses": 8998000.0,
        "Selling General And Administration": 18334000.0,
        "General And Administrative Expense": 18334000.0,
        "Salaries And Wages": 18334000.0,
        "Total Revenue": 56565000.0,
        "Operating Revenue": 56565000.0,
        "Loss Adjustment Expense": 323000.0,
        "Net Policyholder Benefits And Claims": 323000.0
    },
    "2025-06-30": {
        "Tax Effect Of Unusual Items": -32112.0,
        "Tax Rate For Calcs": 0.223,
        "Total Unusual Items": -144000.0,
        "Total Unusual Items Excluding Goodwill": -144000.0,
        "Net Income From Continuing Operation Net Minority Interest": 12278000.0,
        "Reconciled Depreciation": 1075000.0,
        "Interest Income": 2361000.0,
        "Normalized Income": 12389888.0,
        "Net Income From Continuing And Discontinued Operation": 12278000.0,
        "Total Expenses": 57995000.0,
        "Diluted Average Shares": 1894000.0,
        "Basic Average Shares": 1887000.0,
        "Diluted EPS": 6.48,
        "Basic EPS": 6.51,
        "Diluted NI Availto Com Stockholders": 12278000.0,
        "Net Income Common Stockholders": 12278000.0,
        "Net Income": 12278000.0,
        "Net Income Including Noncontrolling Interests": 12278000.0,
        "Net Income Continuous Operations": 12278000.0,
        "Tax Provision": 3520000.0,
        "Pretax Income": 15798000.0,
        "Other Income Expense": 2908000.0,
        "Special Income Charges": -144000.0,
        "Write Off": 144000.0,
        "Other Operating Expenses": 9234000.0,
        "Selling General And Administration": 17460000.0,
        "General And Administrative Expense": 17460000.0,
        "Salaries And Wages": 17460000.0,
        "Total Revenue": 73793000.0,
        "Operating Revenue": 73793000.0,
        "Loss Adjustment Expense": 2080000.0,
        "Net Policyholder Benefits And Claims": 2080000.0
    },
    "2025-09-30": {
        "Tax Effect Of Unusual Items": 0.0,
        "Tax Rate For Calcs": 0.191,
        "Total Unusual Items": NaN,
        "Total Unusual Items Excluding Goodwill": NaN,
        "Net Income From Continuing Operation Net Minority Interest": 12214000.0,
        "Reconciled Depreciation": 1014000.0,
        "Interest Income": 2404000.0,
        "Normalized Income": 12214000.0,
        "Net Income From Continuing And Discontinued Operation": 12214000.0,
        "Total Expenses": 57932000.0,
        "Diluted Average Shares": 1894000.0,
        "Basic Average Shares": 1888000.0,
        "Diluted EPS": 6.45,
        "Basic EPS": 6.47,
        "Diluted NI Availto Com Stockholders": 12214000.0,
        "Net Income Common Stockholders": 12214000.0,
        "Net Income": 12214000.0,
        "Net Income Including Noncontrolling Interests": 12214000.0,
        "Net Income Continuous Operations": 12214000.0,
        "Tax Provision": 2877000.0,
        "Pretax Income": 15091000.0,
        "Other Income Expense": 106000.0,
        "Special Income Charges": NaN,
        "Write Off": NaN,
        "Other Operating Expenses": 9067000.0,
        "Selling General And Administration": 17435000.0,
        "General And Administrative Expense": 17435000.0,
        "Salaries And Wages": 17435000.0,
        "Total Revenue": 73023000.0,
        "Operating Revenue": 73023000.0,
        "Loss Adjustment Expense": 1209000.0,
        "Net Policyholder Benefits And Claims": 1209000.0
    }
}