{
    "2023-03-31": {
        "Tax Effect Of Unusual Items": -211769.224416,
        "Tax Rate For Calcs": 0.005782,
        "Normalized EBITDA": 41040000.0,
        "Total Unusual Items": -36627000.0,
        "Total Unusual Items Excluding Goodwill": -36627000.0,
        "Net Income From Continuing Operation Net Minority Interest": -11836000.0,
        "Reconciled Depreciation": 14463000.0,
        "Reconciled Cost Of Revenue": 328835000.0,
        "EBITDA": 4413000.0,
        "EBIT": -10050000.0,
        "Net Interest Income": -239000.0,
        "Interest Expense": 2057000.0,
        "Interest Income": 1818000.0,
        "Normalized Income": 24579230.775584,
        "Net Income From Continuing And Discontinued Operation": -11836000.0,
        "Total Expenses": 468384000.0,
        "Total Operating Income As Reported": -10393000.0,
        "Diluted Average Shares": 45281000.0,
        "Basic Average Shares": 45281000.0,
        "Diluted EPS": -0.26,
        "Basic EPS": -0.26,
        "Diluted NI Availto Com Stockholders": -11836000.0,
        "Net Income Common Stockholders": -11836000.0,
        "Net Income": -11836000.0,
        "Minority Interests": 201000.0,
        "Net Income Including Noncontrolling Interests": -12037000.0,
        "Net Income Continuous Operations": -12037000.0,
        "Tax Provision": -70000.0,
        "Pretax Income": -12107000.0,
        "Other Income Expense": -38102000.0,
        "Other Non Operating Income Expenses": -1475000.0,
        "Special Income Charges": -36627000.0,
        "Gain On Sale Of Business": -18000.0,
        "Impairment Of Capital Assets": NaN,
        "Restructuring And Mergern Acquisition": 36609000.0,
        "Net Non Operating Interest Income Expense": -239000.0,
        "Interest Expense Non Operating": 2057000.0,
        "Interest Income Non Operating": 1818000.0,
        "Operating Income": 26234000.0,
        "Operating Expense": 130134000.0,
        "Depreciation Amortization Depletion Income Statement": 5048000.0,
        "Depreciation And Amortization In Income Statement": 5048000.0,
        "Amortization": 5048000.0,
        "Amortization Of Intangibles Income Statement": 5048000.0,
        "Research And Development": 49565000.0,
        "Selling General And Administration": 75521000.0,
        "Gross Profit": 156368000.0,
        "Cost Of Revenue": 338250000.0,
        "Total Revenue": 494618000.0,
        "Operating Revenue": 494618000.0
    },
    "2022-12-31": {
        "Tax Effect Of Unusual Items": NaN,
        "Tax Rate For Calcs": NaN,
        "Normalized EBITDA": NaN,
        "Total Unusual Items": NaN,
        "Total Unusual Items Excluding Goodwill": NaN,
        "Net Income From Continuing Operation Net Minority Interest": NaN,
        "Reconciled Depreciation": NaN,
        "Reconciled Cost Of Revenue": NaN,
        "EBITDA": NaN,
        "EBIT": NaN,
        "Net Interest Income": NaN,
        "Interest Expense": NaN,
        "Interest Income": NaN,
        "Normalized Income": NaN,
        "Net Income From Continuing And Discontinued Operation": NaN,
        "Total Expenses": NaN,
        "Total Operating Income As Reported": NaN,
        "Diluted Average Shares": NaN,
        "Basic Average Shares": NaN,
        "Diluted EPS": NaN,
        "Basic EPS": NaN,
        "Diluted NI Availto Com Stockholders": NaN,
        "Net Income Common Stockholders": NaN,
        "Net Income": NaN,
        "Minority Interests": NaN,
        "Net Income Including Noncontrolling Interests": NaN,
        "Net Income Continuous Operations": NaN,
        "Tax Provision": NaN,
        "Pretax Income": NaN,
        "Other Income Expense": NaN,
        "Other Non Operating Income Expenses": NaN,
        "Special Income Charges": NaN,
        "Gain On Sale Of Business": NaN,
        "Impairment Of Capital Assets": 0.0,
        "Restructuring And Mergern Acquisition": NaN,
        "Net Non Operating Interest Income Expense": NaN,
        "Interest Expense Non Operating": NaN,
        "Interest Income Non Operating": NaN,
        "Operating Income": NaN,
        "Operating Expense": NaN,
        "Depreciation Amortization Depletion Income Statement": NaN,
        "Depreciation And Amortization In Income Statement": NaN,
        "Amortization": NaN,
        "Amortization Of Intangibles Income Statement": NaN,
        "Research And Development": NaN,
        "Selling General And Administration": NaN,
        "Gross Profit": NaN,
        "Cost Of Revenue": NaN,
        "Total Revenue": NaN,
        "Operating Revenue": NaN
    },
    "2022-09-30": {
        "Tax Effect Of Unusual Items": NaN,
        "Tax Rate For Calcs": NaN,
        "Normalized EBITDA": NaN,
        "Total Unusual Items": NaN,
        "Total Unusual Items Excluding Goodwill": NaN,
        "Net Income From Continuing Operation Net Minority Interest": NaN,
        "Reconciled Depreciation": NaN,
        "Reconciled Cost Of Revenue": NaN,
        "EBITDA": NaN,
        "EBIT": NaN,
        "Net Interest Income": NaN,
        "Interest Expense": NaN,
        "Interest Income": NaN,
        "Normalized Income": NaN,
        "Net Income From Continuing And Discontinued Operation": NaN,
        "Total Expenses": NaN,
        "Total Operating Income As Reported": NaN,
        "Diluted Average Shares": NaN,
        "Basic Average Shares": NaN,
        "Diluted EPS": NaN,
        "Basic EPS": NaN,
        "Diluted NI Availto Com Stockholders": NaN,
        "Net Income Common Stockholders": NaN,
        "Net Income": NaN,
        "Minority Interests": NaN,
        "Net Income Including Noncontrolling Interests": NaN,
        "Net Income Continuous Operations": NaN,
        "Tax Provision": NaN,
        "Pretax Income": NaN,
        "Other Income Expense": NaN,
        "Other Non Operating Income Expenses": NaN,
        "Special Income Charges": NaN,
        "Gain On Sale Of Business": NaN,
        "Impairment Of Capital Assets": 0.0,
        "Restructuring And Mergern Acquisition": NaN,
        "Net Non Operating Interest Income Expense": NaN,
        "Interest Expense Non Operating": NaN,
        "Interest Income Non Operating": NaN,
        "Operating Income": NaN,
        "Operating Expense": NaN,
        "Depreciation Amortization Depletion Income Statement": NaN,
        "Depreciation And Amortization In Income Statement": NaN,
        "Amortization": NaN,
        "Amortization Of Intangibles Income Statement": NaN,
        "Research And Development": NaN,
        "Selling General And Administration": NaN,
        "Gross Profit": NaN,
        "Cost Of Revenue": NaN,
        "Total Revenue": NaN,
        "Operating Revenue": NaN
    },
    "2022-06-30": {
        "Tax Effect Of Unusual Items": -14086000.0,
        "Tax Rate For Calcs": 0.4,
        "Normalized EBITDA": 17065000.0,
        "Total Unusual Items": -35215000.0,
        "Total Unusual Items Excluding Goodwill": -35215000.0,
        "Net Income From Continuing Operation Net Minority Interest": -36967000.0,
        "Reconciled Depreciation": 16414000.0,
        "Reconciled Cost Of Revenue": 295848000.0,
        "EBITDA": -18150000.0,
        "EBIT": -34564000.0,
        "Net Interest Income": -1311000.0,
        "Interest Expense": 1660000.0,
        "Interest Income": 349000.0,
        "Normalized Income": -15838000.0,
        "Net Income From Continuing And Discontinued Operation": -36967000.0,
        "Total Expenses": 430194000.0,
        "Total Operating Income As Reported": -33527000.0,
        "Diluted Average Shares": 45066000.0,
        "Basic Average Shares": 45066000.0,
        "Diluted EPS": -0.82,
        "Basic EPS": -0.82,
        "Diluted NI Availto Com Stockholders": -36967000.0,
        "Net Income Common Stockholders": -36967000.0,
        "Net Income": -36967000.0,
        "Minority Interests": -102000.0,
        "Net Income Including Noncontrolling Interests": -36865000.0,
        "Net Income Continuous Operations": -36865000.0,
        "Tax Provision": 641000.0,
        "Pretax Income": -36224000.0,
        "Other Income Expense": -36601000.0,
        "Other Non Operating Income Expenses": -1386000.0,
        "Special Income Charges": -35215000.0,
        "Gain On Sale Of Business": -194000.0,
        "Impairment Of Capital Assets": 38480000.0,
        "Restructuring And Mergern Acquisition": -3459000.0,
        "Net Non Operating Interest Income Expense": -1311000.0,
        "Interest Expense Non Operating": 1660000.0,
        "Interest Income Non Operating": 349000.0,
        "Operating Income": 1688000.0,
        "Operating Expense": 124417000.0,
        "Depreciation Amortization Depletion Income Statement": 6485000.0,
        "Depreciation And Amortization In Income Statement": 6485000.0,
        "Amortization": 6485000.0,
        "Amortization Of Intangibles Income Statement": 6485000.0,
        "Research And Development": 45055000.0,
        "Selling General And Administration": 72877000.0,
        "Gross Profit": 126105000.0,
        "Cost Of Revenue": 305777000.0,
        "Total Revenue": 431882000.0,
        "Operating Revenue": 431882000.0
    },
    "2023-06-30": {
        "Tax Effect Of Unusual Items": NaN,
        "Tax Rate For Calcs": NaN,
        "Normalized EBITDA": NaN,
        "Total Unusual Items": NaN,
        "Total Unusual Items Excluding Goodwill": NaN,
        "Net Income From Continuing Operation Net Minority Interest": NaN,
        "Reconciled Depreciation": NaN,
        "Reconciled Cost Of Revenue": NaN,
        "EBITDA": NaN,
        "EBIT": NaN,
        "Net Interest Income": NaN,
        "Interest Expense": NaN,
        "Interest Income": NaN,
        "Normalized Income": NaN,
        "Net Income From Continuing And Discontinued Operation": NaN,
        "Total Expenses": NaN,
        "Total Operating Income As Reported": NaN,
        "Diluted Average Shares": NaN,
        "Basic Average Shares": NaN,
        "Diluted EPS": NaN,
        "Basic EPS": NaN,
        "Diluted NI Availto Com Stockholders": NaN,
        "Net Income Common Stockholders": NaN,
        "Net Income": NaN,
        "Minority Interests": NaN,
        "Net Income Including Noncontrolling Interests": NaN,
        "Net Income Continuous Operations": NaN,
        "Tax Provision": NaN,
        "Pretax Income": NaN,
        "Other Income Expense": NaN,
        "Other Non Operating Income Expenses": NaN,
        "Special Income Charges": NaN,
        "Gain On Sale Of Business": NaN,
        "Impairment Of Capital Assets": 0.0,
        "Restructuring And Mergern Acquisition": NaN,
        "Net Non Operating Interest Income Expense": NaN,
        "Interest Expense Non Operating": NaN,
        "Interest Income Non Operating": NaN,
        "Operating Income": NaN,
        "Operating Expense": NaN,
        "Depreciation Amortization Depletion Income Statement": NaN,
        "Depreciation And Amortization In Income Statement": NaN,
        "Amortization": NaN,
        "Amortization Of Intangibles Income Statement": NaN,
        "Research And Development": NaN,
        "Selling General And Administration": NaN,
        "Gross Profit": NaN,
        "Cost Of Revenue": NaN,
        "Total Revenue": NaN,
        "Operating Revenue": NaN
    },
    "2022-03-31": {
        "Diluted EPS": 0.02,
        "Total Revenue": 475,
        "Gross Profit": 135,
        "Operating Income": 7,
        "EBIT": 24,
        "Net Income": 1
    },
    "2021-12-31": {
        "Diluted EPS": -1.36,
        "Total Revenue": 486,
        "Gross Profit": 121,
        "Operating Income": -107,
        "EBIT": -87,
        "Net Income": -59
    },
    "2021-09-30": {
        "Diluted EPS": -0.04,
        "Total Revenue": 487,
        "Gross Profit": 135,
        "Operating Income": 4,
        "EBIT": 39,
        "Net Income": -2
    },
    "2021-06-30": {
        "Diluted EPS": -0.73,
        "Total Revenue": 489,
        "Gross Profit": 150,
        "Operating Income": -7,
        "EBIT": 16,
        "Net Income": -33
    },
    "2021-03-31": {
        "Diluted EPS": 0.3,
        "Total Revenue": 520,
        "Gross Profit": 167,
        "Operating Income": 31,
        "EBIT": 55,
        "Net Income": 13
    },
    "2020-12-31": {
        "Diluted EPS": 0.54,
        "Total Revenue": 525,
        "Gross Profit": 149,
        "Operating Income": 33,
        "EBIT": 59,
        "Net Income": 22
    },
    "2020-09-30": {
        "Diluted EPS": -0.63,
        "Total Revenue": 540,
        "Gross Profit": 143,
        "Operating Income": -24,
        "EBIT": 1,
        "Net Income": -25
    },
    "2020-06-30": {
        "Diluted EPS": -1.56,
        "Total Revenue": 510,
        "Gross Profit": 139,
        "Operating Income": -45,
        "EBIT": -20,
        "Net Income": -63
    },
    "2020-03-31": {
        "Diluted EPS": 0.21,
        "Total Revenue": 598,
        "Gross Profit": 172,
        "Operating Income": 26,
        "EBIT": 51,
        "Net Income": 9
    },
    "2019-12-31": {
        "Diluted EPS": 0.37,
        "Total Revenue": 628,
        "Gross Profit": 177,
        "Operating Income": 29,
        "EBIT": 60,
        "Net Income": 15
    },
    "2019-09-30": {
        "Diluted EPS": 0.42,
        "Total Revenue": 624,
        "Gross Profit": 196,
        "Operating Income": 39,
        "EBIT": 69,
        "Net Income": 17
    },
    "2019-06-30": {
        "Diluted EPS": 0.49,
        "Total Revenue": 635,
        "Gross Profit": 191,
        "Operating Income": 44,
        "EBIT": 73,
        "Net Income": 19
    },
    "2019-03-31": {
        "Diluted EPS": -0.05,
        "Total Revenue": 615,
        "Gross Profit": 187,
        "Operating Income": 21,
        "EBIT": 50,
        "Net Income": -2
    },
    "2018-12-31": {
        "Diluted EPS": 0.64,
        "Total Revenue": 587,
        "Gross Profit": 177,
        "Operating Income": 29,
        "EBIT": 60,
        "Net Income": 24
    },
    "2018-09-30": {
        "Diluted EPS": 0.5,
        "Total Revenue": 596,
        "Gross Profit": 197,
        "Operating Income": 42,
        "EBIT": 73,
        "Net Income": 20
    },
    "2018-06-30": {
        "Diluted EPS": 0.07,
        "Total Revenue": 586,
        "Gross Profit": 177,
        "Operating Income": 21,
        "EBIT": 53,
        "Net Income": 3
    },
    "2018-03-31": {
        "Diluted EPS": -3.74,
        "Total Revenue": 607,
        "Gross Profit": 180,
        "Operating Income": -140,
        "EBIT": -106,
        "Net Income": -146
    },
    "2017-12-31": {
        "Diluted EPS": 0.04,
        "Total Revenue": 551,
        "Gross Profit": 175,
        "Operating Income": 48,
        "EBIT": 66,
        "Net Income": 2
    },
    "2017-09-30": {
        "Diluted EPS": 0.65,
        "Total Revenue": 487,
        "Gross Profit": 166,
        "Operating Income": 38,
        "EBIT": 55,
        "Net Income": 26
    },
    "2017-06-30": {
        "Diluted EPS": 0.36,
        "Total Revenue": 503,
        "Gross Profit": 178,
        "Operating Income": 38,
        "EBIT": 53,
        "Net Income": 14
    },
    "2017-03-31": {
        "Diluted EPS": 0.4,
        "Total Revenue": 478,
        "Gross Profit": 158,
        "Operating Income": 31,
        "EBIT": 45,
        "Net Income": 16
    },
    "2016-12-31": {
        "Diluted EPS": 0.3,
        "Total Revenue": 496,
        "Gross Profit": 159,
        "Operating Income": 36,
        "EBIT": 53,
        "Net Income": 12
    },
    "2016-09-30": {
        "Diluted EPS": -0.26,
        "Total Revenue": 507,
        "Gross Profit": 171,
        "Operating Income": 6,
        "EBIT": 23,
        "Net Income": -10
    },
    "2016-06-30": {
        "Diluted EPS": 0.52,
        "Total Revenue": 513,
        "Gross Profit": 170,
        "Operating Income": 35,
        "EBIT": 55,
        "Net Income": 20
    },
    "2016-03-31": {
        "Diluted EPS": 0.26,
        "Total Revenue": 498,
        "Gross Profit": 163,
        "Operating Income": 24,
        "EBIT": 41,
        "Net Income": 10
    },
    "2015-12-31": {
        "Diluted EPS": 0.23,
        "Total Revenue": 496,
        "Gross Profit": 152,
        "Operating Income": 16,
        "EBIT": 35,
        "Net Income": 9
    },
    "2015-09-30": {
        "Diluted EPS": 0.33,
        "Total Revenue": 470,
        "Gross Profit": 147,
        "Operating Income": 27,
        "EBIT": 46,
        "Net Income": 13
    },
    "2015-06-30": {
        "Diluted EPS": -0.37,
        "Total Revenue": 471,
        "Gross Profit": 119,
        "Operating Income": -4,
        "EBIT": 17,
        "Net Income": -14
    },
    "2015-03-31": {
        "Diluted EPS": 0.14,
        "Total Revenue": 447,
        "Gross Profit": 138,
        "Operating Income": 13,
        "EBIT": 33,
        "Net Income": 5
    },
    "2014-12-31": {
        "Diluted EPS": -1.27,
        "Total Revenue": 487,
        "Gross Profit": 146,
        "Operating Income": -52,
        "EBIT": -30,
        "Net Income": -50
    },
    "2014-09-30": {
        "Diluted EPS": 0.19,
        "Total Revenue": 496,
        "Gross Profit": 151,
        "Operating Income": 16,
        "EBIT": 41,
        "Net Income": 7
    },
    "2014-06-30": {
        "Diluted EPS": 0.49,
        "Total Revenue": 489,
        "Gross Profit": 163,
        "Operating Income": 32,
        "EBIT": 57,
        "Net Income": 19
    },
    "2014-03-31": {
        "Diluted EPS": -0.01,
        "Total Revenue": 475,
        "Gross Profit": 155,
        "Operating Income": 5,
        "EBIT": 32,
        "Net Income": 0
    },
    "2013-12-31": {
        "Diluted EPS": -4.08,
        "Total Revenue": 513,
        "Gross Profit": 165,
        "Operating Income": -154,
        "EBIT": 46,
        "Net Income": -161
    },
    "2013-09-30": {
        "Diluted EPS": -0.19,
        "Total Revenue": 495,
        "Gross Profit": 150,
        "Operating Income": -6,
        "EBIT": 19,
        "Net Income": -7
    },
    "2013-06-30": {
        "Diluted EPS": 0.31,
        "Total Revenue": 482,
        "Gross Profit": 160,
        "Operating Income": 18,
        "EBIT": 43,
        "Net Income": 12
    },
    "2013-03-31": {
        "Diluted EPS": 0.06,
        "Total Revenue": 448,
        "Gross Profit": 140,
        "Operating Income": 2,
        "EBIT": 28,
        "Net Income": 3
    },
    "2012-12-31": {
        "Diluted EPS": 0.4,
        "Total Revenue": 523,
        "Gross Profit": 164,
        "Operating Income": 19,
        "EBIT": 48,
        "Net Income": 16
    },
    "2012-09-30": {
        "Diluted EPS": 0.89,
        "Total Revenue": 504,
        "Gross Profit": 172,
        "Operating Income": 46,
        "EBIT": 74,
        "Net Income": 35
    },
    "2012-06-30": {
        "Diluted EPS": 0.79,
        "Total Revenue": 579,
        "Gross Profit": 197,
        "Operating Income": 46,
        "EBIT": 74,
        "Net Income": 32
    },
    "2012-03-31": {
        "Diluted EPS": 0.63,
        "Total Revenue": 572,
        "Gross Profit": 183,
        "Operating Income": 40,
        "EBIT": 67,
        "Net Income": 25
    },
    "2011-12-31": {
        "Diluted EPS": -1.36,
        "Total Revenue": 642,
        "Gross Profit": 193,
        "Operating Income": -60,
        "EBIT": 17,
        "Net Income": -55
    },
    "2011-09-30": {
        "Diluted EPS": -12.7,
        "Total Revenue": 616,
        "Gross Profit": 177,
        "Operating Income": -497,
        "EBIT": 79,
        "Net Income": -517
    },
    "2011-06-30": {
        "Diluted EPS": 0.84,
        "Total Revenue": 612,
        "Gross Profit": 192,
        "Operating Income": 48,
        "EBIT": 85,
        "Net Income": 34
    },
    "2011-03-31": {
        "Diluted EPS": 0.66,
        "Total Revenue": 564,
        "Gross Profit": 185,
        "Operating Income": 50,
        "EBIT": 86,
        "Net Income": 27
    },
    "2010-12-31": {
        "Diluted EPS": 0.65,
        "Total Revenue": 621,
        "Gross Profit": 188,
        "Operating Income": 44,
        "EBIT": 82,
        "Net Income": 27
    },
    "2010-09-30": {
        "Diluted EPS": 0.68,
        "Total Revenue": 574,
        "Gross Profit": 182,
        "Operating Income": 59,
        "EBIT": 95,
        "Net Income": 28
    },
    "2010-06-30": {
        "Diluted EPS": 0.61,
        "Total Revenue": 567,
        "Gross Profit": 174,
        "Operating Income": 50,
        "EBIT": 86,
        "Net Income": 25
    },
    "2010-03-31": {
        "Diluted EPS": 0.62,
        "Total Revenue": 498,
        "Gross Profit": 157,
        "Operating Income": 32,
        "EBIT": 69,
        "Net Income": 25
    },
    "2009-12-31": {
        "Diluted EPS": 0.16,
        "Total Revenue": 477,
        "Gross Profit": 145,
        "Operating Income": 15,
        "EBIT": 62,
        "Net Income": 5
    },
    "2009-09-30": {
        "Diluted EPS": -0.07,
        "Total Revenue": 408,
        "Gross Profit": 129,
        "Operating Income": 9,
        "EBIT": 55,
        "Net Income": -3
    },
    "2009-06-30": {
        "Diluted EPS": 0.4,
        "Total Revenue": 414,
        "Gross Profit": 133,
        "Operating Income": 12,
        "EBIT": 53,
        "Net Income": 15
    },
    "2009-03-31": {
        "Diluted EPS": -0.55,
        "Total Revenue": 389,
        "Gross Profit": 130,
        "Operating Income": 9,
        "EBIT": 50,
        "Net Income": -20
    },
    "2023-09-30": {
        "Tax Effect Of Unusual Items": NaN,
        "Tax Rate For Calcs": NaN,
        "Normalized EBITDA": NaN,
        "Total Unusual Items": NaN,
        "Total Unusual Items Excluding Goodwill": NaN,
        "Net Income From Continuing Operation Net Minority Interest": NaN,
        "Reconciled Depreciation": NaN,
        "Reconciled Cost Of Revenue": NaN,
        "EBITDA": NaN,
        "EBIT": NaN,
        "Net Interest Income": NaN,
        "Interest Expense": NaN,
        "Interest Income": NaN,
        "Normalized Income": NaN,
        "Net Income From Continuing And Discontinued Operation": NaN,
        "Total Expenses": NaN,
        "Total Operating Income As Reported": NaN,
        "Diluted Average Shares": NaN,
        "Basic Average Shares": NaN,
        "Diluted EPS": NaN,
        "Basic EPS": NaN,
        "Diluted NI Availto Com Stockholders": NaN,
        "Net Income Common Stockholders": NaN,
        "Net Income": NaN,
        "Minority Interests": NaN,
        "Net Income Including Noncontrolling Interests": NaN,
        "Net Income Continuous Operations": NaN,
        "Tax Provision": NaN,
        "Pretax Income": NaN,
        "Other Income Expense": NaN,
        "Other Non Operating Income Expenses": NaN,
        "Special Income Charges": NaN,
        "Gain On Sale Of Business": NaN,
        "Impairment Of Capital Assets": 0.0,
        "Restructuring And Mergern Acquisition": NaN,
        "Net Non Operating Interest Income Expense": NaN,
        "Interest Expense Non Operating": NaN,
        "Interest Income Non Operating": NaN,
        "Operating Income": NaN,
        "Operating Expense": NaN,
        "Depreciation Amortization Depletion Income Statement": NaN,
        "Depreciation And Amortization In Income Statement": NaN,
        "Amortization": NaN,
        "Amortization Of Intangibles Income Statement": NaN,
        "Research And Development": NaN,
        "Selling General And Administration": NaN,
        "Gross Profit": NaN,
        "Cost Of Revenue": NaN,
        "Total Revenue": NaN,
        "Operating Revenue": NaN
    },
    "2023-12-31": {
        "Tax Effect Of Unusual Items": NaN,
        "Tax Rate For Calcs": NaN,
        "Normalized EBITDA": NaN,
        "Total Unusual Items": NaN,
        "Total Unusual Items Excluding Goodwill": NaN,
        "Net Income From Continuing Operation Net Minority Interest": NaN,
        "Reconciled Depreciation": NaN,
        "Reconciled Cost Of Revenue": NaN,
        "EBITDA": NaN,
        "EBIT": NaN,
        "Net Interest Income": NaN,
        "Interest Expense": NaN,
        "Interest Income": NaN,
        "Normalized Income": NaN,
        "Net Income From Continuing And Discontinued Operation": NaN,
        "Total Expenses": NaN,
        "Total Operating Income As Reported": NaN,
        "Diluted Average Shares": NaN,
        "Basic Average Shares": NaN,
        "Diluted EPS": NaN,
        "Basic EPS": NaN,
        "Diluted NI Availto Com Stockholders": NaN,
        "Net Income Common Stockholders": NaN,
        "Net Income": NaN,
        "Minority Interests": NaN,
        "Net Income Including Noncontrolling Interests": NaN,
        "Net Income Continuous Operations": NaN,
        "Tax Provision": NaN,
        "Pretax Income": NaN,
        "Other Income Expense": NaN,
        "Other Non Operating Income Expenses": NaN,
        "Special Income Charges": NaN,
        "Gain On Sale Of Business": NaN,
        "Impairment Of Capital Assets": 0.0,
        "Restructuring And Mergern Acquisition": NaN,
        "Net Non Operating Interest Income Expense": NaN,
        "Interest Expense Non Operating": NaN,
        "Interest Income Non Operating": NaN,
        "Operating Income": NaN,
        "Operating Expense": NaN,
        "Depreciation Amortization Depletion Income Statement": NaN,
        "Depreciation And Amortization In Income Statement": NaN,
        "Amortization": NaN,
        "Amortization Of Intangibles Income Statement": NaN,
        "Research And Development": NaN,
        "Selling General And Administration": NaN,
        "Gross Profit": NaN,
        "Cost Of Revenue": NaN,
        "Total Revenue": NaN,
        "Operating Revenue": NaN
    },
    "2024-03-31": {
        "Tax Effect Of Unusual Items": NaN,
        "Tax Rate For Calcs": NaN,
        "Normalized EBITDA": NaN,
        "Total Unusual Items": NaN,
        "Total Unusual Items Excluding Goodwill": NaN,
        "Net Income From Continuing Operation Net Minority Interest": NaN,
        "Reconciled Depreciation": NaN,
        "Reconciled Cost Of Revenue": NaN,
        "EBITDA": NaN,
        "EBIT": NaN,
        "Net Interest Income": NaN,
        "Interest Expense": NaN,
        "Interest Income": NaN,
        "Normalized Income": NaN,
        "Net Income From Continuing And Discontinued Operation": NaN,
        "Total Expenses": NaN,
        "Total Operating Income As Reported": NaN,
        "Diluted Average Shares": 46357000.0,
        "Basic Average Shares": 45652000.0,
        "Diluted EPS": 1.12,
        "Basic EPS": 1.13,
        "Diluted NI Availto Com Stockholders": NaN,
        "Net Income Common Stockholders": NaN,
        "Net Income": NaN,
        "Minority Interests": NaN,
        "Net Income Including Noncontrolling Interests": NaN,
        "Net Income Continuous Operations": NaN,
        "Tax Provision": NaN,
        "Pretax Income": NaN,
        "Other Income Expense": NaN,
        "Other Non Operating Income Expenses": NaN,
        "Special Income Charges": NaN,
        "Gain On Sale Of Business": NaN,
        "Impairment Of Capital Assets": NaN,
        "Restructuring And Mergern Acquisition": NaN,
        "Net Non Operating Interest Income Expense": NaN,
        "Interest Expense Non Operating": NaN,
        "Interest Income Non Operating": NaN,
        "Operating Income": NaN,
        "Operating Expense": NaN,
        "Depreciation Amortization Depletion Income Statement": NaN,
        "Depreciation And Amortization In Income Statement": NaN,
        "Amortization": NaN,
        "Amortization Of Intangibles Income Statement": NaN,
        "Research And Development": NaN,
        "Selling General And Administration": NaN,
        "Gross Profit": NaN,
        "Cost Of Revenue": NaN,
        "Total Revenue": NaN,
        "Operating Revenue": NaN
    },
    "2024-06-30": {
        "Tax Effect Of Unusual Items": 37720.0,
        "Tax Rate For Calcs": 0.23,
        "Normalized EBITDA": 82685000.0,
        "Total Unusual Items": 164000.0,
        "Total Unusual Items Excluding Goodwill": 164000.0,
        "Net Income From Continuing Operation Net Minority Interest": 51318000.0,
        "Reconciled Depreciation": 13519000.0,
        "Reconciled Cost Of Revenue": 389601000.0,
        "EBITDA": 82849000.0,
        "EBIT": 69330000.0,
        "Net Interest Income": 2838000.0,
        "Interest Expense": 2290000.0,
        "Interest Income": 5128000.0,
        "Normalized Income": 51191720.0,
        "Net Income From Continuing And Discontinued Operation": 51318000.0,
        "Total Expenses": 544586000.0,
        "Total Operating Income As Reported": 64647000.0,
        "Diluted Average Shares": 46526000.0,
        "Basic Average Shares": 45745000.0,
        "Diluted EPS": 1.1,
        "Basic EPS": 1.12,
        "Diluted NI Availto Com Stockholders": 51318000.0,
        "Net Income Common Stockholders": 51318000.0,
        "Net Income": 51318000.0,
        "Minority Interests": -542000.0,
        "Net Income Including Noncontrolling Interests": 51860000.0,
        "Net Income Continuous Operations": 51860000.0,
        "Tax Provision": 15180000.0,
        "Pretax Income": 67040000.0,
        "Other Income Expense": -281000.0,
        "Other Non Operating Income Expenses": -445000.0,
        "Special Income Charges": 164000.0,
        "Gain On Sale Of Business": 65000.0,
        "Restructuring And Mergern Acquisition": -99000.0,
        "Net Non Operating Interest Income Expense": 2838000.0,
        "Interest Expense Non Operating": 2290000.0,
        "Interest Income Non Operating": 5128000.0,
        "Operating Income": 64483000.0,
        "Operating Expense": 145977000.0,
        "Depreciation Amortization Depletion Income Statement": 4511000.0,
        "Depreciation And Amortization In Income Statement": 4511000.0,
        "Amortization": 4511000.0,
        "Amortization Of Intangibles Income Statement": 4511000.0,
        "Research And Development": 53053000.0,
        "Selling General And Administration": 88413000.0,
        "Gross Profit": 210460000.0,
        "Cost Of Revenue": 398609000.0,
        "Total Revenue": 609069000.0,
        "Operating Revenue": 609069000.0
    },
    "2024-09-30": {
        "Tax Effect Of Unusual Items": 1000.0,
        "Tax Rate For Calcs": 0.04,
        "Normalized EBITDA": 100919000.0,
        "Total Unusual Items": 25000.0,
        "Total Unusual Items Excluding Goodwill": 25000.0,
        "Net Income From Continuing Operation Net Minority Interest": 77959000.0,
        "Reconciled Depreciation": 14716000.0,
        "Reconciled Cost Of Revenue": 395962000.0,
        "EBITDA": 100944000.0,
        "EBIT": 86228000.0,
        "Net Interest Income": 7815000.0,
        "Interest Expense": 3803000.0,
        "Interest Income": 13420000.0,
        "Normalized Income": 77935000.0,
        "Net Income From Continuing And Discontinued Operation": 77959000.0,
        "Total Expenses": 541554000.0,
        "Total Operating Income As Reported": 73933000.0,
        "Diluted Average Shares": 45839000.0,
        "Basic Average Shares": 44982000.0,
        "Diluted EPS": 1.7,
        "Basic EPS": 1.73,
        "Diluted NI Availto Com Stockholders": 77959000.0,
        "Net Income Common Stockholders": 77959000.0,
        "Net Income": 77959000.0,
        "Minority Interests": -951000.0,
        "Net Income Including Noncontrolling Interests": 78910000.0,
        "Net Income Continuous Operations": 78910000.0,
        "Tax Provision": 3515000.0,
        "Pretax Income": 82425000.0,
        "Other Income Expense": 702000.0,
        "Other Non Operating Income Expenses": 677000.0,
        "Special Income Charges": 25000.0,
        "Gain On Sale Of Business": -698000.0,
        "Restructuring And Mergern Acquisition": -723000.0,
        "Net Non Operating Interest Income Expense": 7815000.0,
        "Total Other Finance Cost": NaN,
        "Interest Expense Non Operating": 3803000.0,
        "Interest Income Non Operating": 13420000.0,
        "Operating Income": 73908000.0,
        "Operating Expense": 135690000.0,
        "Depreciation Amortization Depletion Income Statement": 4814000.0,
        "Depreciation And Amortization In Income Statement": 4814000.0,
        "Amortization": 4814000.0,
        "Amortization Of Intangibles Income Statement": 4814000.0,
        "Research And Development": 51237000.0,
        "Selling General And Administration": 79639000.0,
        "Gross Profit": 209598000.0,
        "Cost Of Revenue": 405864000.0,
        "Total Revenue": 615462000.0,
        "Operating Revenue": 615462000.0
    },
    "2024-12-31": {
        "Tax Effect Of Unusual Items": -524009.334288,
        "Tax Rate For Calcs": 0.161532,
        "Normalized EBITDA": 93983000.0,
        "Total Unusual Items": -3244000.0,
        "Total Unusual Items Excluding Goodwill": -3244000.0,
        "Net Income From Continuing Operation Net Minority Interest": 58107000.0,
        "Reconciled Depreciation": 15298000.0,
        "Reconciled Cost Of Revenue": 388203000.0,
        "EBITDA": 90739000.0,
        "EBIT": 75441000.0,
        "Net Interest Income": 6592000.0,
        "Interest Expense": 5591000.0,
        "Interest Income": 12183000.0,
        "Normalized Income": 60826990.665712,
        "Net Income From Continuing And Discontinued Operation": 58107000.0,
        "Total Expenses": 546890000.0,
        "Total Operating Income As Reported": 62730000.0,
        "Diluted Average Shares": 46036000.0,
        "Basic Average Shares": 45100000.0,
        "Diluted EPS": 1.26,
        "Basic EPS": 1.29,
        "Diluted NI Availto Com Stockholders": 58107000.0,
        "Net Income Common Stockholders": 58107000.0,
        "Net Income": 58107000.0,
        "Minority Interests": -460000.0,
        "Net Income Including Noncontrolling Interests": 58567000.0,
        "Net Income Continuous Operations": 58567000.0,
        "Tax Provision": 11283000.0,
        "Pretax Income": 69850000.0,
        "Other Income Expense": -2716000.0,
        "Other Non Operating Income Expenses": 528000.0,
        "Special Income Charges": -3244000.0,
        "Gain On Sale Of Business": 59000.0,
        "Restructuring And Mergern Acquisition": 3303000.0,
        "Net Non Operating Interest Income Expense": 6592000.0,
        "Total Other Finance Cost": NaN,
        "Interest Expense Non Operating": 5591000.0,
        "Interest Income Non Operating": 12183000.0,
        "Operating Income": 65974000.0,
        "Operating Expense": 147906000.0,
        "Depreciation Amortization Depletion Income Statement": 4517000.0,
        "Depreciation And Amortization In Income Statement": 4517000.0,
        "Amortization": 4517000.0,
        "Amortization Of Intangibles Income Statement": 4517000.0,
        "Research And Development": 58343000.0,
        "Selling General And Administration": 85046000.0,
        "Gross Profit": 213880000.0,
        "Cost Of Revenue": 398984000.0,
        "Total Revenue": 612864000.0,
        "Operating Revenue": 612864000.0
    },
    "2025-03-31": {
        "Tax Effect Of Unusual Items": 99540.0,
        "Tax Rate For Calcs": 0.21,
        "Normalized EBITDA": 99466000.0,
        "Total Unusual Items": 474000.0,
        "Total Unusual Items Excluding Goodwill": 474000.0,
        "Net Income From Continuing Operation Net Minority Interest": 65474000.0,
        "Reconciled Depreciation": 12068000.0,
        "Reconciled Cost Of Revenue": 382343000.0,
        "EBITDA": 99940000.0,
        "EBIT": 87872000.0,
        "Net Interest Income": 6117000.0,
        "Interest Expense": 5593000.0,
        "Interest Income": 11710000.0,
        "Normalized Income": 65099540.0,
        "Net Income From Continuing And Discontinued Operation": 65474000.0,
        "Total Expenses": 531412000.0,
        "Total Operating Income As Reported": 76213000.0,
        "Diluted Average Shares": 46172000.0,
        "Basic Average Shares": 45338000.0,
        "Diluted EPS": 1.42,
        "Basic EPS": 1.44,
        "Diluted NI Availto Com Stockholders": 65474000.0,
        "Net Income Common Stockholders": 65474000.0,
        "Net Income": 65474000.0,
        "Minority Interests": 124000.0,
        "Net Income Including Noncontrolling Interests": 65350000.0,
        "Net Income Continuous Operations": 65350000.0,
        "Tax Provision": 16929000.0,
        "Pretax Income": 82279000.0,
        "Other Income Expense": 423000.0,
        "Other Non Operating Income Expenses": -51000.0,
        "Special Income Charges": 474000.0,
        "Gain On Sale Of Business": -79000.0,
        "Restructuring And Mergern Acquisition": -553000.0,
        "Net Non Operating Interest Income Expense": 6117000.0,
        "Total Other Finance Cost": NaN,
        "Interest Expense Non Operating": 5593000.0,
        "Interest Income Non Operating": 11710000.0,
        "Operating Income": 75739000.0,
        "Operating Expense": 141480000.0,
        "Depreciation Amortization Depletion Income Statement": 4479000.0,
        "Depreciation And Amortization In Income Statement": 4479000.0,
        "Amortization": 4479000.0,
        "Amortization Of Intangibles Income Statement": 4479000.0,
        "Research And Development": 50090000.0,
        "Selling General And Administration": 86911000.0,
        "Gross Profit": 217219000.0,
        "Cost Of Revenue": 389932000.0,
        "Total Revenue": 607151000.0,
        "Operating Revenue": 607151000.0
    },
    "2025-06-30": {
        "Tax Effect Of Unusual Items": -222660.0,
        "Tax Rate For Calcs": 0.18,
        "Normalized EBITDA": 102481000.0,
        "Total Unusual Items": -1237000.0,
        "Total Unusual Items Excluding Goodwill": -1237000.0,
        "Net Income From Continuing Operation Net Minority Interest": 68340000.0,
        "Reconciled Depreciation": 12114000.0,
        "Reconciled Cost Of Revenue": 375572000.0,
        "EBITDA": 101244000.0,
        "EBIT": 89130000.0,
        "Net Interest Income": 6655000.0,
        "Interest Expense": 5648000.0,
        "Interest Income": 12303000.0,
        "Normalized Income": 69354340.0,
        "Net Income From Continuing And Discontinued Operation": 68340000.0,
        "Total Expenses": 529111000.0,
        "Total Operating Income As Reported": 76413000.0,
        "Diluted Average Shares": 46380000.0,
        "Basic Average Shares": 45633000.0,
        "Diluted EPS": 1.47,
        "Basic EPS": 1.5,
        "Diluted NI Availto Com Stockholders": 68340000.0,
        "Net Income Common Stockholders": 68340000.0,
        "Net Income": 68340000.0,
        "Minority Interests": -412000.0,
        "Net Income Including Noncontrolling Interests": 68752000.0,
        "Net Income Continuous Operations": 68752000.0,
        "Tax Provision": 14730000.0,
        "Pretax Income": 83482000.0,
        "Other Income Expense": -823000.0,
        "Other Non Operating Income Expenses": 414000.0,
        "Special Income Charges": -1237000.0,
        "Gain On Sale Of Business": 0.0,
        "Restructuring And Mergern Acquisition": 1237000.0,
        "Net Non Operating Interest Income Expense": 6655000.0,
        "Total Other Finance Cost": NaN,
        "Interest Expense Non Operating": 5648000.0,
        "Interest Income Non Operating": 12303000.0,
        "Operating Income": 77650000.0,
        "Operating Expense": 145968000.0,
        "Depreciation Amortization Depletion Income Statement": 4543000.0,
        "Depreciation And Amortization In Income Statement": 4543000.0,
        "Amortization": 4543000.0,
        "Amortization Of Intangibles Income Statement": 4543000.0,
        "Research And Development": 53810000.0,
        "Selling General And Administration": 87615000.0,
        "Gross Profit": 223618000.0,
        "Cost Of Revenue": 383143000.0,
        "Total Revenue": 606761000.0,
        "Operating Revenue": 606761000.0
    },
    "2025-09-30": {
        "Tax Effect Of Unusual Items": -50760.0,
        "Tax Rate For Calcs": 0.27,
        "Normalized EBITDA": 106755000.0,
        "Total Unusual Items": -188000.0,
        "Total Unusual Items Excluding Goodwill": -188000.0,
        "Net Income From Continuing Operation Net Minority Interest": 65613000.0,
        "Reconciled Depreciation": 12039000.0,
        "Reconciled Cost Of Revenue": 354444000.0,
        "EBITDA": 106567000.0,
        "EBIT": 94528000.0,
        "Net Interest Income": 7922000.0,
        "Interest Expense": 3827000.0,
        "Interest Income": 13569000.0,
        "Normalized Income": 65750240.0,
        "Net Income From Continuing And Discontinued Operation": 65613000.0,
        "Total Expenses": 499654000.0,
        "Total Operating Income As Reported": 81783000.0,
        "Diluted Average Shares": 46660000.0,
        "Basic Average Shares": 45746000.0,
        "Diluted EPS": 1.41,
        "Basic EPS": 1.43,
        "Diluted NI Availto Com Stockholders": 65613000.0,
        "Net Income Common Stockholders": 65613000.0,
        "Net Income": 65613000.0,
        "Minority Interests": -610000.0,
        "Net Income Including Noncontrolling Interests": 66223000.0,
        "Net Income Continuous Operations": 66223000.0,
        "Tax Provision": 24478000.0,
        "Pretax Income": 90701000.0,
        "Other Income Expense": 808000.0,
        "Other Non Operating Income Expenses": 996000.0,
        "Special Income Charges": -188000.0,
        "Gain On Sale Of Business": 0.0,
        "Restructuring And Mergern Acquisition": 188000.0,
        "Net Non Operating Interest Income Expense": 7922000.0,
        "Total Other Finance Cost": 1820000.0,
        "Interest Expense Non Operating": 3827000.0,
        "Interest Income Non Operating": 13569000.0,
        "Operating Income": 81971000.0,
        "Operating Expense": 137574000.0,
        "Depreciation Amortization Depletion Income Statement": 4403000.0,
        "Depreciation And Amortization In Income Statement": 4403000.0,
        "Amortization": 4403000.0,
        "Amortization Of Intangibles Income Statement": 4403000.0,
        "Research And Development": 50032000.0,
        "Selling General And Administration": 83139000.0,
        "Gross Profit": 219545000.0,
        "Cost Of Revenue": 362080000.0,
        "Total Revenue": 581625000.0,
        "Operating Revenue": 581625000.0
    }
}