{
    "2023-03-31": {
        "Tax Effect Of Unusual Items": NaN,
        "Tax Rate For Calcs": NaN,
        "Normalized EBITDA": NaN,
        "Net Income From Continuing Operation Net Minority Interest": NaN,
        "Reconciled Depreciation": NaN,
        "Reconciled Cost Of Revenue": NaN,
        "EBITDA": NaN,
        "EBIT": NaN,
        "Net Interest Income": NaN,
        "Interest Expense": 195000.0,
        "Normalized Income": NaN,
        "Net Income From Continuing And Discontinued Operation": NaN,
        "Total Expenses": NaN,
        "Total Operating Income As Reported": NaN,
        "Diluted Average Shares": NaN,
        "Basic Average Shares": NaN,
        "Diluted EPS": NaN,
        "Basic EPS": NaN,
        "Diluted NI Availto Com Stockholders": NaN,
        "Net Income Common Stockholders": NaN,
        "Net Income": NaN,
        "Minority Interests": NaN,
        "Net Income Including Noncontrolling Interests": NaN,
        "Net Income Continuous Operations": NaN,
        "Earnings From Equity Interest Net Of Tax": NaN,
        "Tax Provision": NaN,
        "Pretax Income": NaN,
        "Other Income Expense": 21000.0,
        "Other Non Operating Income Expenses": 21000.0,
        "Net Non Operating Interest Income Expense": NaN,
        "Total Other Finance Cost": NaN,
        "Interest Expense Non Operating": 195000.0,
        "Operating Income": NaN,
        "Operating Expense": NaN,
        "Other Operating Expenses": NaN,
        "Research And Development": NaN,
        "Selling General And Administration": NaN,
        "Selling And Marketing Expense": NaN,
        "General And Administrative Expense": NaN,
        "Other Gand A": NaN,
        "Gross Profit": NaN,
        "Cost Of Revenue": NaN,
        "Total Revenue": NaN,
        "Operating Revenue": NaN
    },
    "2022-12-31": {
        "Tax Effect Of Unusual Items": NaN,
        "Tax Rate For Calcs": NaN,
        "Normalized EBITDA": NaN,
        "Net Income From Continuing Operation Net Minority Interest": NaN,
        "Reconciled Depreciation": NaN,
        "Reconciled Cost Of Revenue": NaN,
        "EBITDA": NaN,
        "EBIT": NaN,
        "Net Interest Income": NaN,
        "Interest Expense": -2075000.0,
        "Normalized Income": NaN,
        "Net Income From Continuing And Discontinued Operation": NaN,
        "Total Expenses": NaN,
        "Total Operating Income As Reported": NaN,
        "Diluted Average Shares": NaN,
        "Basic Average Shares": NaN,
        "Diluted EPS": NaN,
        "Basic EPS": NaN,
        "Diluted NI Availto Com Stockholders": NaN,
        "Net Income Common Stockholders": NaN,
        "Net Income": NaN,
        "Minority Interests": NaN,
        "Net Income Including Noncontrolling Interests": NaN,
        "Net Income Continuous Operations": NaN,
        "Earnings From Equity Interest Net Of Tax": NaN,
        "Tax Provision": NaN,
        "Pretax Income": NaN,
        "Other Income Expense": NaN,
        "Other Non Operating Income Expenses": NaN,
        "Net Non Operating Interest Income Expense": NaN,
        "Total Other Finance Cost": NaN,
        "Interest Expense Non Operating": -2075000.0,
        "Operating Income": NaN,
        "Operating Expense": NaN,
        "Other Operating Expenses": NaN,
        "Research And Development": NaN,
        "Selling General And Administration": NaN,
        "Selling And Marketing Expense": NaN,
        "General And Administrative Expense": NaN,
        "Other Gand A": NaN,
        "Gross Profit": NaN,
        "Cost Of Revenue": NaN,
        "Total Revenue": NaN,
        "Operating Revenue": NaN
    },
    "2022-09-30": {
        "Tax Effect Of Unusual Items": NaN,
        "Tax Rate For Calcs": NaN,
        "Normalized EBITDA": NaN,
        "Net Income From Continuing Operation Net Minority Interest": NaN,
        "Reconciled Depreciation": NaN,
        "Reconciled Cost Of Revenue": NaN,
        "EBITDA": NaN,
        "EBIT": NaN,
        "Net Interest Income": NaN,
        "Interest Expense": 714000.0,
        "Normalized Income": NaN,
        "Net Income From Continuing And Discontinued Operation": NaN,
        "Total Expenses": NaN,
        "Total Operating Income As Reported": NaN,
        "Diluted Average Shares": NaN,
        "Basic Average Shares": NaN,
        "Diluted EPS": NaN,
        "Basic EPS": NaN,
        "Diluted NI Availto Com Stockholders": NaN,
        "Net Income Common Stockholders": NaN,
        "Net Income": NaN,
        "Minority Interests": NaN,
        "Net Income Including Noncontrolling Interests": NaN,
        "Net Income Continuous Operations": NaN,
        "Earnings From Equity Interest Net Of Tax": NaN,
        "Tax Provision": NaN,
        "Pretax Income": NaN,
        "Other Income Expense": NaN,
        "Other Non Operating Income Expenses": NaN,
        "Net Non Operating Interest Income Expense": NaN,
        "Total Other Finance Cost": 714000.0,
        "Interest Expense Non Operating": 714000.0,
        "Operating Income": NaN,
        "Operating Expense": NaN,
        "Other Operating Expenses": -31000.0,
        "Research And Development": NaN,
        "Selling General And Administration": NaN,
        "Selling And Marketing Expense": NaN,
        "General And Administrative Expense": NaN,
        "Other Gand A": NaN,
        "Gross Profit": NaN,
        "Cost Of Revenue": NaN,
        "Total Revenue": NaN,
        "Operating Revenue": NaN
    },
    "2022-06-30": {
        "Tax Effect Of Unusual Items": 0.0,
        "Tax Rate For Calcs": 0.264391,
        "Normalized EBITDA": 19423000.0,
        "Net Income From Continuing Operation Net Minority Interest": 8738000.0,
        "Reconciled Depreciation": 4986000.0,
        "Reconciled Cost Of Revenue": 39557000.0,
        "EBITDA": 19423000.0,
        "EBIT": 14437000.0,
        "Net Interest Income": -1373000.0,
        "Interest Expense": 1373000.0,
        "Normalized Income": 8738000.0,
        "Net Income From Continuing And Discontinued Operation": 8738000.0,
        "Total Expenses": 58951000.0,
        "Total Operating Income As Reported": 14437000.0,
        "Diluted Average Shares": 20460000.0,
        "Basic Average Shares": 20460000.0,
        "Diluted EPS": 0.43,
        "Basic EPS": 0.43,
        "Diluted NI Availto Com Stockholders": 8738000.0,
        "Net Income Common Stockholders": 8738000.0,
        "Net Income": 8738000.0,
        "Minority Interests": -794000.0,
        "Net Income Including Noncontrolling Interests": 9532000.0,
        "Net Income Continuous Operations": 9532000.0,
        "Earnings From Equity Interest Net Of Tax": -78000.0,
        "Tax Provision": 3454000.0,
        "Pretax Income": 13064000.0,
        "Other Income Expense": NaN,
        "Other Non Operating Income Expenses": NaN,
        "Net Non Operating Interest Income Expense": -1373000.0,
        "Total Other Finance Cost": NaN,
        "Interest Expense Non Operating": 1373000.0,
        "Operating Income": 14437000.0,
        "Operating Expense": 19394000.0,
        "Other Operating Expenses": -39000.0,
        "Research And Development": 3991000.0,
        "Selling General And Administration": 15442000.0,
        "Selling And Marketing Expense": 3456000.0,
        "General And Administrative Expense": 11986000.0,
        "Other Gand A": 11986000.0,
        "Gross Profit": 33831000.0,
        "Cost Of Revenue": 39557000.0,
        "Total Revenue": 73388000.0,
        "Operating Revenue": 73388000.0
    },
    "2022-03-31": {
        "Diluted EPS": 0.43,
        "Total Revenue": 72,
        "Gross Profit": 33,
        "Operating Income": 14,
        "EBIT": 19,
        "Net Income": 9
    },
    "2021-12-31": {
        "Diluted EPS": 0.46,
        "Total Revenue": 70,
        "Gross Profit": 34,
        "Operating Income": 14,
        "EBIT": 19,
        "Net Income": 10
    },
    "2021-09-30": {
        "Diluted EPS": 0.35,
        "Total Revenue": 66,
        "Gross Profit": 32,
        "Operating Income": 14,
        "EBIT": 18,
        "Net Income": 7
    },
    "2021-06-30": {
        "Diluted EPS": 0.44,
        "Total Revenue": 67,
        "Gross Profit": 31,
        "Operating Income": 14,
        "EBIT": 18,
        "Net Income": 9
    },
    "2021-03-31": {
        "Diluted EPS": 0.4,
        "Total Revenue": 67,
        "Gross Profit": 31,
        "Operating Income": 13,
        "EBIT": 17,
        "Net Income": 8
    },
    "2020-12-31": {
        "Diluted EPS": 0.31,
        "Total Revenue": 64,
        "Gross Profit": 30,
        "Operating Income": 12,
        "EBIT": 17,
        "Net Income": 7
    },
    "2020-09-30": {
        "Diluted EPS": 0.45,
        "Total Revenue": 60,
        "Gross Profit": 27,
        "Operating Income": 11,
        "EBIT": 15,
        "Net Income": 9
    },
    "2020-06-30": {
        "Diluted EPS": -0.3,
        "Total Revenue": 53,
        "Gross Profit": 28,
        "Operating Income": -5,
        "EBIT": 0,
        "Net Income": -6
    },
    "2020-03-31": {
        "Diluted EPS": 0.31,
        "Total Revenue": 68,
        "Gross Profit": 31,
        "Operating Income": 10,
        "EBIT": 15,
        "Net Income": 6
    },
    "2019-12-31": {
        "Diluted EPS": -0.72,
        "Total Revenue": 65,
        "Gross Profit": 30,
        "Operating Income": -16,
        "EBIT": -11,
        "Net Income": -15
    },
    "2019-09-30": {
        "Diluted EPS": 0.3,
        "Total Revenue": 69,
        "Gross Profit": 32,
        "Operating Income": 12,
        "EBIT": 18,
        "Net Income": 6
    },
    "2019-06-30": {
        "Diluted EPS": 0.37,
        "Total Revenue": 71,
        "Gross Profit": 34,
        "Operating Income": 14,
        "EBIT": 19,
        "Net Income": 8
    },
    "2019-03-31": {
        "Diluted EPS": 0.38,
        "Total Revenue": 74,
        "Gross Profit": 35,
        "Operating Income": 14,
        "EBIT": 20,
        "Net Income": 8
    },
    "2018-12-31": {
        "Diluted EPS": 0.53,
        "Total Revenue": 79,
        "Gross Profit": 38,
        "Operating Income": 18,
        "EBIT": 23,
        "Net Income": 11
    },
    "2018-09-30": {
        "Diluted EPS": 1.24,
        "Total Revenue": 53,
        "Gross Profit": 29,
        "Operating Income": 14,
        "EBIT": 21,
        "Net Income": 26
    },
    "2018-06-30": {
        "Diluted EPS": 0.57,
        "Total Revenue": 58,
        "Gross Profit": 29,
        "Operating Income": 15,
        "EBIT": 14,
        "Net Income": 12
    },
    "2018-03-31": {
        "Diluted EPS": 0.54,
        "Total Revenue": 63,
        "Gross Profit": 31,
        "Operating Income": 16,
        "EBIT": 19,
        "Net Income": 11
    },
    "2017-12-31": {
        "Diluted EPS": 0.47,
        "Total Revenue": 61,
        "Gross Profit": 31,
        "Operating Income": 15,
        "EBIT": 18,
        "Net Income": 10
    },
    "2017-09-30": {
        "Diluted EPS": 0.5,
        "Total Revenue": 61,
        "Gross Profit": 31,
        "Operating Income": 14,
        "EBIT": 17,
        "Net Income": 11
    },
    "2017-06-30": {
        "Diluted EPS": 0.5,
        "Total Revenue": 57,
        "Gross Profit": 30,
        "Operating Income": 14,
        "EBIT": 17,
        "Net Income": 10
    },
    "2017-03-31": {
        "Diluted EPS": 0.62,
        "Total Revenue": 56,
        "Gross Profit": 28,
        "Operating Income": 14,
        "EBIT": 17,
        "Net Income": 13
    },
    "2016-12-31": {
        "Diluted EPS": 0.44,
        "Total Revenue": 50,
        "Gross Profit": 26,
        "Operating Income": 13,
        "EBIT": 16,
        "Net Income": 9
    },
    "2016-09-30": {
        "Diluted EPS": 0.39,
        "Total Revenue": 53,
        "Gross Profit": 26,
        "Operating Income": 12,
        "EBIT": 15,
        "Net Income": 8
    },
    "2016-06-30": {
        "Diluted EPS": 0.36,
        "Total Revenue": 49,
        "Gross Profit": 25,
        "Operating Income": 12,
        "EBIT": 15,
        "Net Income": 8
    },
    "2016-03-31": {
        "Diluted EPS": 0.34,
        "Total Revenue": 47,
        "Gross Profit": 24,
        "Operating Income": 12,
        "EBIT": 14,
        "Net Income": 7
    },
    "2015-12-31": {
        "Diluted EPS": 0.29,
        "Total Revenue": 44,
        "Gross Profit": 22,
        "Operating Income": 10,
        "EBIT": 14,
        "Net Income": 6
    },
    "2015-09-30": {
        "Diluted EPS": 0.29,
        "Total Revenue": 44,
        "Gross Profit": 22,
        "Operating Income": 10,
        "EBIT": 13,
        "Net Income": 6
    },
    "2015-06-30": {
        "Diluted EPS": 0.28,
        "Total Revenue": 44,
        "Gross Profit": 22,
        "Operating Income": 10,
        "EBIT": 13,
        "Net Income": 6
    },
    "2015-03-31": {
        "Diluted EPS": 0.33,
        "Total Revenue": 44,
        "Gross Profit": 23,
        "Operating Income": 11,
        "EBIT": 13,
        "Net Income": 7
    },
    "2014-12-31": {
        "Diluted EPS": 0.33,
        "Total Revenue": 44,
        "Gross Profit": 24,
        "Operating Income": 10,
        "EBIT": 14,
        "Net Income": 7
    },
    "2014-09-30": {
        "Diluted EPS": 0.41,
        "Total Revenue": 46,
        "Gross Profit": 25,
        "Operating Income": 12,
        "EBIT": 15,
        "Net Income": 9
    },
    "2014-06-30": {
        "Diluted EPS": 0.35,
        "Total Revenue": 47,
        "Gross Profit": 25,
        "Operating Income": 12,
        "EBIT": 15,
        "Net Income": 7
    },
    "2014-03-31": {
        "Diluted EPS": 0.35,
        "Total Revenue": 45,
        "Gross Profit": 24,
        "Operating Income": 12,
        "EBIT": 14,
        "Net Income": 7
    },
    "2013-12-31": {
        "Diluted EPS": 0.19,
        "Total Revenue": 44,
        "Gross Profit": 24,
        "Operating Income": 8,
        "EBIT": 14,
        "Net Income": 4
    },
    "2013-09-30": {
        "Diluted EPS": 0.33,
        "Total Revenue": 42,
        "Gross Profit": 22,
        "Operating Income": 11,
        "EBIT": 14,
        "Net Income": 7
    },
    "2013-06-30": {
        "Diluted EPS": 0.32,
        "Total Revenue": 43,
        "Gross Profit": 22,
        "Operating Income": 10,
        "EBIT": 14,
        "Net Income": 7
    },
    "2013-03-31": {
        "Diluted EPS": 0.29,
        "Total Revenue": 41,
        "Gross Profit": 21,
        "Operating Income": 9,
        "EBIT": 12,
        "Net Income": 6
    },
    "2012-12-31": {
        "Diluted EPS": 0.21,
        "Total Revenue": 38,
        "Gross Profit": 19,
        "Operating Income": 8,
        "EBIT": 12,
        "Net Income": 4
    },
    "2012-09-30": {
        "Diluted EPS": 0.25,
        "Total Revenue": 37,
        "Gross Profit": 19,
        "Operating Income": 7,
        "EBIT": 11,
        "Net Income": 5
    },
    "2012-06-30": {
        "Diluted EPS": 0.48,
        "Total Revenue": 38,
        "Gross Profit": 18,
        "Operating Income": 7,
        "EBIT": 11,
        "Net Income": 10
    },
    "2012-03-31": {
        "Diluted EPS": 0.24,
        "Total Revenue": 38,
        "Gross Profit": 18,
        "Operating Income": 7,
        "EBIT": 11,
        "Net Income": 5
    },
    "2011-12-31": {
        "Diluted EPS": 0.29,
        "Total Revenue": 37,
        "Gross Profit": 19,
        "Operating Income": 8,
        "EBIT": 12,
        "Net Income": 6
    },
    "2011-09-30": {
        "Diluted EPS": 0.32,
        "Total Revenue": 42,
        "Gross Profit": 21,
        "Operating Income": 9,
        "EBIT": 14,
        "Net Income": 7
    },
    "2011-06-30": {
        "Diluted EPS": 0.31,
        "Total Revenue": 41,
        "Gross Profit": 20,
        "Operating Income": 9,
        "EBIT": 13,
        "Net Income": 7
    },
    "2011-03-31": {
        "Diluted EPS": 0.31,
        "Total Revenue": 40,
        "Gross Profit": 20,
        "Operating Income": 9,
        "EBIT": 13,
        "Net Income": 6
    },
    "2010-12-31": {
        "Diluted EPS": 0.28,
        "Total Revenue": 41,
        "Gross Profit": 20,
        "Operating Income": 8,
        "EBIT": 13,
        "Net Income": 6
    },
    "2010-09-30": {
        "Diluted EPS": 0.27,
        "Total Revenue": 37,
        "Gross Profit": 18,
        "Operating Income": 8,
        "EBIT": 12,
        "Net Income": 6
    },
    "2010-06-30": {
        "Diluted EPS": 0.23,
        "Total Revenue": 35,
        "Gross Profit": 17,
        "Operating Income": 7,
        "EBIT": 11,
        "Net Income": 5
    },
    "2010-03-31": {
        "Diluted EPS": 0.23,
        "Total Revenue": 35,
        "Gross Profit": 17,
        "Operating Income": 7,
        "EBIT": 11,
        "Net Income": 5
    },
    "2009-12-31": {
        "Diluted EPS": 0.26,
        "Total Revenue": 34,
        "Gross Profit": 18,
        "Operating Income": 7,
        "EBIT": 11,
        "Net Income": 6
    },
    "2009-09-30": {
        "Diluted EPS": 0.22,
        "Total Revenue": 32,
        "Gross Profit": 15,
        "Operating Income": 6,
        "EBIT": 10,
        "Net Income": 5
    },
    "2009-06-30": {
        "Diluted EPS": 0.12,
        "Total Revenue": 28,
        "Gross Profit": 14,
        "Operating Income": 6,
        "EBIT": 9,
        "Net Income": 2
    },
    "2009-03-31": {
        "Diluted EPS": 0.27,
        "Total Revenue": 27,
        "Gross Profit": 13,
        "Operating Income": 5,
        "EBIT": 8,
        "Net Income": 6
    },
    "2023-06-30": {
        "Tax Effect Of Unusual Items": NaN,
        "Tax Rate For Calcs": NaN,
        "Normalized EBITDA": NaN,
        "Net Income From Continuing Operation Net Minority Interest": NaN,
        "Reconciled Depreciation": NaN,
        "Reconciled Cost Of Revenue": NaN,
        "EBITDA": NaN,
        "EBIT": NaN,
        "Net Interest Income": NaN,
        "Normalized Income": NaN,
        "Net Income From Continuing And Discontinued Operation": NaN,
        "Total Expenses": NaN,
        "Total Operating Income As Reported": NaN,
        "Diluted Average Shares": NaN,
        "Basic Average Shares": NaN,
        "Diluted EPS": NaN,
        "Basic EPS": NaN,
        "Diluted NI Availto Com Stockholders": NaN,
        "Net Income Common Stockholders": NaN,
        "Net Income": NaN,
        "Minority Interests": NaN,
        "Net Income Including Noncontrolling Interests": NaN,
        "Net Income Continuous Operations": NaN,
        "Earnings From Equity Interest Net Of Tax": NaN,
        "Tax Provision": NaN,
        "Pretax Income": NaN,
        "Other Income Expense": -24000.0,
        "Other Non Operating Income Expenses": -24000.0,
        "Net Non Operating Interest Income Expense": NaN,
        "Total Other Finance Cost": -349000.0,
        "Operating Income": NaN,
        "Operating Expense": NaN,
        "Other Operating Expenses": 75000.0,
        "Research And Development": NaN,
        "Selling General And Administration": NaN,
        "Selling And Marketing Expense": NaN,
        "General And Administrative Expense": NaN,
        "Other Gand A": NaN,
        "Gross Profit": NaN,
        "Cost Of Revenue": NaN,
        "Total Revenue": NaN,
        "Operating Revenue": NaN
    },
    "2023-09-30": {
        "Tax Effect Of Unusual Items": NaN,
        "Tax Rate For Calcs": NaN,
        "Normalized EBITDA": NaN,
        "Net Income From Continuing Operation Net Minority Interest": NaN,
        "Reconciled Depreciation": NaN,
        "Reconciled Cost Of Revenue": NaN,
        "EBITDA": NaN,
        "EBIT": NaN,
        "Net Interest Income": NaN,
        "Normalized Income": NaN,
        "Net Income From Continuing And Discontinued Operation": NaN,
        "Total Expenses": NaN,
        "Total Operating Income As Reported": NaN,
        "Diluted Average Shares": NaN,
        "Basic Average Shares": NaN,
        "Diluted EPS": NaN,
        "Basic EPS": NaN,
        "Diluted NI Availto Com Stockholders": NaN,
        "Net Income Common Stockholders": NaN,
        "Net Income": NaN,
        "Minority Interests": NaN,
        "Net Income Including Noncontrolling Interests": NaN,
        "Net Income Continuous Operations": NaN,
        "Earnings From Equity Interest Net Of Tax": NaN,
        "Tax Provision": NaN,
        "Pretax Income": NaN,
        "Other Income Expense": NaN,
        "Other Non Operating Income Expenses": NaN,
        "Net Non Operating Interest Income Expense": NaN,
        "Total Other Finance Cost": 53000.0,
        "Operating Income": NaN,
        "Operating Expense": NaN,
        "Other Operating Expenses": NaN,
        "Research And Development": NaN,
        "Selling General And Administration": NaN,
        "Selling And Marketing Expense": NaN,
        "General And Administrative Expense": NaN,
        "Other Gand A": NaN,
        "Gross Profit": NaN,
        "Cost Of Revenue": NaN,
        "Total Revenue": NaN,
        "Operating Revenue": NaN
    },
    "2023-12-31": {
        "Tax Effect Of Unusual Items": NaN,
        "Tax Rate For Calcs": NaN,
        "Normalized EBITDA": NaN,
        "Net Income From Continuing Operation Net Minority Interest": NaN,
        "Reconciled Depreciation": NaN,
        "Reconciled Cost Of Revenue": NaN,
        "EBITDA": NaN,
        "EBIT": NaN,
        "Net Interest Income": NaN,
        "Normalized Income": NaN,
        "Net Income From Continuing And Discontinued Operation": NaN,
        "Total Expenses": NaN,
        "Total Operating Income As Reported": NaN,
        "Diluted Average Shares": NaN,
        "Basic Average Shares": NaN,
        "Diluted EPS": NaN,
        "Basic EPS": NaN,
        "Diluted NI Availto Com Stockholders": NaN,
        "Net Income Common Stockholders": NaN,
        "Net Income": NaN,
        "Minority Interests": NaN,
        "Net Income Including Noncontrolling Interests": NaN,
        "Net Income Continuous Operations": NaN,
        "Earnings From Equity Interest Net Of Tax": NaN,
        "Tax Provision": NaN,
        "Pretax Income": NaN,
        "Other Income Expense": -1667000.0,
        "Other Non Operating Income Expenses": 63000.0,
        "Net Non Operating Interest Income Expense": NaN,
        "Total Other Finance Cost": NaN,
        "Operating Income": NaN,
        "Operating Expense": NaN,
        "Other Operating Expenses": NaN,
        "Research And Development": NaN,
        "Selling General And Administration": NaN,
        "Selling And Marketing Expense": NaN,
        "General And Administrative Expense": NaN,
        "Other Gand A": NaN,
        "Gross Profit": NaN,
        "Cost Of Revenue": NaN,
        "Total Revenue": NaN,
        "Operating Revenue": NaN
    },
    "2024-03-31": {
        "Tax Effect Of Unusual Items": 0.0,
        "Tax Rate For Calcs": 0.200538,
        "Normalized EBITDA": 22327000.0,
        "Net Income From Continuing Operation Net Minority Interest": 13036000.0,
        "Reconciled Depreciation": 5298000.0,
        "Reconciled Cost Of Revenue": 45483000.0,
        "EBITDA": 22327000.0,
        "EBIT": 17029000.0,
        "Net Interest Income": 75000.0,
        "Normalized Income": 13036000.0,
        "Net Income From Continuing And Discontinued Operation": 13036000.0,
        "Total Expenses": 67997000.0,
        "Total Operating Income As Reported": 17029000.0,
        "Diluted Average Shares": 19894000.0,
        "Basic Average Shares": 19894000.0,
        "Diluted EPS": 0.66,
        "Basic EPS": 0.66,
        "Diluted NI Availto Com Stockholders": 13036000.0,
        "Net Income Common Stockholders": 13036000.0,
        "Net Income": 13036000.0,
        "Minority Interests": -557000.0,
        "Net Income Including Noncontrolling Interests": 13593000.0,
        "Net Income Continuous Operations": 13593000.0,
        "Earnings From Equity Interest Net Of Tax": -81000.0,
        "Tax Provision": 3430000.0,
        "Pretax Income": 17104000.0,
        "Other Income Expense": NaN,
        "Other Non Operating Income Expenses": NaN,
        "Net Non Operating Interest Income Expense": 75000.0,
        "Total Other Finance Cost": -75000.0,
        "Operating Income": 17029000.0,
        "Operating Expense": 22514000.0,
        "Other Operating Expenses": -39000.0,
        "Research And Development": 4523000.0,
        "Selling General And Administration": 18030000.0,
        "Selling And Marketing Expense": 3574000.0,
        "General And Administrative Expense": 14456000.0,
        "Other Gand A": 14456000.0,
        "Gross Profit": 39543000.0,
        "Cost Of Revenue": 45483000.0,
        "Total Revenue": 85026000.0,
        "Operating Revenue": 85026000.0
    },
    "2024-06-30": {
        "Tax Effect Of Unusual Items": 0.0,
        "Tax Rate For Calcs": 0.212067,
        "Normalized EBITDA": 23098000.0,
        "Net Income From Continuing Operation Net Minority Interest": 13127000.0,
        "Reconciled Depreciation": 5353000.0,
        "Reconciled Cost Of Revenue": 45065000.0,
        "EBITDA": 23098000.0,
        "EBIT": 17745000.0,
        "Net Interest Income": 56000.0,
        "Normalized Income": 13127000.0,
        "Net Income From Continuing And Discontinued Operation": 13127000.0,
        "Total Expenses": 67124000.0,
        "Total Operating Income As Reported": 17745000.0,
        "Diluted Average Shares": 19894000.0,
        "Basic Average Shares": 19894000.0,
        "Diluted EPS": 0.66,
        "Basic EPS": 0.66,
        "Diluted NI Availto Com Stockholders": 13127000.0,
        "Net Income Common Stockholders": 13127000.0,
        "Net Income": 13127000.0,
        "Minority Interests": -858000.0,
        "Net Income Including Noncontrolling Interests": 13985000.0,
        "Net Income Continuous Operations": 13985000.0,
        "Earnings From Equity Interest Net Of Tax": -41000.0,
        "Tax Provision": 3775000.0,
        "Pretax Income": 17801000.0,
        "Other Income Expense": NaN,
        "Other Non Operating Income Expenses": NaN,
        "Net Non Operating Interest Income Expense": 56000.0,
        "Total Other Finance Cost": -56000.0,
        "Operating Income": 17745000.0,
        "Operating Expense": 22059000.0,
        "Other Operating Expenses": -84000.0,
        "Research And Development": 4594000.0,
        "Selling General And Administration": 17549000.0,
        "Selling And Marketing Expense": 3698000.0,
        "General And Administrative Expense": 13851000.0,
        "Other Gand A": 13851000.0,
        "Gross Profit": 39804000.0,
        "Cost Of Revenue": 45065000.0,
        "Total Revenue": 84869000.0,
        "Operating Revenue": 84869000.0
    },
    "2024-09-30": {
        "Tax Effect Of Unusual Items": 0.0,
        "Tax Rate For Calcs": 0.219039,
        "Normalized EBITDA": 23295000.0,
        "Net Income From Continuing Operation Net Minority Interest": 13653000.0,
        "Reconciled Depreciation": 4935000.0,
        "Reconciled Cost Of Revenue": 43322000.0,
        "EBITDA": 23295000.0,
        "EBIT": 18360000.0,
        "Net Interest Income": 34000.0,
        "Normalized Income": 13653000.0,
        "Net Income From Continuing And Discontinued Operation": 13653000.0,
        "Total Expenses": 65119000.0,
        "Total Operating Income As Reported": 18360000.0,
        "Diluted Average Shares": 19894000.0,
        "Basic Average Shares": 19894000.0,
        "Diluted EPS": 0.69,
        "Basic EPS": 0.69,
        "Diluted NI Availto Com Stockholders": 13653000.0,
        "Net Income Common Stockholders": 13653000.0,
        "Net Income": 13653000.0,
        "Minority Interests": -533000.0,
        "Net Income Including Noncontrolling Interests": 14186000.0,
        "Net Income Continuous Operations": 14186000.0,
        "Earnings From Equity Interest Net Of Tax": -179000.0,
        "Tax Provision": 4029000.0,
        "Pretax Income": 18394000.0,
        "Other Income Expense": NaN,
        "Other Non Operating Income Expenses": NaN,
        "Net Non Operating Interest Income Expense": 34000.0,
        "Total Other Finance Cost": -34000.0,
        "Operating Income": 18360000.0,
        "Operating Expense": 21797000.0,
        "Other Operating Expenses": 24000.0,
        "Research And Development": 4490000.0,
        "Selling General And Administration": 17283000.0,
        "Selling And Marketing Expense": 4019000.0,
        "General And Administrative Expense": 13264000.0,
        "Other Gand A": 13264000.0,
        "Gross Profit": 40157000.0,
        "Cost Of Revenue": 43322000.0,
        "Total Revenue": 83479000.0,
        "Operating Revenue": 83479000.0
    },
    "2024-12-31": {
        "Tax Effect Of Unusual Items": 0.0,
        "Tax Rate For Calcs": 0.186351,
        "Normalized EBITDA": 24630000.0,
        "Net Income From Continuing Operation Net Minority Interest": 13838000.0,
        "Reconciled Depreciation": 4497000.0,
        "Reconciled Cost Of Revenue": 41767000.0,
        "EBITDA": 24630000.0,
        "EBIT": 20133000.0,
        "Net Interest Income": -173000.0,
        "Normalized Income": 13838000.0,
        "Net Income From Continuing And Discontinued Operation": 13838000.0,
        "Total Expenses": 64773000.0,
        "Total Operating Income As Reported": 18035000.0,
        "Diluted Average Shares": 19894000.0,
        "Basic Average Shares": 19894000.0,
        "Diluted EPS": 0.7,
        "Basic EPS": 0.7,
        "Diluted NI Availto Com Stockholders": 13838000.0,
        "Net Income Common Stockholders": 13838000.0,
        "Net Income": 13838000.0,
        "Minority Interests": -945000.0,
        "Net Income Including Noncontrolling Interests": 14783000.0,
        "Net Income Continuous Operations": 14783000.0,
        "Earnings From Equity Interest Net Of Tax": 178000.0,
        "Tax Provision": 3345000.0,
        "Pretax Income": 17950000.0,
        "Other Income Expense": NaN,
        "Other Non Operating Income Expenses": NaN,
        "Net Non Operating Interest Income Expense": -173000.0,
        "Total Other Finance Cost": NaN,
        "Operating Income": 18110000.0,
        "Operating Expense": 23006000.0,
        "Other Operating Expenses": -49000.0,
        "Research And Development": 4483000.0,
        "Selling General And Administration": 18647000.0,
        "Selling And Marketing Expense": 3980000.0,
        "General And Administrative Expense": 14667000.0,
        "Other Gand A": 14667000.0,
        "Gross Profit": 41116000.0,
        "Cost Of Revenue": 41767000.0,
        "Total Revenue": 82883000.0,
        "Operating Revenue": 82883000.0
    },
    "2025-03-31": {
        "Tax Effect Of Unusual Items": 0.0,
        "Tax Rate For Calcs": 0.211771,
        "Normalized EBITDA": 23282000.0,
        "Net Income From Continuing Operation Net Minority Interest": 14592000.0,
        "Reconciled Depreciation": 4628000.0,
        "Reconciled Cost Of Revenue": 44436000.0,
        "EBITDA": 23282000.0,
        "EBIT": 18654000.0,
        "Net Interest Income": 546000.0,
        "Normalized Income": 14592000.0,
        "Net Income From Continuing And Discontinued Operation": 14592000.0,
        "Total Expenses": 67801000.0,
        "Total Operating Income As Reported": 18654000.0,
        "Diluted Average Shares": 19894000.0,
        "Basic Average Shares": 19894000.0,
        "Diluted EPS": 0.73,
        "Basic EPS": 0.73,
        "Diluted NI Availto Com Stockholders": 14592000.0,
        "Net Income Common Stockholders": 14592000.0,
        "Net Income": 14592000.0,
        "Minority Interests": -508000.0,
        "Net Income Including Noncontrolling Interests": 15100000.0,
        "Net Income Continuous Operations": 15100000.0,
        "Earnings From Equity Interest Net Of Tax": -34000.0,
        "Tax Provision": 4066000.0,
        "Pretax Income": 19200000.0,
        "Other Income Expense": NaN,
        "Other Non Operating Income Expenses": NaN,
        "Net Non Operating Interest Income Expense": 546000.0,
        "Total Other Finance Cost": -546000.0,
        "Operating Income": 18654000.0,
        "Operating Expense": 23365000.0,
        "Other Operating Expenses": 6000.0,
        "Research And Development": 4862000.0,
        "Selling General And Administration": 18497000.0,
        "Selling And Marketing Expense": 4259000.0,
        "General And Administrative Expense": 14238000.0,
        "Other Gand A": 14238000.0,
        "Gross Profit": 42019000.0,
        "Cost Of Revenue": 44436000.0,
        "Total Revenue": 86455000.0,
        "Operating Revenue": 86455000.0
    }
}