{
    "2023-03-31": {
        "Tax Effect Of Unusual Items": NaN,
        "Tax Rate For Calcs": NaN,
        "Normalized EBITDA": NaN,
        "Total Unusual Items": NaN,
        "Total Unusual Items Excluding Goodwill": NaN,
        "Net Income From Continuing Operation Net Minority Interest": NaN,
        "Reconciled Depreciation": NaN,
        "Reconciled Cost Of Revenue": NaN,
        "EBITDA": NaN,
        "EBIT": NaN,
        "Net Interest Income": NaN,
        "Interest Expense": NaN,
        "Interest Income": NaN,
        "Normalized Income": NaN,
        "Net Income From Continuing And Discontinued Operation": NaN,
        "Total Expenses": NaN,
        "Total Operating Income As Reported": NaN,
        "Diluted Average Shares": NaN,
        "Basic Average Shares": NaN,
        "Diluted EPS": NaN,
        "Basic EPS": NaN,
        "Diluted NI Availto Com Stockholders": NaN,
        "Net Income Common Stockholders": NaN,
        "Net Income": NaN,
        "Minority Interests": NaN,
        "Net Income Including Noncontrolling Interests": NaN,
        "Net Income Discontinuous Operations": NaN,
        "Net Income Continuous Operations": NaN,
        "Tax Provision": NaN,
        "Pretax Income": NaN,
        "Other Income Expense": NaN,
        "Other Non Operating Income Expenses": NaN,
        "Special Income Charges": NaN,
        "Gain On Sale Of Business": NaN,
        "Net Non Operating Interest Income Expense": NaN,
        "Total Other Finance Cost": 3500000.0,
        "Interest Expense Non Operating": NaN,
        "Interest Income Non Operating": NaN,
        "Operating Income": NaN,
        "Operating Expense": NaN,
        "Research And Development": NaN,
        "Selling General And Administration": NaN,
        "Selling And Marketing Expense": NaN,
        "General And Administrative Expense": NaN,
        "Other Gand A": NaN,
        "Salaries And Wages": 200000.0,
        "Gross Profit": NaN,
        "Cost Of Revenue": NaN,
        "Total Revenue": NaN,
        "Operating Revenue": NaN
    },
    "2022-12-31": {
        "Tax Effect Of Unusual Items": NaN,
        "Tax Rate For Calcs": NaN,
        "Normalized EBITDA": NaN,
        "Total Unusual Items": 10700000.0,
        "Total Unusual Items Excluding Goodwill": 10700000.0,
        "Net Income From Continuing Operation Net Minority Interest": NaN,
        "Reconciled Depreciation": NaN,
        "Reconciled Cost Of Revenue": NaN,
        "EBITDA": NaN,
        "EBIT": NaN,
        "Net Interest Income": NaN,
        "Interest Expense": NaN,
        "Interest Income": NaN,
        "Normalized Income": NaN,
        "Net Income From Continuing And Discontinued Operation": NaN,
        "Total Expenses": NaN,
        "Total Operating Income As Reported": NaN,
        "Diluted Average Shares": NaN,
        "Basic Average Shares": NaN,
        "Diluted EPS": NaN,
        "Basic EPS": NaN,
        "Diluted NI Availto Com Stockholders": NaN,
        "Net Income Common Stockholders": NaN,
        "Net Income": NaN,
        "Minority Interests": NaN,
        "Net Income Including Noncontrolling Interests": NaN,
        "Net Income Discontinuous Operations": 0.0,
        "Net Income Continuous Operations": NaN,
        "Tax Provision": NaN,
        "Pretax Income": NaN,
        "Special Income Charges": 10700000.0,
        "Gain On Sale Of Business": 0.0,
        "Net Non Operating Interest Income Expense": NaN,
        "Total Other Finance Cost": 3800000.0,
        "Interest Expense Non Operating": NaN,
        "Interest Income Non Operating": NaN,
        "Operating Income": NaN,
        "Operating Expense": NaN,
        "Research And Development": NaN,
        "Selling General And Administration": NaN,
        "Selling And Marketing Expense": NaN,
        "General And Administrative Expense": NaN,
        "Other Gand A": NaN,
        "Salaries And Wages": NaN,
        "Gross Profit": NaN,
        "Cost Of Revenue": NaN,
        "Total Revenue": NaN,
        "Operating Revenue": NaN
    },
    "2022-09-30": {
        "Tax Effect Of Unusual Items": NaN,
        "Tax Rate For Calcs": NaN,
        "Normalized EBITDA": NaN,
        "Total Unusual Items": 0.0,
        "Total Unusual Items Excluding Goodwill": 0.0,
        "Net Income From Continuing Operation Net Minority Interest": NaN,
        "Reconciled Depreciation": NaN,
        "Reconciled Cost Of Revenue": NaN,
        "EBITDA": NaN,
        "EBIT": NaN,
        "Net Interest Income": NaN,
        "Interest Expense": NaN,
        "Interest Income": NaN,
        "Normalized Income": NaN,
        "Net Income From Continuing And Discontinued Operation": NaN,
        "Total Expenses": NaN,
        "Total Operating Income As Reported": NaN,
        "Diluted Average Shares": NaN,
        "Basic Average Shares": NaN,
        "Diluted EPS": NaN,
        "Basic EPS": NaN,
        "Diluted NI Availto Com Stockholders": NaN,
        "Net Income Common Stockholders": NaN,
        "Net Income": NaN,
        "Minority Interests": NaN,
        "Net Income Including Noncontrolling Interests": NaN,
        "Net Income Discontinuous Operations": -100000.0,
        "Net Income Continuous Operations": NaN,
        "Tax Provision": NaN,
        "Pretax Income": NaN,
        "Special Income Charges": 0.0,
        "Gain On Sale Of Business": 0.0,
        "Net Non Operating Interest Income Expense": NaN,
        "Total Other Finance Cost": 2300000.0,
        "Interest Expense Non Operating": NaN,
        "Interest Income Non Operating": NaN,
        "Operating Income": NaN,
        "Operating Expense": NaN,
        "Research And Development": NaN,
        "Selling General And Administration": NaN,
        "Selling And Marketing Expense": NaN,
        "General And Administrative Expense": NaN,
        "Other Gand A": NaN,
        "Salaries And Wages": NaN,
        "Gross Profit": NaN,
        "Cost Of Revenue": NaN,
        "Total Revenue": NaN,
        "Operating Revenue": NaN
    },
    "2022-06-30": {
        "Tax Effect Of Unusual Items": 0.0,
        "Tax Rate For Calcs": 0.24,
        "Normalized EBITDA": 128500000.0,
        "Total Unusual Items": 0.0,
        "Total Unusual Items Excluding Goodwill": 0.0,
        "Net Income From Continuing Operation Net Minority Interest": 75800000.0,
        "Reconciled Depreciation": 28000000.0,
        "Reconciled Cost Of Revenue": 511100000.0,
        "EBITDA": 128500000.0,
        "EBIT": 100500000.0,
        "Net Interest Income": -500000.0,
        "Interest Expense": NaN,
        "Normalized Income": 75800000.0,
        "Net Income From Continuing And Discontinued Operation": 74600000.0,
        "Total Expenses": 632800000.0,
        "Total Operating Income As Reported": 100500000.0,
        "Diluted Average Shares": 83400000.0,
        "Basic Average Shares": 83100000.0,
        "Diluted EPS": 0.89,
        "Basic EPS": 0.9,
        "Diluted NI Availto Com Stockholders": 74600000.0,
        "Net Income Common Stockholders": 74600000.0,
        "Net Income": 74600000.0,
        "Minority Interests": -200000.0,
        "Net Income Including Noncontrolling Interests": 74800000.0,
        "Net Income Discontinuous Operations": -1200000.0,
        "Net Income Continuous Operations": 76000000.0,
        "Tax Provision": 24000000.0,
        "Pretax Income": 100000000.0,
        "Other Income Expense": NaN,
        "Other Non Operating Income Expenses": NaN,
        "Special Income Charges": 0.0,
        "Gain On Sale Of Ppe": NaN,
        "Gain On Sale Of Business": 0.0,
        "Impairment Of Capital Assets": NaN,
        "Restructuring And Mergern Acquisition": NaN,
        "Net Non Operating Interest Income Expense": -500000.0,
        "Total Other Finance Cost": 500000.0,
        "Interest Expense Non Operating": NaN,
        "Operating Income": 100500000.0,
        "Operating Expense": 121700000.0,
        "Research And Development": 24300000.0,
        "Selling General And Administration": 97400000.0,
        "Selling And Marketing Expense": 40400000.0,
        "General And Administrative Expense": 57000000.0,
        "Other Gand A": 57000000.0,
        "Gross Profit": 222200000.0,
        "Cost Of Revenue": 511100000.0,
        "Total Revenue": 733300000.0,
        "Operating Revenue": 733300000.0
    },
    "2023-06-30": {
        "Tax Effect Of Unusual Items": NaN,
        "Tax Rate For Calcs": NaN,
        "Normalized EBITDA": NaN,
        "Total Unusual Items": NaN,
        "Total Unusual Items Excluding Goodwill": NaN,
        "Net Income From Continuing Operation Net Minority Interest": NaN,
        "Reconciled Depreciation": NaN,
        "Reconciled Cost Of Revenue": NaN,
        "EBITDA": NaN,
        "EBIT": NaN,
        "Net Interest Income": NaN,
        "Interest Expense": NaN,
        "Interest Income": NaN,
        "Normalized Income": NaN,
        "Net Income From Continuing And Discontinued Operation": NaN,
        "Total Expenses": NaN,
        "Total Operating Income As Reported": NaN,
        "Diluted Average Shares": NaN,
        "Basic Average Shares": NaN,
        "Diluted EPS": NaN,
        "Basic EPS": NaN,
        "Diluted NI Availto Com Stockholders": NaN,
        "Net Income Common Stockholders": NaN,
        "Net Income": NaN,
        "Minority Interests": NaN,
        "Net Income Including Noncontrolling Interests": NaN,
        "Net Income Discontinuous Operations": 0.0,
        "Net Income Continuous Operations": NaN,
        "Tax Provision": NaN,
        "Pretax Income": NaN,
        "Other Income Expense": 100000.0,
        "Other Non Operating Income Expenses": 100000.0,
        "Special Income Charges": NaN,
        "Gain On Sale Of Business": NaN,
        "Net Non Operating Interest Income Expense": NaN,
        "Total Other Finance Cost": 2500000.0,
        "Interest Expense Non Operating": NaN,
        "Interest Income Non Operating": NaN,
        "Operating Income": NaN,
        "Operating Expense": NaN,
        "Research And Development": NaN,
        "Selling General And Administration": NaN,
        "Selling And Marketing Expense": NaN,
        "General And Administrative Expense": NaN,
        "Other Gand A": NaN,
        "Salaries And Wages": 100000.0,
        "Gross Profit": NaN,
        "Cost Of Revenue": NaN,
        "Total Revenue": NaN,
        "Operating Revenue": NaN
    },
    "2022-03-31": {
        "Diluted EPS": 0.88,
        "Total Revenue": 726,
        "Gross Profit": 218,
        "Operating Income": 95,
        "EBIT": 122,
        "Net Income": 75
    },
    "2021-12-31": {
        "Diluted EPS": 1.21,
        "Total Revenue": 685,
        "Gross Profit": 224,
        "Operating Income": 113,
        "EBIT": 141,
        "Net Income": 104
    },
    "2021-09-30": {
        "Diluted EPS": 1.01,
        "Total Revenue": 690,
        "Gross Profit": 222,
        "Operating Income": 102,
        "EBIT": 130,
        "Net Income": 88
    },
    "2021-06-30": {
        "Diluted EPS": 0.45,
        "Total Revenue": 692,
        "Gross Profit": 225,
        "Operating Income": 180,
        "EBIT": 208,
        "Net Income": 39
    },
    "2021-03-31": {
        "Diluted EPS": 0.99,
        "Total Revenue": 698,
        "Gross Profit": 229,
        "Operating Income": 110,
        "EBIT": 138,
        "Net Income": 86
    },
    "2020-12-31": {
        "Diluted EPS": -0.14,
        "Total Revenue": 709,
        "Gross Profit": 219,
        "Operating Income": 159,
        "EBIT": 189,
        "Net Income": -14
    },
    "2020-09-30": {
        "Diluted EPS": -0.54,
        "Total Revenue": 591,
        "Gross Profit": 191,
        "Operating Income": -63,
        "EBIT": -35,
        "Net Income": -47
    },
    "2020-06-30": {
        "Diluted EPS": 0.55,
        "Total Revenue": 515,
        "Gross Profit": 164,
        "Operating Income": 21,
        "EBIT": 48,
        "Net Income": 48
    },
    "2020-03-31": {
        "Diluted EPS": 0.96,
        "Total Revenue": 663,
        "Gross Profit": 209,
        "Operating Income": 109,
        "EBIT": 137,
        "Net Income": 85
    },
    "2019-12-31": {
        "Diluted EPS": 0.78,
        "Total Revenue": 719,
        "Gross Profit": 228,
        "Operating Income": 82,
        "EBIT": 115,
        "Net Income": 68
    },
    "2019-09-30": {
        "Diluted EPS": 1.34,
        "Total Revenue": 712,
        "Gross Profit": 231,
        "Operating Income": 153,
        "EBIT": 181,
        "Net Income": 119
    },
    "2019-06-30": {
        "Diluted EPS": 0.75,
        "Total Revenue": 720,
        "Gross Profit": 232,
        "Operating Income": 86,
        "EBIT": 113,
        "Net Income": 67
    },
    "2019-03-31": {
        "Diluted EPS": 0.8,
        "Total Revenue": 696,
        "Gross Profit": 219,
        "Operating Income": 91,
        "EBIT": 117,
        "Net Income": 71
    },
    "2018-12-31": {
        "Diluted EPS": 0.58,
        "Total Revenue": 678,
        "Gross Profit": 211,
        "Operating Income": 69,
        "EBIT": 96,
        "Net Income": 52
    },
    "2018-09-30": {
        "Diluted EPS": 1.25,
        "Total Revenue": 681,
        "Gross Profit": 227,
        "Operating Income": 138,
        "EBIT": 165,
        "Net Income": 111
    },
    "2018-06-30": {
        "Diluted EPS": 0.79,
        "Total Revenue": 697,
        "Gross Profit": 226,
        "Operating Income": 80,
        "EBIT": 108,
        "Net Income": 70
    },
    "2018-03-31": {
        "Diluted EPS": 1.14,
        "Total Revenue": 689,
        "Gross Profit": 224,
        "Operating Income": 111,
        "EBIT": 138,
        "Net Income": 101
    },
    "2017-12-31": {
        "Diluted EPS": -0.76,
        "Total Revenue": 684,
        "Gross Profit": 208,
        "Operating Income": 70,
        "EBIT": 98,
        "Net Income": -67
    },
    "2017-09-30": {
        "Diluted EPS": 0.98,
        "Total Revenue": 645,
        "Gross Profit": 204,
        "Operating Income": 133,
        "EBIT": 160,
        "Net Income": 87
    },
    "2017-06-30": {
        "Diluted EPS": 0.54,
        "Total Revenue": 631,
        "Gross Profit": 205,
        "Operating Income": 59,
        "EBIT": 85,
        "Net Income": 48
    },
    "2017-03-31": {
        "Diluted EPS": 0.52,
        "Total Revenue": 626,
        "Gross Profit": 203,
        "Operating Income": 57,
        "EBIT": 82,
        "Net Income": 46
    },
    "2016-12-31": {
        "Diluted EPS": 0.3,
        "Total Revenue": 588,
        "Gross Profit": 176,
        "Operating Income": 41,
        "EBIT": 67,
        "Net Income": 26
    },
    "2016-09-30": {
        "Diluted EPS": 1.0,
        "Total Revenue": 582,
        "Gross Profit": 184,
        "Operating Income": 135,
        "EBIT": 160,
        "Net Income": 90
    },
    "2016-06-30": {
        "Diluted EPS": 0.36,
        "Total Revenue": 626,
        "Gross Profit": 206,
        "Operating Income": 50,
        "EBIT": 75,
        "Net Income": 33
    },
    "2016-03-31": {
        "Diluted EPS": 0.41,
        "Total Revenue": 609,
        "Gross Profit": 195,
        "Operating Income": 51,
        "EBIT": 76,
        "Net Income": 37
    },
    "2015-12-31": {
        "Diluted EPS": 0.39,
        "Total Revenue": 667,
        "Gross Profit": 201,
        "Operating Income": 54,
        "EBIT": 81,
        "Net Income": 37
    },
    "2015-09-30": {
        "Diluted EPS": 1.45,
        "Total Revenue": 602,
        "Gross Profit": 195,
        "Operating Income": 104,
        "EBIT": 125,
        "Net Income": 131
    },
    "2015-06-30": {
        "Diluted EPS": 1.58,
        "Total Revenue": 628,
        "Gross Profit": 214,
        "Operating Income": 165,
        "EBIT": 186,
        "Net Income": 142
    },
    "2015-03-31": {
        "Diluted EPS": 0.46,
        "Total Revenue": 589,
        "Gross Profit": 199,
        "Operating Income": 58,
        "EBIT": 79,
        "Net Income": 42
    },
    "2014-12-31": {
        "Diluted EPS": 0.37,
        "Total Revenue": 660,
        "Gross Profit": 217,
        "Operating Income": 44,
        "EBIT": 68,
        "Net Income": 34
    },
    "2014-09-30": {
        "Diluted EPS": 0.86,
        "Total Revenue": 657,
        "Gross Profit": 220,
        "Operating Income": 120,
        "EBIT": 142,
        "Net Income": 80
    },
    "2014-06-30": {
        "Diluted EPS": 0.41,
        "Total Revenue": 663,
        "Gross Profit": 215,
        "Operating Income": 55,
        "EBIT": 76,
        "Net Income": 38
    },
    "2014-03-31": {
        "Diluted EPS": 0.35,
        "Total Revenue": 675,
        "Gross Profit": 215,
        "Operating Income": 48,
        "EBIT": 69,
        "Net Income": 32
    },
    "2013-12-31": {
        "Diluted EPS": 0.1,
        "Total Revenue": 646,
        "Gross Profit": 209,
        "Operating Income": 28,
        "EBIT": 48,
        "Net Income": 11
    },
    "2013-09-30": {
        "Diluted EPS": 4.69,
        "Total Revenue": 634,
        "Gross Profit": 203,
        "Operating Income": 77,
        "EBIT": 99,
        "Net Income": 431
    },
    "2013-06-30": {
        "Diluted EPS": 0.28,
        "Total Revenue": 609,
        "Gross Profit": 198,
        "Operating Income": 41,
        "EBIT": 62,
        "Net Income": 26
    },
    "2013-03-31": {
        "Diluted EPS": 0.22,
        "Total Revenue": 608,
        "Gross Profit": 191,
        "Operating Income": 37,
        "EBIT": 62,
        "Net Income": 21
    },
    "2012-12-31": {
        "Diluted EPS": 0.34,
        "Total Revenue": 554,
        "Gross Profit": 173,
        "Operating Income": 21,
        "EBIT": 42,
        "Net Income": 32
    },
    "2012-09-30": {
        "Diluted EPS": 0.78,
        "Total Revenue": 548,
        "Gross Profit": 166,
        "Operating Income": 37,
        "EBIT": 54,
        "Net Income": 73
    },
    "2012-06-30": {
        "Diluted EPS": 0.18,
        "Total Revenue": 558,
        "Gross Profit": 170,
        "Operating Income": 57,
        "EBIT": 74,
        "Net Income": 17
    },
    "2012-03-31": {
        "Diluted EPS": 0.03,
        "Total Revenue": 568,
        "Gross Profit": 170,
        "Operating Income": 37,
        "EBIT": 53,
        "Net Income": 3
    },
    "2011-12-31": {
        "Diluted EPS": -5.7,
        "Total Revenue": 484,
        "Gross Profit": 187,
        "Operating Income": -270,
        "EBIT": -252,
        "Net Income": -529
    },
    "2011-09-30": {
        "Diluted EPS": 1.17,
        "Total Revenue": 516,
        "Gross Profit": 155,
        "Operating Income": -11,
        "EBIT": 6,
        "Net Income": 109
    },
    "2011-06-30": {
        "Diluted EPS": 1.82,
        "Total Revenue": 552,
        "Gross Profit": 176,
        "Operating Income": 47,
        "EBIT": 65,
        "Net Income": 170
    },
    "2011-03-31": {
        "Diluted EPS": 1.31,
        "Total Revenue": 533,
        "Gross Profit": 127,
        "Operating Income": -10,
        "EBIT": 8,
        "Net Income": 121
    },
    "2010-12-31": {
        "Diluted EPS": 2.88,
        "Total Revenue": NaN,
        "Gross Profit": 908,
        "Operating Income": 363,
        "EBIT": 213,
        "Net Income": 269
    },
    "2010-09-30": {
        "Diluted EPS": 1.56,
        "Total Revenue": NaN,
        "Gross Profit": 768,
        "Operating Income": -32,
        "EBIT": 42,
        "Net Income": 145
    },
    "2010-06-30": {
        "Diluted EPS": 2.56,
        "Total Revenue": NaN,
        "Gross Profit": 781,
        "Operating Income": 324,
        "EBIT": 396,
        "Net Income": 238
    },
    "2010-03-31": {
        "Diluted EPS": 1.58,
        "Total Revenue": NaN,
        "Gross Profit": 718,
        "Operating Income": 245,
        "EBIT": 313,
        "Net Income": 146
    },
    "2009-12-31": {
        "Diluted EPS": 2.16,
        "Total Revenue": NaN,
        "Gross Profit": 835,
        "Operating Income": 284,
        "EBIT": 135,
        "Net Income": 199
    },
    "2009-09-30": {
        "Diluted EPS": 0.64,
        "Total Revenue": NaN,
        "Gross Profit": 760,
        "Operating Income": 89,
        "EBIT": 163,
        "Net Income": 59
    },
    "2009-06-30": {
        "Diluted EPS": 2.2,
        "Total Revenue": NaN,
        "Gross Profit": 769,
        "Operating Income": 303,
        "EBIT": 377,
        "Net Income": 201
    },
    "2009-03-31": {
        "Diluted EPS": 2.02,
        "Total Revenue": NaN,
        "Gross Profit": 669,
        "Operating Income": 222,
        "EBIT": 288,
        "Net Income": 184
    },
    "2023-09-30": {
        "Tax Effect Of Unusual Items": NaN,
        "Tax Rate For Calcs": NaN,
        "Normalized EBITDA": NaN,
        "Total Unusual Items": 0.0,
        "Total Unusual Items Excluding Goodwill": 0.0,
        "Net Income From Continuing Operation Net Minority Interest": NaN,
        "Reconciled Depreciation": NaN,
        "Reconciled Cost Of Revenue": NaN,
        "EBITDA": NaN,
        "EBIT": NaN,
        "Net Interest Income": NaN,
        "Interest Expense": NaN,
        "Interest Income": NaN,
        "Normalized Income": NaN,
        "Net Income From Continuing And Discontinued Operation": NaN,
        "Total Expenses": NaN,
        "Total Operating Income As Reported": NaN,
        "Diluted Average Shares": NaN,
        "Basic Average Shares": NaN,
        "Diluted EPS": NaN,
        "Basic EPS": NaN,
        "Diluted NI Availto Com Stockholders": NaN,
        "Net Income Common Stockholders": NaN,
        "Net Income": NaN,
        "Minority Interests": NaN,
        "Net Income Including Noncontrolling Interests": NaN,
        "Net Income Discontinuous Operations": 0.0,
        "Net Income Continuous Operations": NaN,
        "Tax Provision": NaN,
        "Pretax Income": NaN,
        "Other Income Expense": 900000.0,
        "Other Non Operating Income Expenses": 900000.0,
        "Special Income Charges": 0.0,
        "Gain On Sale Of Business": 0.0,
        "Net Non Operating Interest Income Expense": NaN,
        "Interest Expense Non Operating": NaN,
        "Interest Income Non Operating": NaN,
        "Operating Income": NaN,
        "Operating Expense": NaN,
        "Research And Development": NaN,
        "Selling General And Administration": NaN,
        "Selling And Marketing Expense": NaN,
        "General And Administrative Expense": NaN,
        "Other Gand A": NaN,
        "Salaries And Wages": NaN,
        "Gross Profit": NaN,
        "Cost Of Revenue": NaN,
        "Total Revenue": NaN,
        "Operating Revenue": NaN
    },
    "2023-12-31": {
        "Tax Effect Of Unusual Items": NaN,
        "Tax Rate For Calcs": NaN,
        "Normalized EBITDA": NaN,
        "Total Unusual Items": NaN,
        "Total Unusual Items Excluding Goodwill": NaN,
        "Net Income From Continuing Operation Net Minority Interest": NaN,
        "Reconciled Depreciation": NaN,
        "Reconciled Cost Of Revenue": NaN,
        "EBITDA": NaN,
        "EBIT": NaN,
        "Net Interest Income": NaN,
        "Interest Expense": NaN,
        "Interest Income": NaN,
        "Normalized Income": NaN,
        "Net Income From Continuing And Discontinued Operation": NaN,
        "Total Expenses": NaN,
        "Total Operating Income As Reported": NaN,
        "Diluted Average Shares": NaN,
        "Basic Average Shares": NaN,
        "Diluted EPS": NaN,
        "Basic EPS": NaN,
        "Diluted NI Availto Com Stockholders": NaN,
        "Net Income Common Stockholders": NaN,
        "Net Income": NaN,
        "Minority Interests": NaN,
        "Net Income Including Noncontrolling Interests": NaN,
        "Net Income Discontinuous Operations": -900000.0,
        "Net Income Continuous Operations": NaN,
        "Tax Provision": NaN,
        "Pretax Income": NaN,
        "Other Income Expense": NaN,
        "Other Non Operating Income Expenses": NaN,
        "Special Income Charges": NaN,
        "Gain On Sale Of Business": NaN,
        "Net Non Operating Interest Income Expense": NaN,
        "Interest Expense Non Operating": NaN,
        "Interest Income Non Operating": NaN,
        "Operating Income": NaN,
        "Operating Expense": NaN,
        "Research And Development": NaN,
        "Selling General And Administration": NaN,
        "Selling And Marketing Expense": NaN,
        "General And Administrative Expense": NaN,
        "Other Gand A": NaN,
        "Salaries And Wages": NaN,
        "Gross Profit": NaN,
        "Cost Of Revenue": NaN,
        "Total Revenue": NaN,
        "Operating Revenue": NaN
    },
    "2024-03-31": {
        "Tax Effect Of Unusual Items": NaN,
        "Tax Rate For Calcs": NaN,
        "Normalized EBITDA": NaN,
        "Total Unusual Items": NaN,
        "Total Unusual Items Excluding Goodwill": NaN,
        "Net Income From Continuing Operation Net Minority Interest": NaN,
        "Reconciled Depreciation": NaN,
        "Reconciled Cost Of Revenue": NaN,
        "EBITDA": NaN,
        "EBIT": NaN,
        "Net Interest Income": NaN,
        "Interest Expense": NaN,
        "Interest Income": NaN,
        "Normalized Income": NaN,
        "Net Income From Continuing And Discontinued Operation": NaN,
        "Total Expenses": NaN,
        "Total Operating Income As Reported": NaN,
        "Diluted Average Shares": NaN,
        "Basic Average Shares": NaN,
        "Diluted EPS": NaN,
        "Basic EPS": NaN,
        "Diluted NI Availto Com Stockholders": NaN,
        "Net Income Common Stockholders": NaN,
        "Net Income": NaN,
        "Minority Interests": NaN,
        "Net Income Including Noncontrolling Interests": NaN,
        "Net Income Discontinuous Operations": NaN,
        "Net Income Continuous Operations": NaN,
        "Tax Provision": NaN,
        "Pretax Income": NaN,
        "Other Income Expense": NaN,
        "Other Non Operating Income Expenses": NaN,
        "Special Income Charges": NaN,
        "Gain On Sale Of Business": NaN,
        "Net Non Operating Interest Income Expense": NaN,
        "Interest Expense Non Operating": NaN,
        "Interest Income Non Operating": NaN,
        "Operating Income": NaN,
        "Operating Expense": NaN,
        "Research And Development": NaN,
        "Selling General And Administration": NaN,
        "Selling And Marketing Expense": NaN,
        "General And Administrative Expense": NaN,
        "Other Gand A": NaN,
        "Salaries And Wages": 0.0,
        "Gross Profit": NaN,
        "Cost Of Revenue": NaN,
        "Total Revenue": NaN,
        "Operating Revenue": NaN
    },
    "2024-06-30": {
        "Tax Effect Of Unusual Items": NaN,
        "Tax Rate For Calcs": NaN,
        "Normalized EBITDA": NaN,
        "Total Unusual Items": NaN,
        "Total Unusual Items Excluding Goodwill": NaN,
        "Net Income From Continuing Operation Net Minority Interest": NaN,
        "Reconciled Depreciation": NaN,
        "Reconciled Cost Of Revenue": NaN,
        "EBITDA": NaN,
        "EBIT": NaN,
        "Net Interest Income": NaN,
        "Interest Expense": NaN,
        "Interest Income": NaN,
        "Normalized Income": NaN,
        "Net Income From Continuing And Discontinued Operation": NaN,
        "Total Expenses": NaN,
        "Total Operating Income As Reported": NaN,
        "Diluted Average Shares": NaN,
        "Basic Average Shares": NaN,
        "Diluted EPS": NaN,
        "Basic EPS": NaN,
        "Diluted NI Availto Com Stockholders": NaN,
        "Net Income Common Stockholders": NaN,
        "Net Income": NaN,
        "Minority Interests": NaN,
        "Net Income Including Noncontrolling Interests": NaN,
        "Net Income Discontinuous Operations": NaN,
        "Net Income Continuous Operations": NaN,
        "Tax Provision": NaN,
        "Pretax Income": NaN,
        "Other Income Expense": NaN,
        "Other Non Operating Income Expenses": NaN,
        "Special Income Charges": NaN,
        "Gain On Sale Of Business": NaN,
        "Net Non Operating Interest Income Expense": NaN,
        "Interest Expense Non Operating": NaN,
        "Interest Income Non Operating": NaN,
        "Operating Income": NaN,
        "Operating Expense": NaN,
        "Research And Development": NaN,
        "Selling General And Administration": NaN,
        "Selling And Marketing Expense": NaN,
        "General And Administrative Expense": NaN,
        "Other Gand A": NaN,
        "Salaries And Wages": -200000.0,
        "Gross Profit": NaN,
        "Cost Of Revenue": NaN,
        "Total Revenue": NaN,
        "Operating Revenue": NaN
    },
    "2024-09-30": {
        "Tax Effect Of Unusual Items": 9082000.0,
        "Tax Rate For Calcs": 0.19,
        "Normalized EBITDA": 197300000.0,
        "Total Unusual Items": 47800000.0,
        "Total Unusual Items Excluding Goodwill": 47800000.0,
        "Net Income From Continuing Operation Net Minority Interest": 161800000.0,
        "Reconciled Depreciation": 34700000.0,
        "Reconciled Cost Of Revenue": 570500000.0,
        "EBITDA": 245100000.0,
        "EBIT": 210400000.0,
        "Net Interest Income": -8400000.0,
        "Interest Expense": 10000000.0,
        "Interest Income": 1600000.0,
        "Normalized Income": 123082000.0,
        "Net Income From Continuing And Discontinued Operation": 161600000.0,
        "Total Expenses": 724400000.0,
        "Total Operating Income As Reported": 208600000.0,
        "Diluted Average Shares": NaN,
        "Basic Average Shares": NaN,
        "Diluted EPS": NaN,
        "Basic EPS": NaN,
        "Diluted NI Availto Com Stockholders": 161600000.0,
        "Net Income Common Stockholders": 161600000.0,
        "Net Income": 161600000.0,
        "Minority Interests": -600000.0,
        "Net Income Including Noncontrolling Interests": 162200000.0,
        "Net Income Discontinuous Operations": -200000.0,
        "Net Income Continuous Operations": 162400000.0,
        "Tax Provision": 38000000.0,
        "Pretax Income": 200400000.0,
        "Other Income Expense": 48000000.0,
        "Other Non Operating Income Expenses": 200000.0,
        "Special Income Charges": 47800000.0,
        "Gain On Sale Of Business": 47800000.0,
        "Net Non Operating Interest Income Expense": -8400000.0,
        "Interest Expense Non Operating": 10000000.0,
        "Interest Income Non Operating": 1600000.0,
        "Operating Income": 160800000.0,
        "Operating Expense": 153900000.0,
        "Research And Development": 28600000.0,
        "Selling General And Administration": 125300000.0,
        "Selling And Marketing Expense": 50500000.0,
        "General And Administrative Expense": 74800000.0,
        "Other Gand A": 74800000.0,
        "Salaries And Wages": NaN,
        "Gross Profit": 314700000.0,
        "Cost Of Revenue": 570500000.0,
        "Total Revenue": 885200000.0,
        "Operating Revenue": 885200000.0
    },
    "2024-12-31": {
        "Tax Effect Of Unusual Items": -74148.296593,
        "Tax Rate For Calcs": 0.148297,
        "Normalized EBITDA": 198300000.0,
        "Total Unusual Items": -500000.0,
        "Total Unusual Items Excluding Goodwill": -500000.0,
        "Net Income From Continuing Operation Net Minority Interest": 126900000.0,
        "Reconciled Depreciation": 36600000.0,
        "Reconciled Cost Of Revenue": 612600000.0,
        "EBITDA": 197800000.0,
        "EBIT": 161200000.0,
        "Net Interest Income": -9900000.0,
        "Interest Expense": 11500000.0,
        "Interest Income": 1600000.0,
        "Normalized Income": 127325851.703407,
        "Net Income From Continuing And Discontinued Operation": 127000000.0,
        "Total Expenses": 768600000.0,
        "Total Operating Income As Reported": 159900000.0,
        "Diluted Average Shares": 82000000.0,
        "Basic Average Shares": 81500000.0,
        "Diluted EPS": 1.55,
        "Basic EPS": 1.56,
        "Diluted NI Availto Com Stockholders": 127000000.0,
        "Net Income Common Stockholders": 127000000.0,
        "Net Income": 127000000.0,
        "Minority Interests": -600000.0,
        "Net Income Including Noncontrolling Interests": 127600000.0,
        "Net Income Discontinuous Operations": 100000.0,
        "Net Income Continuous Operations": 127500000.0,
        "Tax Provision": 22200000.0,
        "Pretax Income": 149700000.0,
        "Other Income Expense": -800000.0,
        "Other Non Operating Income Expenses": -300000.0,
        "Special Income Charges": -500000.0,
        "Gain On Sale Of Business": 0.0,
        "Net Non Operating Interest Income Expense": -9900000.0,
        "Interest Expense Non Operating": 11500000.0,
        "Interest Income Non Operating": 1600000.0,
        "Operating Income": 160400000.0,
        "Operating Expense": 156000000.0,
        "Research And Development": 28000000.0,
        "Selling General And Administration": 128000000.0,
        "Selling And Marketing Expense": 54500000.0,
        "General And Administrative Expense": 73500000.0,
        "Other Gand A": 73500000.0,
        "Salaries And Wages": NaN,
        "Gross Profit": 316400000.0,
        "Cost Of Revenue": 612600000.0,
        "Total Revenue": 929000000.0,
        "Operating Revenue": 929000000.0
    },
    "2025-03-31": {
        "Tax Effect Of Unusual Items": 0.0,
        "Tax Rate For Calcs": 0.244,
        "Normalized EBITDA": 190800000.0,
        "Total Unusual Items": NaN,
        "Total Unusual Items Excluding Goodwill": NaN,
        "Net Income From Continuing Operation Net Minority Interest": 108400000.0,
        "Reconciled Depreciation": 37200000.0,
        "Reconciled Cost Of Revenue": 596700000.0,
        "EBITDA": 190800000.0,
        "EBIT": 153600000.0,
        "Net Interest Income": -7600000.0,
        "Interest Expense": 9300000.0,
        "Interest Income": 1700000.0,
        "Normalized Income": 108400000.0,
        "Net Income From Continuing And Discontinued Operation": 108400000.0,
        "Total Expenses": 762100000.0,
        "Total Operating Income As Reported": 150900000.0,
        "Diluted Average Shares": 81700000.0,
        "Basic Average Shares": 81300000.0,
        "Diluted EPS": 1.33,
        "Basic EPS": 1.33,
        "Diluted NI Availto Com Stockholders": 108400000.0,
        "Net Income Common Stockholders": 108400000.0,
        "Net Income": 108400000.0,
        "Minority Interests": -700000.0,
        "Net Income Including Noncontrolling Interests": 109100000.0,
        "Net Income Discontinuous Operations": NaN,
        "Net Income Continuous Operations": 109100000.0,
        "Tax Provision": 35200000.0,
        "Pretax Income": 144300000.0,
        "Other Income Expense": 1000000.0,
        "Other Non Operating Income Expenses": 1000000.0,
        "Special Income Charges": NaN,
        "Gain On Sale Of Business": NaN,
        "Net Non Operating Interest Income Expense": -7600000.0,
        "Interest Expense Non Operating": 9300000.0,
        "Interest Income Non Operating": 1700000.0,
        "Operating Income": 150900000.0,
        "Operating Expense": 165400000.0,
        "Research And Development": 26900000.0,
        "Selling General And Administration": 138500000.0,
        "Selling And Marketing Expense": 53200000.0,
        "General And Administrative Expense": 85300000.0,
        "Other Gand A": 85300000.0,
        "Salaries And Wages": NaN,
        "Gross Profit": 316300000.0,
        "Cost Of Revenue": 596700000.0,
        "Total Revenue": 913000000.0,
        "Operating Revenue": 913000000.0
    },
    "2025-06-30": {
        "Tax Effect Of Unusual Items": 0.0,
        "Tax Rate For Calcs": 0.259,
        "Normalized EBITDA": 212300000.0,
        "Total Unusual Items": NaN,
        "Total Unusual Items Excluding Goodwill": NaN,
        "Net Income From Continuing Operation Net Minority Interest": 121000000.0,
        "Reconciled Depreciation": 35500000.0,
        "Reconciled Cost Of Revenue": 625600000.0,
        "EBITDA": 212300000.0,
        "EBIT": 176800000.0,
        "Net Interest Income": -10200000.0,
        "Interest Expense": 12600000.0,
        "Interest Income": 2400000.0,
        "Normalized Income": 121000000.0,
        "Net Income From Continuing And Discontinued Operation": 121000000.0,
        "Total Expenses": 797300000.0,
        "Total Operating Income As Reported": 175100000.0,
        "Diluted Average Shares": 79400000.0,
        "Basic Average Shares": 79000000.0,
        "Diluted EPS": 1.52,
        "Basic EPS": 1.53,
        "Diluted NI Availto Com Stockholders": 121000000.0,
        "Net Income Common Stockholders": 121000000.0,
        "Net Income": 121000000.0,
        "Minority Interests": -700000.0,
        "Net Income Including Noncontrolling Interests": 121700000.0,
        "Net Income Discontinuous Operations": NaN,
        "Net Income Continuous Operations": 121700000.0,
        "Tax Provision": 42500000.0,
        "Pretax Income": 164200000.0,
        "Other Income Expense": -700000.0,
        "Other Non Operating Income Expenses": -700000.0,
        "Special Income Charges": NaN,
        "Gain On Sale Of Business": NaN,
        "Net Non Operating Interest Income Expense": -10200000.0,
        "Interest Expense Non Operating": 12600000.0,
        "Interest Income Non Operating": 2400000.0,
        "Operating Income": 175100000.0,
        "Operating Expense": 171700000.0,
        "Research And Development": 29000000.0,
        "Selling General And Administration": 142700000.0,
        "Selling And Marketing Expense": 57000000.0,
        "General And Administrative Expense": 85700000.0,
        "Other Gand A": 85700000.0,
        "Salaries And Wages": NaN,
        "Gross Profit": 346800000.0,
        "Cost Of Revenue": 625600000.0,
        "Total Revenue": 972400000.0,
        "Operating Revenue": 972400000.0
    },
    "2025-09-30": {
        "Tax Effect Of Unusual Items": 0.0,
        "Tax Rate For Calcs": 0.257,
        "Normalized EBITDA": 219400000.0,
        "Total Unusual Items": 0.0,
        "Total Unusual Items Excluding Goodwill": 0.0,
        "Net Income From Continuing Operation Net Minority Interest": 127000000.0,
        "Reconciled Depreciation": 35200000.0,
        "Reconciled Cost Of Revenue": 643900000.0,
        "EBITDA": 219400000.0,
        "EBIT": 184200000.0,
        "Net Interest Income": -10200000.0,
        "Interest Expense": 11700000.0,
        "Interest Income": 1500000.0,
        "Normalized Income": 127000000.0,
        "Net Income From Continuing And Discontinued Operation": 126900000.0,
        "Total Expenses": 819300000.0,
        "Total Operating Income As Reported": 179800000.0,
        "Diluted Average Shares": 78400000.0,
        "Basic Average Shares": 78000000.0,
        "Diluted EPS": 1.62,
        "Basic EPS": 1.63,
        "Diluted NI Availto Com Stockholders": 126900000.0,
        "Net Income Common Stockholders": 126900000.0,
        "Net Income": 126900000.0,
        "Minority Interests": -1200000.0,
        "Net Income Including Noncontrolling Interests": 128100000.0,
        "Net Income Discontinuous Operations": -100000.0,
        "Net Income Continuous Operations": 128200000.0,
        "Tax Provision": 44300000.0,
        "Pretax Income": 172500000.0,
        "Other Income Expense": 2900000.0,
        "Other Non Operating Income Expenses": 2900000.0,
        "Special Income Charges": 0.0,
        "Gain On Sale Of Business": 0.0,
        "Net Non Operating Interest Income Expense": -10200000.0,
        "Interest Expense Non Operating": 11700000.0,
        "Interest Income Non Operating": 1500000.0,
        "Operating Income": 179800000.0,
        "Operating Expense": 175400000.0,
        "Research And Development": 28100000.0,
        "Selling General And Administration": 147300000.0,
        "Selling And Marketing Expense": 57500000.0,
        "General And Administrative Expense": 89800000.0,
        "Other Gand A": 89800000.0,
        "Salaries And Wages": NaN,
        "Gross Profit": 355200000.0,
        "Cost Of Revenue": 643900000.0,
        "Total Revenue": 999100000.0,
        "Operating Revenue": 999100000.0
    },
    "2025-12-31": {
        "Tax Effect Of Unusual Items": NaN,
        "Tax Rate For Calcs": NaN,
        "Normalized EBITDA": NaN,
        "Total Unusual Items": NaN,
        "Total Unusual Items Excluding Goodwill": NaN,
        "Net Income From Continuing Operation Net Minority Interest": NaN,
        "Reconciled Depreciation": NaN,
        "Reconciled Cost Of Revenue": NaN,
        "EBITDA": NaN,
        "EBIT": NaN,
        "Net Interest Income": NaN,
        "Interest Expense": NaN,
        "Interest Income": NaN,
        "Normalized Income": NaN,
        "Net Income From Continuing And Discontinued Operation": NaN,
        "Total Expenses": NaN,
        "Total Operating Income As Reported": NaN,
        "Diluted Average Shares": 80300000.0,
        "Basic Average Shares": 79800000.0,
        "Diluted EPS": 1.64,
        "Basic EPS": 1.65,
        "Diluted NI Availto Com Stockholders": NaN,
        "Net Income Common Stockholders": NaN,
        "Net Income": NaN,
        "Minority Interests": NaN,
        "Net Income Including Noncontrolling Interests": NaN,
        "Net Income Discontinuous Operations": NaN,
        "Net Income Continuous Operations": NaN,
        "Tax Provision": NaN,
        "Pretax Income": NaN,
        "Other Income Expense": NaN,
        "Other Non Operating Income Expenses": NaN,
        "Special Income Charges": NaN,
        "Gain On Sale Of Business": NaN,
        "Net Non Operating Interest Income Expense": NaN,
        "Interest Expense Non Operating": NaN,
        "Interest Income Non Operating": NaN,
        "Operating Income": NaN,
        "Operating Expense": NaN,
        "Research And Development": NaN,
        "Selling General And Administration": NaN,
        "Selling And Marketing Expense": NaN,
        "General And Administrative Expense": NaN,
        "Other Gand A": NaN,
        "Salaries And Wages": NaN,
        "Gross Profit": NaN,
        "Cost Of Revenue": NaN,
        "Total Revenue": NaN,
        "Operating Revenue": NaN
    }
}