{
    "2023-03-31": {
        "Tax Effect Of Unusual Items": NaN,
        "Tax Rate For Calcs": NaN,
        "Normalized EBITDA": NaN,
        "Total Unusual Items": -78000.0,
        "Total Unusual Items Excluding Goodwill": -78000.0,
        "Net Income From Continuing Operation Net Minority Interest": NaN,
        "Reconciled Depreciation": NaN,
        "Reconciled Cost Of Revenue": NaN,
        "EBITDA": NaN,
        "EBIT": NaN,
        "Net Interest Income": NaN,
        "Interest Income": NaN,
        "Normalized Income": NaN,
        "Net Income From Continuing And Discontinued Operation": NaN,
        "Total Expenses": NaN,
        "Total Operating Income As Reported": NaN,
        "Diluted Average Shares": NaN,
        "Basic Average Shares": NaN,
        "Diluted EPS": NaN,
        "Basic EPS": NaN,
        "Diluted NI Availto Com Stockholders": NaN,
        "Net Income Common Stockholders": NaN,
        "Net Income": NaN,
        "Net Income Including Noncontrolling Interests": NaN,
        "Net Income Discontinuous Operations": NaN,
        "Net Income Continuous Operations": NaN,
        "Tax Provision": NaN,
        "Pretax Income": NaN,
        "Other Income Expense": -38000.0,
        "Other Non Operating Income Expenses": NaN,
        "Gain On Sale Of Security": -78000.0,
        "Net Non Operating Interest Income Expense": NaN,
        "Interest Income Non Operating": NaN,
        "Operating Income": NaN,
        "Operating Expense": NaN,
        "Research And Development": NaN,
        "Selling General And Administration": NaN,
        "Gross Profit": NaN,
        "Cost Of Revenue": NaN,
        "Total Revenue": NaN,
        "Operating Revenue": NaN
    },
    "2022-12-31": {
        "Tax Effect Of Unusual Items": NaN,
        "Tax Rate For Calcs": NaN,
        "Normalized EBITDA": NaN,
        "Total Unusual Items": NaN,
        "Total Unusual Items Excluding Goodwill": NaN,
        "Net Income From Continuing Operation Net Minority Interest": NaN,
        "Reconciled Depreciation": NaN,
        "Reconciled Cost Of Revenue": NaN,
        "EBITDA": NaN,
        "EBIT": NaN,
        "Net Interest Income": NaN,
        "Interest Income": NaN,
        "Normalized Income": NaN,
        "Net Income From Continuing And Discontinued Operation": NaN,
        "Total Expenses": NaN,
        "Total Operating Income As Reported": NaN,
        "Diluted Average Shares": NaN,
        "Basic Average Shares": NaN,
        "Diluted EPS": NaN,
        "Basic EPS": NaN,
        "Diluted NI Availto Com Stockholders": NaN,
        "Net Income Common Stockholders": NaN,
        "Net Income": NaN,
        "Net Income Including Noncontrolling Interests": NaN,
        "Net Income Discontinuous Operations": NaN,
        "Net Income Continuous Operations": NaN,
        "Tax Provision": NaN,
        "Pretax Income": NaN,
        "Other Income Expense": -305000.0,
        "Other Non Operating Income Expenses": NaN,
        "Gain On Sale Of Security": NaN,
        "Net Non Operating Interest Income Expense": NaN,
        "Interest Income Non Operating": NaN,
        "Operating Income": NaN,
        "Operating Expense": NaN,
        "Research And Development": NaN,
        "Selling General And Administration": NaN,
        "Gross Profit": NaN,
        "Cost Of Revenue": NaN,
        "Total Revenue": NaN,
        "Operating Revenue": NaN
    },
    "2022-09-30": {
        "Tax Effect Of Unusual Items": NaN,
        "Tax Rate For Calcs": NaN,
        "Normalized EBITDA": NaN,
        "Total Unusual Items": 13000.0,
        "Total Unusual Items Excluding Goodwill": 13000.0,
        "Net Income From Continuing Operation Net Minority Interest": NaN,
        "Reconciled Depreciation": NaN,
        "Reconciled Cost Of Revenue": NaN,
        "EBITDA": NaN,
        "EBIT": NaN,
        "Net Interest Income": NaN,
        "Interest Income": NaN,
        "Normalized Income": NaN,
        "Net Income From Continuing And Discontinued Operation": NaN,
        "Total Expenses": NaN,
        "Total Operating Income As Reported": NaN,
        "Diluted Average Shares": NaN,
        "Basic Average Shares": NaN,
        "Diluted EPS": NaN,
        "Basic EPS": NaN,
        "Diluted NI Availto Com Stockholders": NaN,
        "Net Income Common Stockholders": NaN,
        "Net Income": NaN,
        "Net Income Including Noncontrolling Interests": NaN,
        "Net Income Discontinuous Operations": NaN,
        "Net Income Continuous Operations": NaN,
        "Tax Provision": NaN,
        "Pretax Income": NaN,
        "Other Income Expense": NaN,
        "Other Non Operating Income Expenses": NaN,
        "Gain On Sale Of Security": 13000.0,
        "Net Non Operating Interest Income Expense": NaN,
        "Interest Income Non Operating": NaN,
        "Operating Income": NaN,
        "Operating Expense": NaN,
        "Research And Development": NaN,
        "Selling General And Administration": NaN,
        "Gross Profit": NaN,
        "Cost Of Revenue": NaN,
        "Total Revenue": NaN,
        "Operating Revenue": NaN
    },
    "2022-06-30": {
        "Tax Effect Of Unusual Items": 0.0,
        "Tax Rate For Calcs": 0.4,
        "Normalized EBITDA": -2397000.0,
        "Total Unusual Items": 140000.0,
        "Total Unusual Items Excluding Goodwill": 140000.0,
        "Net Income From Continuing Operation Net Minority Interest": -2580000.0,
        "Reconciled Depreciation": 331000.0,
        "Reconciled Cost Of Revenue": 4820000.0,
        "EBITDA": -2397000.0,
        "EBIT": -2397000.0,
        "Net Interest Income": 317000.0,
        "Interest Income": 317000.0,
        "Normalized Income": -2580000.0,
        "Net Income From Continuing And Discontinued Operation": -2818000.0,
        "Total Expenses": 11704000.0,
        "Total Operating Income As Reported": -2397000.0,
        "Diluted Average Shares": 25141000.0,
        "Basic Average Shares": 25141000.0,
        "Diluted EPS": -0.11,
        "Basic EPS": -0.11,
        "Diluted NI Availto Com Stockholders": -2818000.0,
        "Net Income Common Stockholders": -2818000.0,
        "Net Income": -2818000.0,
        "Net Income Including Noncontrolling Interests": -2818000.0,
        "Net Income Discontinuous Operations": -238000.0,
        "Net Income Continuous Operations": -2580000.0,
        "Tax Provision": 500000.0,
        "Pretax Income": -2080000.0,
        "Other Income Expense": 151000.0,
        "Other Non Operating Income Expenses": 11000.0,
        "Gain On Sale Of Security": 140000.0,
        "Net Non Operating Interest Income Expense": 317000.0,
        "Interest Income Non Operating": 317000.0,
        "Operating Income": -2397000.0,
        "Operating Expense": 6884000.0,
        "Research And Development": 2868000.0,
        "Selling General And Administration": 4016000.0,
        "Gross Profit": 4487000.0,
        "Cost Of Revenue": 4820000.0,
        "Total Revenue": 9307000.0,
        "Operating Revenue": 9307000.0
    },
    "2023-06-30": {
        "Tax Effect Of Unusual Items": NaN,
        "Tax Rate For Calcs": NaN,
        "Normalized EBITDA": NaN,
        "Total Unusual Items": NaN,
        "Total Unusual Items Excluding Goodwill": NaN,
        "Net Income From Continuing Operation Net Minority Interest": NaN,
        "Reconciled Depreciation": NaN,
        "Reconciled Cost Of Revenue": NaN,
        "EBITDA": NaN,
        "EBIT": NaN,
        "Net Interest Income": NaN,
        "Interest Expense": NaN,
        "Interest Income": NaN,
        "Normalized Income": NaN,
        "Net Income From Continuing And Discontinued Operation": NaN,
        "Total Expenses": NaN,
        "Total Operating Income As Reported": NaN,
        "Diluted Average Shares": NaN,
        "Basic Average Shares": NaN,
        "Diluted EPS": NaN,
        "Basic EPS": NaN,
        "Diluted NI Availto Com Stockholders": NaN,
        "Net Income Common Stockholders": NaN,
        "Net Income": NaN,
        "Net Income Including Noncontrolling Interests": NaN,
        "Net Income Discontinuous Operations": NaN,
        "Net Income Continuous Operations": NaN,
        "Tax Provision": NaN,
        "Pretax Income": NaN,
        "Other Income Expense": NaN,
        "Other Non Operating Income Expenses": NaN,
        "Gain On Sale Of Security": 59000.0,
        "Net Non Operating Interest Income Expense": NaN,
        "Interest Expense Non Operating": NaN,
        "Interest Income Non Operating": NaN,
        "Operating Income": NaN,
        "Operating Expense": NaN,
        "Research And Development": NaN,
        "Selling General And Administration": NaN,
        "Gross Profit": NaN,
        "Cost Of Revenue": NaN,
        "Total Revenue": NaN,
        "Operating Revenue": NaN
    },
    "2022-03-31": {
        "Diluted EPS": -0.32,
        "Total Revenue": 4,
        "Gross Profit": 1,
        "Operating Income": -8,
        "EBIT": -7,
        "Net Income": -8
    },
    "2021-12-31": {
        "Diluted EPS": 1.78,
        "Total Revenue": 16,
        "Gross Profit": 1,
        "Operating Income": -7,
        "EBIT": -6,
        "Net Income": 43
    },
    "2021-09-30": {
        "Diluted EPS": -0.17,
        "Total Revenue": 8,
        "Gross Profit": 3,
        "Operating Income": -4,
        "EBIT": -3,
        "Net Income": -4
    },
    "2021-06-30": {
        "Diluted EPS": -0.25,
        "Total Revenue": 5,
        "Gross Profit": 1,
        "Operating Income": -6,
        "EBIT": -6,
        "Net Income": -6
    },
    "2021-03-31": {
        "Diluted EPS": -0.27,
        "Total Revenue": 9,
        "Gross Profit": 2,
        "Operating Income": -6,
        "EBIT": -5,
        "Net Income": -7
    },
    "2020-12-31": {
        "Diluted EPS": 0.05,
        "Total Revenue": -17,
        "Gross Profit": -6,
        "Operating Income": -10,
        "EBIT": -9,
        "Net Income": 1
    },
    "2020-09-30": {
        "Diluted EPS": -0.02,
        "Total Revenue": 22,
        "Gross Profit": 9,
        "Operating Income": 0,
        "EBIT": 1,
        "Net Income": 0
    },
    "2020-06-30": {
        "Diluted EPS": 0.06,
        "Total Revenue": 29,
        "Gross Profit": 11,
        "Operating Income": 2,
        "EBIT": 3,
        "Net Income": 2
    },
    "2020-03-31": {
        "Diluted EPS": -0.05,
        "Total Revenue": 19,
        "Gross Profit": 8,
        "Operating Income": -1,
        "EBIT": 0,
        "Net Income": -1
    },
    "2019-12-31": {
        "Diluted EPS": 0.22,
        "Total Revenue": 35,
        "Gross Profit": 16,
        "Operating Income": 7,
        "EBIT": 8,
        "Net Income": 5
    },
    "2019-09-30": {
        "Diluted EPS": -0.02,
        "Total Revenue": 26,
        "Gross Profit": 9,
        "Operating Income": 0,
        "EBIT": 0,
        "Net Income": 0
    },
    "2019-06-30": {
        "Diluted EPS": -0.05,
        "Total Revenue": 22,
        "Gross Profit": 8,
        "Operating Income": -1,
        "EBIT": 0,
        "Net Income": -1
    },
    "2019-03-31": {
        "Diluted EPS": -0.1,
        "Total Revenue": 25,
        "Gross Profit": 7,
        "Operating Income": -2,
        "EBIT": -1,
        "Net Income": -2
    },
    "2018-12-31": {
        "Diluted EPS": 0.45,
        "Total Revenue": 32,
        "Gross Profit": 11,
        "Operating Income": 2,
        "EBIT": 3,
        "Net Income": 10
    },
    "2018-09-30": {
        "Diluted EPS": -0.05,
        "Total Revenue": 19,
        "Gross Profit": 7,
        "Operating Income": -1,
        "EBIT": 0,
        "Net Income": -1
    },
    "2018-06-30": {
        "Diluted EPS": -0.01,
        "Total Revenue": 26,
        "Gross Profit": 10,
        "Operating Income": 0,
        "EBIT": 2,
        "Net Income": 0
    },
    "2018-03-31": {
        "Diluted EPS": -0.23,
        "Total Revenue": 18,
        "Gross Profit": 5,
        "Operating Income": -5,
        "EBIT": -4,
        "Net Income": -5
    },
    "2017-12-31": {
        "Diluted EPS": 0.0,
        "Total Revenue": 25,
        "Gross Profit": 10,
        "Operating Income": 0,
        "EBIT": 1,
        "Net Income": 0
    },
    "2017-09-30": {
        "Diluted EPS": 0.05,
        "Total Revenue": 27,
        "Gross Profit": 11,
        "Operating Income": 1,
        "EBIT": 2,
        "Net Income": 1
    },
    "2017-06-30": {
        "Diluted EPS": 0.05,
        "Total Revenue": 31,
        "Gross Profit": 11,
        "Operating Income": 1,
        "EBIT": 2,
        "Net Income": 1
    },
    "2017-03-31": {
        "Diluted EPS": 0.08,
        "Total Revenue": 30,
        "Gross Profit": 13,
        "Operating Income": 2,
        "EBIT": 3,
        "Net Income": 2
    },
    "2016-12-31": {
        "Diluted EPS": 0.14,
        "Total Revenue": 29,
        "Gross Profit": 12,
        "Operating Income": 3,
        "EBIT": 4,
        "Net Income": 3
    },
    "2016-09-30": {
        "Diluted EPS": -0.02,
        "Total Revenue": 23,
        "Gross Profit": 9,
        "Operating Income": 0,
        "EBIT": 1,
        "Net Income": 0
    },
    "2016-06-30": {
        "Diluted EPS": -0.17,
        "Total Revenue": 15,
        "Gross Profit": 6,
        "Operating Income": -4,
        "EBIT": -2,
        "Net Income": -3
    },
    "2016-03-31": {
        "Diluted EPS": -0.31,
        "Total Revenue": 14,
        "Gross Profit": 4,
        "Operating Income": -6,
        "EBIT": -5,
        "Net Income": -6
    },
    "2015-12-31": {
        "Diluted EPS": -0.12,
        "Total Revenue": 16,
        "Gross Profit": 7,
        "Operating Income": -2,
        "EBIT": -1,
        "Net Income": -3
    },
    "2015-09-30": {
        "Diluted EPS": -0.17,
        "Total Revenue": 18,
        "Gross Profit": 5,
        "Operating Income": -4,
        "EBIT": -3,
        "Net Income": -4
    },
    "2015-06-30": {
        "Diluted EPS": 0.0,
        "Total Revenue": 20,
        "Gross Profit": 8,
        "Operating Income": 0,
        "EBIT": 2,
        "Net Income": 0
    },
    "2015-03-31": {
        "Diluted EPS": -0.12,
        "Total Revenue": 20,
        "Gross Profit": 7,
        "Operating Income": -3,
        "EBIT": -2,
        "Net Income": -3
    },
    "2014-12-31": {
        "Diluted EPS": -0.61,
        "Total Revenue": 19,
        "Gross Profit": 3,
        "Operating Income": -5,
        "EBIT": -4,
        "Net Income": -14
    },
    "2014-09-30": {
        "Diluted EPS": -0.15,
        "Total Revenue": 15,
        "Gross Profit": 5,
        "Operating Income": -4,
        "EBIT": -3,
        "Net Income": -4
    },
    "2014-06-30": {
        "Diluted EPS": -0.21,
        "Total Revenue": 15,
        "Gross Profit": 5,
        "Operating Income": -5,
        "EBIT": -4,
        "Net Income": -5
    },
    "2014-03-31": {
        "Diluted EPS": -0.19,
        "Total Revenue": 17,
        "Gross Profit": 5,
        "Operating Income": -5,
        "EBIT": -3,
        "Net Income": -5
    },
    "2013-12-31": {
        "Diluted EPS": 0.07,
        "Total Revenue": 21,
        "Gross Profit": 8,
        "Operating Income": 1,
        "EBIT": 3,
        "Net Income": 2
    },
    "2013-09-30": {
        "Diluted EPS": -0.11,
        "Total Revenue": 19,
        "Gross Profit": 7,
        "Operating Income": -3,
        "EBIT": -2,
        "Net Income": -3
    },
    "2013-06-30": {
        "Diluted EPS": -0.27,
        "Total Revenue": 17,
        "Gross Profit": 4,
        "Operating Income": -7,
        "EBIT": -6,
        "Net Income": -6
    },
    "2013-03-31": {
        "Diluted EPS": -0.35,
        "Total Revenue": 13,
        "Gross Profit": 4,
        "Operating Income": -9,
        "EBIT": -8,
        "Net Income": -8
    },
    "2012-12-31": {
        "Diluted EPS": -1.83,
        "Total Revenue": 17,
        "Gross Profit": 7,
        "Operating Income": -24,
        "EBIT": -4,
        "Net Income": -43
    },
    "2012-09-30": {
        "Diluted EPS": -0.34,
        "Total Revenue": 17,
        "Gross Profit": 6,
        "Operating Income": -11,
        "EBIT": -10,
        "Net Income": -8
    },
    "2012-06-30": {
        "Diluted EPS": -0.06,
        "Total Revenue": 32,
        "Gross Profit": 14,
        "Operating Income": -1,
        "EBIT": 1,
        "Net Income": -1
    },
    "2012-03-31": {
        "Diluted EPS": -0.14,
        "Total Revenue": 17,
        "Gross Profit": 7,
        "Operating Income": -7,
        "EBIT": -5,
        "Net Income": -3
    },
    "2011-12-31": {
        "Diluted EPS": -0.27,
        "Total Revenue": 19,
        "Gross Profit": 6,
        "Operating Income": -8,
        "EBIT": -7,
        "Net Income": -6
    },
    "2011-09-30": {
        "Diluted EPS": -0.27,
        "Total Revenue": 19,
        "Gross Profit": 8,
        "Operating Income": -8,
        "EBIT": -6,
        "Net Income": -6
    },
    "2011-06-30": {
        "Diluted EPS": -0.11,
        "Total Revenue": 28,
        "Gross Profit": 10,
        "Operating Income": -5,
        "EBIT": -3,
        "Net Income": -3
    },
    "2011-03-31": {
        "Diluted EPS": -0.31,
        "Total Revenue": 17,
        "Gross Profit": 6,
        "Operating Income": -10,
        "EBIT": -8,
        "Net Income": -7
    },
    "2010-12-31": {
        "Diluted EPS": 0.04,
        "Total Revenue": 36,
        "Gross Profit": 15,
        "Operating Income": 0,
        "EBIT": 1,
        "Net Income": 1
    },
    "2010-09-30": {
        "Diluted EPS": 0.58,
        "Total Revenue": 65,
        "Gross Profit": 30,
        "Operating Income": 15,
        "EBIT": 17,
        "Net Income": 13
    },
    "2010-06-30": {
        "Diluted EPS": 0.54,
        "Total Revenue": 69,
        "Gross Profit": 29,
        "Operating Income": 14,
        "EBIT": 16,
        "Net Income": 12
    },
    "2010-03-31": {
        "Diluted EPS": 0.06,
        "Total Revenue": 33,
        "Gross Profit": 14,
        "Operating Income": 1,
        "EBIT": 3,
        "Net Income": 1
    },
    "2009-12-31": {
        "Diluted EPS": 0.08,
        "Total Revenue": 34,
        "Gross Profit": 15,
        "Operating Income": 4,
        "EBIT": 6,
        "Net Income": 2
    },
    "2009-09-30": {
        "Diluted EPS": -0.08,
        "Total Revenue": 19,
        "Gross Profit": 9,
        "Operating Income": -4,
        "EBIT": -2,
        "Net Income": -2
    },
    "2009-06-30": {
        "Diluted EPS": -0.2,
        "Total Revenue": 12,
        "Gross Profit": 5,
        "Operating Income": -8,
        "EBIT": -7,
        "Net Income": -4
    },
    "2009-03-31": {
        "Diluted EPS": -0.26,
        "Total Revenue": 12,
        "Gross Profit": 4,
        "Operating Income": -9,
        "EBIT": -8,
        "Net Income": -6
    },
    "2023-09-30": {
        "Tax Effect Of Unusual Items": NaN,
        "Tax Rate For Calcs": NaN,
        "Normalized EBITDA": NaN,
        "Total Unusual Items": -51000.0,
        "Total Unusual Items Excluding Goodwill": -51000.0,
        "Net Income From Continuing Operation Net Minority Interest": NaN,
        "Reconciled Depreciation": NaN,
        "Reconciled Cost Of Revenue": NaN,
        "EBITDA": NaN,
        "EBIT": NaN,
        "Net Interest Income": NaN,
        "Interest Expense": NaN,
        "Interest Income": NaN,
        "Normalized Income": NaN,
        "Net Income From Continuing And Discontinued Operation": NaN,
        "Total Expenses": NaN,
        "Total Operating Income As Reported": NaN,
        "Diluted Average Shares": 26287000.0,
        "Basic Average Shares": 26287000.0,
        "Diluted EPS": -0.06,
        "Basic EPS": -0.06,
        "Diluted NI Availto Com Stockholders": NaN,
        "Net Income Common Stockholders": NaN,
        "Net Income": NaN,
        "Net Income Including Noncontrolling Interests": NaN,
        "Net Income Discontinuous Operations": NaN,
        "Net Income Continuous Operations": NaN,
        "Tax Provision": NaN,
        "Pretax Income": NaN,
        "Other Income Expense": NaN,
        "Other Non Operating Income Expenses": NaN,
        "Gain On Sale Of Security": -51000.0,
        "Net Non Operating Interest Income Expense": NaN,
        "Interest Expense Non Operating": NaN,
        "Interest Income Non Operating": NaN,
        "Operating Income": NaN,
        "Operating Expense": NaN,
        "Research And Development": NaN,
        "Selling General And Administration": NaN,
        "Gross Profit": NaN,
        "Cost Of Revenue": NaN,
        "Total Revenue": NaN,
        "Operating Revenue": NaN
    },
    "2023-12-31": {
        "Tax Effect Of Unusual Items": 0.0,
        "Tax Rate For Calcs": 0.21,
        "Normalized EBITDA": -1512000.0,
        "Total Unusual Items": NaN,
        "Total Unusual Items Excluding Goodwill": NaN,
        "Net Income From Continuing Operation Net Minority Interest": -1900000.0,
        "Reconciled Depreciation": 398000.0,
        "Reconciled Cost Of Revenue": 6968000.0,
        "EBITDA": -1512000.0,
        "EBIT": -1910000.0,
        "Net Interest Income": 609000.0,
        "Interest Expense": NaN,
        "Interest Income": 609000.0,
        "Normalized Income": -1900000.0,
        "Net Income From Continuing And Discontinued Operation": -1845000.0,
        "Total Expenses": 14817000.0,
        "Total Operating Income As Reported": -1910000.0,
        "Diluted Average Shares": 26385000.0,
        "Basic Average Shares": 26385000.0,
        "Diluted EPS": -0.07,
        "Basic EPS": -0.07,
        "Diluted NI Availto Com Stockholders": -1845000.0,
        "Net Income Common Stockholders": -1845000.0,
        "Net Income": -1845000.0,
        "Net Income Including Noncontrolling Interests": -1845000.0,
        "Net Income Discontinuous Operations": 55000.0,
        "Net Income Continuous Operations": -1900000.0,
        "Tax Provision": 524000.0,
        "Pretax Income": -1376000.0,
        "Other Income Expense": -98000.0,
        "Other Non Operating Income Expenses": -168000.0,
        "Gain On Sale Of Security": NaN,
        "Net Non Operating Interest Income Expense": 609000.0,
        "Interest Expense Non Operating": NaN,
        "Interest Income Non Operating": 609000.0,
        "Operating Income": -1910000.0,
        "Operating Expense": 7849000.0,
        "Research And Development": 3785000.0,
        "Selling General And Administration": 4064000.0,
        "Gross Profit": 5939000.0,
        "Cost Of Revenue": 6968000.0,
        "Total Revenue": 12907000.0,
        "Operating Revenue": 12907000.0
    },
    "2024-03-31": {
        "Tax Effect Of Unusual Items": 14490.0,
        "Tax Rate For Calcs": 0.21,
        "Normalized EBITDA": -3923000.0,
        "Total Unusual Items": 69000.0,
        "Total Unusual Items Excluding Goodwill": 69000.0,
        "Net Income From Continuing Operation Net Minority Interest": -2701000.0,
        "Reconciled Depreciation": 592000.0,
        "Reconciled Cost Of Revenue": 5427000.0,
        "EBITDA": -3854000.0,
        "EBIT": -4446000.0,
        "Net Interest Income": 652000.0,
        "Interest Expense": NaN,
        "Interest Income": 652000.0,
        "Normalized Income": -2755510.0,
        "Net Income From Continuing And Discontinued Operation": -1606000.0,
        "Total Expenses": 14077000.0,
        "Total Operating Income As Reported": -4446000.0,
        "Diluted Average Shares": 26522000.0,
        "Basic Average Shares": 26522000.0,
        "Diluted EPS": -0.06,
        "Basic EPS": -0.06,
        "Diluted NI Availto Com Stockholders": -1606000.0,
        "Net Income Common Stockholders": -1606000.0,
        "Net Income": -1606000.0,
        "Net Income Including Noncontrolling Interests": -1606000.0,
        "Net Income Discontinuous Operations": 1095000.0,
        "Net Income Continuous Operations": -2701000.0,
        "Tax Provision": 476000.0,
        "Pretax Income": -2225000.0,
        "Other Income Expense": 1569000.0,
        "Other Non Operating Income Expenses": 1500000.0,
        "Gain On Sale Of Security": 69000.0,
        "Net Non Operating Interest Income Expense": 652000.0,
        "Interest Expense Non Operating": NaN,
        "Interest Income Non Operating": 652000.0,
        "Operating Income": -4446000.0,
        "Operating Expense": 8650000.0,
        "Research And Development": 4369000.0,
        "Selling General And Administration": 4281000.0,
        "Gross Profit": 4204000.0,
        "Cost Of Revenue": 5427000.0,
        "Total Revenue": 9631000.0,
        "Operating Revenue": 9631000.0
    },
    "2024-06-30": {
        "Tax Effect Of Unusual Items": 7140.0,
        "Tax Rate For Calcs": 0.21,
        "Normalized EBITDA": -2818000.0,
        "Total Unusual Items": 34000.0,
        "Total Unusual Items Excluding Goodwill": 34000.0,
        "Net Income From Continuing Operation Net Minority Interest": -3263000.0,
        "Reconciled Depreciation": 487000.0,
        "Reconciled Cost Of Revenue": 8978000.0,
        "EBITDA": -2784000.0,
        "EBIT": -3271000.0,
        "Net Interest Income": 726000.0,
        "Interest Expense": NaN,
        "Interest Income": 726000.0,
        "Normalized Income": -3289860.0,
        "Net Income From Continuing And Discontinued Operation": -3263000.0,
        "Total Expenses": 17797000.0,
        "Total Operating Income As Reported": -3271000.0,
        "Diluted Average Shares": 26668000.0,
        "Basic Average Shares": 26668000.0,
        "Diluted EPS": -0.12,
        "Basic EPS": -0.12,
        "Diluted NI Availto Com Stockholders": -3263000.0,
        "Net Income Common Stockholders": -3263000.0,
        "Net Income": -3263000.0,
        "Net Income Including Noncontrolling Interests": -3263000.0,
        "Net Income Discontinuous Operations": 0.0,
        "Net Income Continuous Operations": -3263000.0,
        "Tax Provision": 751000.0,
        "Pretax Income": -2512000.0,
        "Other Income Expense": 33000.0,
        "Other Non Operating Income Expenses": -1000.0,
        "Gain On Sale Of Security": 34000.0,
        "Net Non Operating Interest Income Expense": 726000.0,
        "Interest Expense Non Operating": NaN,
        "Interest Income Non Operating": 726000.0,
        "Operating Income": -3271000.0,
        "Operating Expense": 8819000.0,
        "Research And Development": 3511000.0,
        "Selling General And Administration": 5308000.0,
        "Gross Profit": 5548000.0,
        "Cost Of Revenue": 8978000.0,
        "Total Revenue": 14526000.0,
        "Operating Revenue": 14526000.0
    },
    "2024-09-30": {
        "Tax Effect Of Unusual Items": -47670.0,
        "Tax Rate For Calcs": 0.21,
        "Normalized EBITDA": -458000.0,
        "Total Unusual Items": -227000.0,
        "Total Unusual Items Excluding Goodwill": -227000.0,
        "Net Income From Continuing Operation Net Minority Interest": -2173000.0,
        "Reconciled Depreciation": 508000.0,
        "Reconciled Cost Of Revenue": 21447000.0,
        "EBITDA": -685000.0,
        "EBIT": -1193000.0,
        "Net Interest Income": 748000.0,
        "Interest Expense": 18000.0,
        "Interest Income": 766000.0,
        "Normalized Income": -1993670.0,
        "Net Income From Continuing And Discontinued Operation": -2173000.0,
        "Total Expenses": 30257000.0,
        "Total Operating Income As Reported": -1752000.0,
        "Diluted Average Shares": 26895000.0,
        "Basic Average Shares": 26895000.0,
        "Diluted EPS": -0.08,
        "Basic EPS": -0.08,
        "Diluted NI Availto Com Stockholders": -2173000.0,
        "Net Income Common Stockholders": -2173000.0,
        "Net Income": -2173000.0,
        "Net Income Including Noncontrolling Interests": -2173000.0,
        "Net Income Discontinuous Operations": 0.0,
        "Net Income Continuous Operations": -2173000.0,
        "Tax Provision": 962000.0,
        "Pretax Income": -1211000.0,
        "Other Income Expense": -207000.0,
        "Other Non Operating Income Expenses": 20000.0,
        "Gain On Sale Of Security": -227000.0,
        "Net Non Operating Interest Income Expense": 748000.0,
        "Interest Expense Non Operating": 18000.0,
        "Interest Income Non Operating": 766000.0,
        "Operating Income": -1752000.0,
        "Operating Expense": 8810000.0,
        "Research And Development": 3967000.0,
        "Selling General And Administration": 4843000.0,
        "Gross Profit": 7058000.0,
        "Cost Of Revenue": 21447000.0,
        "Total Revenue": 28505000.0,
        "Operating Revenue": 28505000.0
    },
    "2024-12-31": {
        "Tax Effect Of Unusual Items": -63444.960816,
        "Tax Rate For Calcs": 0.005012,
        "Normalized EBITDA": -7971000.0,
        "Total Unusual Items": -12659000.0,
        "Total Unusual Items Excluding Goodwill": -12659000.0,
        "Net Income From Continuing Operation Net Minority Interest": -32757000.0,
        "Reconciled Depreciation": 364000.0,
        "Reconciled Cost Of Revenue": 25598000.0,
        "EBITDA": -20630000.0,
        "EBIT": -20994000.0,
        "Net Interest Income": 668000.0,
        "Interest Expense": NaN,
        "Interest Income": 668000.0,
        "Normalized Income": -20161444.960816,
        "Net Income From Continuing And Discontinued Operation": -32757000.0,
        "Total Expenses": 32310000.0,
        "Total Operating Income As Reported": -33776000.0,
        "Diluted Average Shares": NaN,
        "Basic Average Shares": NaN,
        "Diluted EPS": NaN,
        "Basic EPS": NaN,
        "Diluted NI Availto Com Stockholders": -32757000.0,
        "Net Income Common Stockholders": -32757000.0,
        "Net Income": -32757000.0,
        "Net Income Including Noncontrolling Interests": -32757000.0,
        "Net Income Discontinuous Operations": 0.0,
        "Net Income Continuous Operations": -32757000.0,
        "Tax Provision": -165000.0,
        "Pretax Income": -32922000.0,
        "Other Income Expense": -12596000.0,
        "Other Non Operating Income Expenses": 63000.0,
        "Gain On Sale Of Security": NaN,
        "Net Non Operating Interest Income Expense": 668000.0,
        "Interest Expense Non Operating": NaN,
        "Interest Income Non Operating": 668000.0,
        "Operating Income": -20994000.0,
        "Operating Expense": 6712000.0,
        "Research And Development": 2922000.0,
        "Selling General And Administration": 3790000.0,
        "Gross Profit": -14282000.0,
        "Cost Of Revenue": 25598000.0,
        "Total Revenue": 11316000.0,
        "Operating Revenue": 11316000.0
    }
}