{
    "2023-04-30": {
        "Tax Effect Of Unusual Items": NaN,
        "Tax Rate For Calcs": NaN,
        "Normalized EBITDA": NaN,
        "Total Unusual Items": NaN,
        "Total Unusual Items Excluding Goodwill": NaN,
        "Net Income From Continuing Operation Net Minority Interest": NaN,
        "Reconciled Depreciation": NaN,
        "Reconciled Cost Of Revenue": NaN,
        "EBITDA": NaN,
        "EBIT": NaN,
        "Net Interest Income": NaN,
        "Interest Expense": NaN,
        "Interest Income": NaN,
        "Normalized Income": NaN,
        "Net Income From Continuing And Discontinued Operation": NaN,
        "Total Expenses": NaN,
        "Rent Expense Supplemental": NaN,
        "Total Operating Income As Reported": NaN,
        "Diluted Average Shares": 20864000.0,
        "Basic Average Shares": 20744000.0,
        "Diluted EPS": 1.27,
        "Basic EPS": 1.28,
        "Diluted NI Availto Com Stockholders": NaN,
        "Net Income Common Stockholders": NaN,
        "Net Income": NaN,
        "Net Income Including Noncontrolling Interests": NaN,
        "Net Income Continuous Operations": NaN,
        "Tax Provision": NaN,
        "Pretax Income": NaN,
        "Other Income Expense": NaN,
        "Other Non Operating Income Expenses": NaN,
        "Special Income Charges": NaN,
        "Gain On Sale Of Ppe": NaN,
        "Gain On Sale Of Business": NaN,
        "Other Special Charges": NaN,
        "Write Off": NaN,
        "Impairment Of Capital Assets": NaN,
        "Restructuring And Mergern Acquisition": NaN,
        "Net Non Operating Interest Income Expense": NaN,
        "Interest Expense Non Operating": NaN,
        "Interest Income Non Operating": NaN,
        "Operating Income": NaN,
        "Operating Expense": NaN,
        "Other Operating Expenses": NaN,
        "Depreciation Amortization Depletion Income Statement": NaN,
        "Depreciation And Amortization In Income Statement": NaN,
        "Depreciation Income Statement": NaN,
        "Selling General And Administration": NaN,
        "Selling And Marketing Expense": NaN,
        "General And Administrative Expense": NaN,
        "Other Gand A": NaN,
        "Insurance And Claims": NaN,
        "Salaries And Wages": NaN,
        "Gross Profit": NaN,
        "Cost Of Revenue": NaN,
        "Total Revenue": NaN,
        "Operating Revenue": NaN
    },
    "2023-03-31": {
        "Tax Effect Of Unusual Items": NaN,
        "Tax Rate For Calcs": NaN,
        "Normalized EBITDA": NaN,
        "Total Unusual Items": NaN,
        "Total Unusual Items Excluding Goodwill": NaN,
        "Net Income From Continuing Operation Net Minority Interest": NaN,
        "Reconciled Depreciation": NaN,
        "Reconciled Cost Of Revenue": NaN,
        "EBITDA": NaN,
        "EBIT": NaN,
        "Net Interest Income": NaN,
        "Interest Expense": NaN,
        "Interest Income": NaN,
        "Normalized Income": NaN,
        "Net Income From Continuing And Discontinued Operation": NaN,
        "Total Expenses": NaN,
        "Rent Expense Supplemental": NaN,
        "Total Operating Income As Reported": NaN,
        "Diluted Average Shares": NaN,
        "Basic Average Shares": NaN,
        "Diluted EPS": NaN,
        "Basic EPS": NaN,
        "Diluted NI Availto Com Stockholders": NaN,
        "Net Income Common Stockholders": NaN,
        "Net Income": NaN,
        "Net Income Including Noncontrolling Interests": NaN,
        "Net Income Continuous Operations": NaN,
        "Tax Provision": NaN,
        "Pretax Income": NaN,
        "Other Income Expense": NaN,
        "Other Non Operating Income Expenses": NaN,
        "Special Income Charges": NaN,
        "Gain On Sale Of Ppe": NaN,
        "Gain On Sale Of Business": NaN,
        "Other Special Charges": NaN,
        "Write Off": NaN,
        "Impairment Of Capital Assets": NaN,
        "Restructuring And Mergern Acquisition": NaN,
        "Net Non Operating Interest Income Expense": NaN,
        "Interest Expense Non Operating": NaN,
        "Interest Income Non Operating": NaN,
        "Operating Income": NaN,
        "Operating Expense": NaN,
        "Other Operating Expenses": 154000.0,
        "Depreciation Amortization Depletion Income Statement": NaN,
        "Depreciation And Amortization In Income Statement": NaN,
        "Depreciation Income Statement": NaN,
        "Selling General And Administration": NaN,
        "Selling And Marketing Expense": NaN,
        "General And Administrative Expense": NaN,
        "Other Gand A": NaN,
        "Insurance And Claims": NaN,
        "Salaries And Wages": NaN,
        "Gross Profit": NaN,
        "Cost Of Revenue": NaN,
        "Total Revenue": NaN,
        "Operating Revenue": NaN
    },
    "2022-12-31": {
        "Tax Effect Of Unusual Items": NaN,
        "Tax Rate For Calcs": NaN,
        "Normalized EBITDA": NaN,
        "Total Unusual Items": NaN,
        "Total Unusual Items Excluding Goodwill": NaN,
        "Net Income From Continuing Operation Net Minority Interest": NaN,
        "Reconciled Depreciation": NaN,
        "Reconciled Cost Of Revenue": NaN,
        "EBITDA": NaN,
        "EBIT": NaN,
        "Net Interest Income": NaN,
        "Interest Expense": NaN,
        "Interest Income": NaN,
        "Normalized Income": NaN,
        "Net Income From Continuing And Discontinued Operation": NaN,
        "Total Expenses": NaN,
        "Rent Expense Supplemental": NaN,
        "Total Operating Income As Reported": NaN,
        "Diluted Average Shares": NaN,
        "Basic Average Shares": NaN,
        "Diluted EPS": NaN,
        "Basic EPS": NaN,
        "Diluted NI Availto Com Stockholders": NaN,
        "Net Income Common Stockholders": NaN,
        "Net Income": NaN,
        "Net Income Including Noncontrolling Interests": NaN,
        "Net Income Continuous Operations": NaN,
        "Tax Provision": NaN,
        "Pretax Income": NaN,
        "Other Income Expense": NaN,
        "Other Non Operating Income Expenses": -2144000.0,
        "Special Income Charges": NaN,
        "Gain On Sale Of Ppe": NaN,
        "Gain On Sale Of Business": NaN,
        "Other Special Charges": NaN,
        "Write Off": NaN,
        "Impairment Of Capital Assets": NaN,
        "Restructuring And Mergern Acquisition": NaN,
        "Net Non Operating Interest Income Expense": NaN,
        "Interest Expense Non Operating": NaN,
        "Interest Income Non Operating": NaN,
        "Operating Income": NaN,
        "Operating Expense": NaN,
        "Other Operating Expenses": 331000.0,
        "Depreciation Amortization Depletion Income Statement": NaN,
        "Depreciation And Amortization In Income Statement": NaN,
        "Depreciation Income Statement": NaN,
        "Selling General And Administration": NaN,
        "Selling And Marketing Expense": NaN,
        "General And Administrative Expense": NaN,
        "Other Gand A": NaN,
        "Insurance And Claims": NaN,
        "Salaries And Wages": NaN,
        "Gross Profit": NaN,
        "Cost Of Revenue": NaN,
        "Total Revenue": NaN,
        "Operating Revenue": NaN
    },
    "2022-09-30": {
        "Tax Effect Of Unusual Items": NaN,
        "Tax Rate For Calcs": NaN,
        "Normalized EBITDA": NaN,
        "Total Unusual Items": NaN,
        "Total Unusual Items Excluding Goodwill": NaN,
        "Net Income From Continuing Operation Net Minority Interest": NaN,
        "Reconciled Depreciation": NaN,
        "Reconciled Cost Of Revenue": NaN,
        "EBITDA": NaN,
        "EBIT": NaN,
        "Net Interest Income": NaN,
        "Interest Expense": NaN,
        "Interest Income": NaN,
        "Normalized Income": NaN,
        "Net Income From Continuing And Discontinued Operation": NaN,
        "Total Expenses": NaN,
        "Rent Expense Supplemental": NaN,
        "Total Operating Income As Reported": NaN,
        "Diluted Average Shares": NaN,
        "Basic Average Shares": NaN,
        "Diluted EPS": NaN,
        "Basic EPS": NaN,
        "Diluted NI Availto Com Stockholders": NaN,
        "Net Income Common Stockholders": NaN,
        "Net Income": NaN,
        "Net Income Including Noncontrolling Interests": NaN,
        "Net Income Continuous Operations": NaN,
        "Tax Provision": NaN,
        "Pretax Income": NaN,
        "Other Income Expense": NaN,
        "Other Non Operating Income Expenses": NaN,
        "Special Income Charges": NaN,
        "Gain On Sale Of Ppe": NaN,
        "Gain On Sale Of Business": NaN,
        "Other Special Charges": NaN,
        "Write Off": 4274000.0,
        "Restructuring And Mergern Acquisition": NaN,
        "Net Non Operating Interest Income Expense": NaN,
        "Interest Expense Non Operating": NaN,
        "Interest Income Non Operating": NaN,
        "Operating Income": NaN,
        "Operating Expense": NaN,
        "Other Operating Expenses": NaN,
        "Depreciation Amortization Depletion Income Statement": NaN,
        "Depreciation And Amortization In Income Statement": NaN,
        "Depreciation Income Statement": NaN,
        "Selling General And Administration": NaN,
        "Selling And Marketing Expense": NaN,
        "General And Administrative Expense": NaN,
        "Other Gand A": NaN,
        "Salaries And Wages": NaN,
        "Gross Profit": NaN,
        "Cost Of Revenue": NaN,
        "Total Revenue": NaN,
        "Operating Revenue": NaN
    },
    "2022-06-30": {
        "Tax Effect Of Unusual Items": -858528.0,
        "Tax Rate For Calcs": 0.288,
        "Normalized EBITDA": 71926000.0,
        "Total Unusual Items": -2981000.0,
        "Total Unusual Items Excluding Goodwill": -2981000.0,
        "Net Income From Continuing Operation Net Minority Interest": 22857000.0,
        "Reconciled Depreciation": 16713000.0,
        "Reconciled Cost Of Revenue": 286658000.0,
        "EBITDA": 68945000.0,
        "EBIT": 51886000.0,
        "Net Interest Income": -19703000.0,
        "Interest Expense": 19792000.0,
        "Interest Income": 89000.0,
        "Normalized Income": 24979472.0,
        "Net Income From Continuing And Discontinued Operation": 22857000.0,
        "Total Expenses": 343457000.0,
        "Rent Expense Supplemental": 93025000.0,
        "Total Operating Income As Reported": 51867000.0,
        "Diluted Average Shares": 21260000.0,
        "Basic Average Shares": 21236000.0,
        "Diluted EPS": 1.08,
        "Basic EPS": 1.08,
        "Diluted NI Availto Com Stockholders": 22857000.0,
        "Net Income Common Stockholders": 22857000.0,
        "Net Income": 22857000.0,
        "Net Income Including Noncontrolling Interests": 22857000.0,
        "Net Income Continuous Operations": 22857000.0,
        "Tax Provision": 9237000.0,
        "Pretax Income": 32094000.0,
        "Other Income Expense": -3051000.0,
        "Other Non Operating Income Expenses": -70000.0,
        "Special Income Charges": -2981000.0,
        "Gain On Sale Of Ppe": 1460000.0,
        "Gain On Sale Of Business": 802000.0,
        "Write Off": 1653000.0,
        "Restructuring And Mergern Acquisition": 3590000.0,
        "Net Non Operating Interest Income Expense": -19703000.0,
        "Interest Expense Non Operating": 19792000.0,
        "Interest Income Non Operating": 89000.0,
        "Operating Income": 54848000.0,
        "Operating Expense": 57145000.0,
        "Other Operating Expenses": 837000.0,
        "Depreciation Amortization Depletion Income Statement": 17059000.0,
        "Depreciation And Amortization In Income Statement": 17059000.0,
        "Depreciation Income Statement": 17059000.0,
        "Selling General And Administration": 40086000.0,
        "Selling And Marketing Expense": NaN,
        "General And Administrative Expense": 40086000.0,
        "Other Gand A": 40086000.0,
        "Salaries And Wages": NaN,
        "Gross Profit": 111993000.0,
        "Cost Of Revenue": 286312000.0,
        "Total Revenue": 398305000.0,
        "Operating Revenue": 398305000.0
    },
    "2022-03-31": {
        "Diluted EPS": 1.16,
        "Total Revenue": 478,
        "Gross Profit": 196,
        "Operating Income": 112,
        "EBIT": 156,
        "Net Income": 85
    },
    "2021-12-31": {
        "Diluted EPS": 1.3,
        "Total Revenue": 494,
        "Gross Profit": 211,
        "Operating Income": 126,
        "EBIT": 170,
        "Net Income": 96
    },
    "2021-09-30": {
        "Diluted EPS": 1.38,
        "Total Revenue": 488,
        "Gross Profit": 211,
        "Operating Income": 134,
        "EBIT": 178,
        "Net Income": 102
    },
    "2021-06-30": {
        "Diluted EPS": 1.04,
        "Total Revenue": 450,
        "Gross Profit": 175,
        "Operating Income": 96,
        "EBIT": 140,
        "Net Income": 77
    },
    "2021-03-31": {
        "Diluted EPS": 0.95,
        "Total Revenue": 434,
        "Gross Profit": 166,
        "Operating Income": 91,
        "EBIT": 135,
        "Net Income": 71
    },
    "2020-12-31": {
        "Diluted EPS": 0.94,
        "Total Revenue": 422,
        "Gross Profit": 165,
        "Operating Income": 94,
        "EBIT": 138,
        "Net Income": 72
    },
    "2020-09-30": {
        "Diluted EPS": 1.19,
        "Total Revenue": 452,
        "Gross Profit": 189,
        "Operating Income": 118,
        "EBIT": 161,
        "Net Income": 91
    },
    "2020-06-30": {
        "Diluted EPS": 0.8,
        "Total Revenue": 411,
        "Gross Profit": 156,
        "Operating Income": 77,
        "EBIT": 121,
        "Net Income": 61
    },
    "2020-03-31": {
        "Diluted EPS": 0.96,
        "Total Revenue": 429,
        "Gross Profit": 171,
        "Operating Income": 92,
        "EBIT": 136,
        "Net Income": 74
    },
    "2019-12-31": {
        "Diluted EPS": 0.94,
        "Total Revenue": 419,
        "Gross Profit": 170,
        "Operating Income": 94,
        "EBIT": 136,
        "Net Income": 72
    },
    "2019-09-30": {
        "Diluted EPS": 1.16,
        "Total Revenue": 438,
        "Gross Profit": 192,
        "Operating Income": 118,
        "EBIT": 160,
        "Net Income": 89
    },
    "2019-06-30": {
        "Diluted EPS": 1.13,
        "Total Revenue": 538,
        "Gross Profit": 212,
        "Operating Income": 113,
        "EBIT": 165,
        "Net Income": 86
    },
    "2019-03-31": {
        "Diluted EPS": 0.77,
        "Total Revenue": 380,
        "Gross Profit": 145,
        "Operating Income": 76,
        "EBIT": 117,
        "Net Income": 59
    },
    "2018-12-31": {
        "Diluted EPS": 0.88,
        "Total Revenue": 386,
        "Gross Profit": 159,
        "Operating Income": 88,
        "EBIT": 128,
        "Net Income": 68
    },
    "2018-09-30": {
        "Diluted EPS": 1.08,
        "Total Revenue": 393,
        "Gross Profit": 172,
        "Operating Income": 103,
        "EBIT": 142,
        "Net Income": 84
    },
    "2018-06-30": {
        "Diluted EPS": 0.87,
        "Total Revenue": 378,
        "Gross Profit": 155,
        "Operating Income": 85,
        "EBIT": 125,
        "Net Income": 68
    },
    "2018-03-31": {
        "Diluted EPS": 0.89,
        "Total Revenue": 374,
        "Gross Profit": 156,
        "Operating Income": 91,
        "EBIT": 130,
        "Net Income": 69
    },
    "2017-12-31": {
        "Diluted EPS": 2.08,
        "Total Revenue": 357,
        "Gross Profit": 150,
        "Operating Income": 85,
        "EBIT": 122,
        "Net Income": 161
    },
    "2017-09-30": {
        "Diluted EPS": 0.86,
        "Total Revenue": 361,
        "Gross Profit": 157,
        "Operating Income": 97,
        "EBIT": 133,
        "Net Income": 67
    },
    "2017-06-30": {
        "Diluted EPS": 0.62,
        "Total Revenue": 341,
        "Gross Profit": 135,
        "Operating Income": 73,
        "EBIT": 108,
        "Net Income": 48
    },
    "2017-03-31": {
        "Diluted EPS": 0.77,
        "Total Revenue": 354,
        "Gross Profit": 147,
        "Operating Income": 89,
        "EBIT": 124,
        "Net Income": 60
    },
    "2016-12-31": {
        "Diluted EPS": 0.75,
        "Total Revenue": 349,
        "Gross Profit": 150,
        "Operating Income": 89,
        "EBIT": 124,
        "Net Income": 59
    },
    "2016-09-30": {
        "Diluted EPS": 0.79,
        "Total Revenue": 345,
        "Gross Profit": 150,
        "Operating Income": 91,
        "EBIT": 126,
        "Net Income": 62
    },
    "2016-06-30": {
        "Diluted EPS": 1.06,
        "Total Revenue": 367,
        "Gross Profit": 162,
        "Operating Income": 117,
        "EBIT": 151,
        "Net Income": 84
    },
    "2016-03-31": {
        "Diluted EPS": 0.68,
        "Total Revenue": 333,
        "Gross Profit": 139,
        "Operating Income": 80,
        "EBIT": 112,
        "Net Income": 54
    },
    "2015-12-31": {
        "Diluted EPS": 0.74,
        "Total Revenue": 333,
        "Gross Profit": 142,
        "Operating Income": 85,
        "EBIT": 117,
        "Net Income": 59
    },
    "2015-09-30": {
        "Diluted EPS": 0.64,
        "Total Revenue": 322,
        "Gross Profit": 138,
        "Operating Income": 81,
        "EBIT": 112,
        "Net Income": 51
    },
    "2015-06-30": {
        "Diluted EPS": 0.74,
        "Total Revenue": 334,
        "Gross Profit": 146,
        "Operating Income": 89,
        "EBIT": 119,
        "Net Income": 61
    },
    "2015-03-31": {
        "Diluted EPS": 0.63,
        "Total Revenue": 310,
        "Gross Profit": 132,
        "Operating Income": 77,
        "EBIT": 107,
        "Net Income": 51
    },
    "2014-12-31": {
        "Diluted EPS": 0.66,
        "Total Revenue": 311,
        "Gross Profit": 131,
        "Operating Income": 80,
        "EBIT": 110,
        "Net Income": 54
    },
    "2014-09-30": {
        "Diluted EPS": 0.56,
        "Total Revenue": 301,
        "Gross Profit": 127,
        "Operating Income": 72,
        "EBIT": 101,
        "Net Income": 46
    },
    "2014-06-30": {
        "Diluted EPS": 0.63,
        "Total Revenue": 315,
        "Gross Profit": 136,
        "Operating Income": 83,
        "EBIT": 111,
        "Net Income": 53
    },
    "2014-03-31": {
        "Diluted EPS": 0.5,
        "Total Revenue": 291,
        "Gross Profit": 117,
        "Operating Income": 65,
        "EBIT": 92,
        "Net Income": 43
    },
    "2013-12-31": {
        "Diluted EPS": 0.56,
        "Total Revenue": 289,
        "Gross Profit": 123,
        "Operating Income": 74,
        "EBIT": 101,
        "Net Income": 48
    },
    "2013-09-30": {
        "Diluted EPS": 0.5,
        "Total Revenue": 278,
        "Gross Profit": 117,
        "Operating Income": 67,
        "EBIT": 92,
        "Net Income": 43
    },
    "2013-06-30": {
        "Diluted EPS": 0.45,
        "Total Revenue": 276,
        "Gross Profit": 109,
        "Operating Income": 58,
        "EBIT": 84,
        "Net Income": 39
    },
    "2013-03-31": {
        "Diluted EPS": 0.53,
        "Total Revenue": 282,
        "Gross Profit": 115,
        "Operating Income": 66,
        "EBIT": 92,
        "Net Income": 46
    },
    "2012-12-31": {
        "Diluted EPS": 0.47,
        "Total Revenue": 279,
        "Gross Profit": 122,
        "Operating Income": 59,
        "EBIT": 84,
        "Net Income": 41
    },
    "2012-09-30": {
        "Diluted EPS": 0.49,
        "Total Revenue": 271,
        "Gross Profit": 116,
        "Operating Income": 68,
        "EBIT": 92,
        "Net Income": 42
    },
    "2012-06-30": {
        "Diluted EPS": 0.46,
        "Total Revenue": 257,
        "Gross Profit": 104,
        "Operating Income": 57,
        "EBIT": 81,
        "Net Income": 40
    },
    "2012-03-31": {
        "Diluted EPS": 0.42,
        "Total Revenue": 256,
        "Gross Profit": 103,
        "Operating Income": 56,
        "EBIT": 80,
        "Net Income": 37
    },
    "2011-12-31": {
        "Diluted EPS": 0.44,
        "Total Revenue": 256,
        "Gross Profit": 107,
        "Operating Income": 61,
        "EBIT": 85,
        "Net Income": 39
    },
    "2011-09-30": {
        "Diluted EPS": 0.42,
        "Total Revenue": 248,
        "Gross Profit": 104,
        "Operating Income": 58,
        "EBIT": 81,
        "Net Income": 36
    },
    "2011-06-30": {
        "Diluted EPS": 0.42,
        "Total Revenue": 249,
        "Gross Profit": 104,
        "Operating Income": 58,
        "EBIT": 81,
        "Net Income": 37
    },
    "2011-03-31": {
        "Diluted EPS": 0.38,
        "Total Revenue": 240,
        "Gross Profit": 95,
        "Operating Income": 51,
        "EBIT": 73,
        "Net Income": 33
    },
    "2010-12-31": {
        "Diluted EPS": 0.42,
        "Total Revenue": 243,
        "Gross Profit": 103,
        "Operating Income": 55,
        "EBIT": 78,
        "Net Income": 36
    },
    "2010-09-30": {
        "Diluted EPS": 0.37,
        "Total Revenue": 235,
        "Gross Profit": 97,
        "Operating Income": 53,
        "EBIT": 75,
        "Net Income": 32
    },
    "2010-06-30": {
        "Diluted EPS": 0.35,
        "Total Revenue": 228,
        "Gross Profit": 95,
        "Operating Income": 49,
        "EBIT": 69,
        "Net Income": 30
    },
    "2010-03-31": {
        "Diluted EPS": 0.37,
        "Total Revenue": 216,
        "Gross Profit": 87,
        "Operating Income": 44,
        "EBIT": 62,
        "Net Income": 32
    },
    "2009-12-31": {
        "Diluted EPS": 0.35,
        "Total Revenue": 211,
        "Gross Profit": 89,
        "Operating Income": 47,
        "EBIT": 65,
        "Net Income": 30
    },
    "2009-09-30": {
        "Diluted EPS": 0.31,
        "Total Revenue": 182,
        "Gross Profit": 74,
        "Operating Income": 42,
        "EBIT": 58,
        "Net Income": 26
    },
    "2009-06-30": {
        "Diluted EPS": 0.33,
        "Total Revenue": 192,
        "Gross Profit": 79,
        "Operating Income": 44,
        "EBIT": 59,
        "Net Income": 28
    },
    "2009-03-31": {
        "Diluted EPS": 0.3,
        "Total Revenue": 180,
        "Gross Profit": 70,
        "Operating Income": 37,
        "EBIT": 53,
        "Net Income": 25
    },
    "2023-06-30": {
        "Tax Effect Of Unusual Items": NaN,
        "Tax Rate For Calcs": NaN,
        "Normalized EBITDA": NaN,
        "Total Unusual Items": NaN,
        "Total Unusual Items Excluding Goodwill": NaN,
        "Net Income From Continuing Operation Net Minority Interest": NaN,
        "Reconciled Depreciation": NaN,
        "Reconciled Cost Of Revenue": NaN,
        "EBITDA": NaN,
        "EBIT": NaN,
        "Net Interest Income": NaN,
        "Interest Expense": NaN,
        "Interest Income": NaN,
        "Normalized Income": NaN,
        "Net Income From Continuing And Discontinued Operation": NaN,
        "Total Expenses": NaN,
        "Rent Expense Supplemental": NaN,
        "Total Operating Income As Reported": NaN,
        "Diluted Average Shares": NaN,
        "Basic Average Shares": NaN,
        "Diluted EPS": NaN,
        "Basic EPS": NaN,
        "Diluted NI Availto Com Stockholders": NaN,
        "Net Income Common Stockholders": NaN,
        "Net Income": NaN,
        "Net Income Including Noncontrolling Interests": NaN,
        "Net Income Continuous Operations": NaN,
        "Tax Provision": NaN,
        "Pretax Income": NaN,
        "Other Income Expense": NaN,
        "Other Non Operating Income Expenses": NaN,
        "Special Income Charges": NaN,
        "Gain On Sale Of Ppe": NaN,
        "Gain On Sale Of Business": NaN,
        "Other Special Charges": NaN,
        "Write Off": 4395000.0,
        "Impairment Of Capital Assets": 4395000.0,
        "Restructuring And Mergern Acquisition": NaN,
        "Net Non Operating Interest Income Expense": NaN,
        "Interest Expense Non Operating": NaN,
        "Interest Income Non Operating": NaN,
        "Operating Income": NaN,
        "Operating Expense": NaN,
        "Other Operating Expenses": 182000.0,
        "Depreciation Amortization Depletion Income Statement": NaN,
        "Depreciation And Amortization In Income Statement": NaN,
        "Depreciation Income Statement": NaN,
        "Selling General And Administration": NaN,
        "Selling And Marketing Expense": NaN,
        "General And Administrative Expense": NaN,
        "Other Gand A": NaN,
        "Insurance And Claims": 1780000.0,
        "Salaries And Wages": NaN,
        "Gross Profit": NaN,
        "Cost Of Revenue": NaN,
        "Total Revenue": NaN,
        "Operating Revenue": NaN
    },
    "2023-09-30": {
        "Tax Effect Of Unusual Items": NaN,
        "Tax Rate For Calcs": NaN,
        "Normalized EBITDA": NaN,
        "Total Unusual Items": NaN,
        "Total Unusual Items Excluding Goodwill": NaN,
        "Net Income From Continuing Operation Net Minority Interest": NaN,
        "Reconciled Depreciation": NaN,
        "Reconciled Cost Of Revenue": NaN,
        "EBITDA": NaN,
        "EBIT": NaN,
        "Net Interest Income": NaN,
        "Interest Expense": NaN,
        "Interest Income": NaN,
        "Normalized Income": NaN,
        "Net Income From Continuing And Discontinued Operation": NaN,
        "Total Expenses": NaN,
        "Rent Expense Supplemental": NaN,
        "Total Operating Income As Reported": NaN,
        "Diluted Average Shares": NaN,
        "Basic Average Shares": NaN,
        "Diluted EPS": NaN,
        "Basic EPS": NaN,
        "Diluted NI Availto Com Stockholders": NaN,
        "Net Income Common Stockholders": NaN,
        "Net Income": NaN,
        "Net Income Including Noncontrolling Interests": NaN,
        "Net Income Continuous Operations": NaN,
        "Tax Provision": NaN,
        "Pretax Income": NaN,
        "Other Income Expense": NaN,
        "Other Non Operating Income Expenses": NaN,
        "Special Income Charges": NaN,
        "Gain On Sale Of Ppe": NaN,
        "Gain On Sale Of Business": NaN,
        "Other Special Charges": NaN,
        "Write Off": 174000.0,
        "Impairment Of Capital Assets": NaN,
        "Restructuring And Mergern Acquisition": NaN,
        "Net Non Operating Interest Income Expense": NaN,
        "Interest Expense Non Operating": NaN,
        "Interest Income Non Operating": NaN,
        "Operating Income": NaN,
        "Operating Expense": NaN,
        "Depreciation Amortization Depletion Income Statement": NaN,
        "Depreciation And Amortization In Income Statement": NaN,
        "Depreciation Income Statement": NaN,
        "Selling General And Administration": NaN,
        "Selling And Marketing Expense": NaN,
        "General And Administrative Expense": NaN,
        "Other Gand A": NaN,
        "Insurance And Claims": NaN,
        "Salaries And Wages": NaN,
        "Gross Profit": NaN,
        "Cost Of Revenue": NaN,
        "Total Revenue": NaN,
        "Operating Revenue": NaN
    },
    "2024-01-31": {
        "Tax Effect Of Unusual Items": -1624410.830434,
        "Tax Rate For Calcs": 0.268586,
        "Normalized EBITDA": 102809000.0,
        "Total Unusual Items": -6048000.0,
        "Total Unusual Items Excluding Goodwill": -6048000.0,
        "Net Income From Continuing Operation Net Minority Interest": 38683000.0,
        "Reconciled Depreciation": 18473000.0,
        "Reconciled Cost Of Revenue": 337328000.0,
        "EBITDA": 96761000.0,
        "EBIT": 78251000.0,
        "Net Interest Income": -24486000.0,
        "Interest Expense": 25363000.0,
        "Interest Income": 877000.0,
        "Normalized Income": 43106589.169566,
        "Net Income From Continuing And Discontinued Operation": 38683000.0,
        "Total Expenses": 401970000.0,
        "Rent Expense Supplemental": 114677000.0,
        "Total Operating Income As Reported": 79480000.0,
        "Diluted Average Shares": 20051000.0,
        "Basic Average Shares": 19893000.0,
        "Diluted EPS": 1.93,
        "Basic EPS": 1.94,
        "Diluted NI Availto Com Stockholders": 38683000.0,
        "Net Income Common Stockholders": 38683000.0,
        "Net Income": 38683000.0,
        "Net Income Including Noncontrolling Interests": 38683000.0,
        "Net Income Continuous Operations": 38683000.0,
        "Tax Provision": 14205000.0,
        "Pretax Income": 52888000.0,
        "Other Income Expense": -8154000.0,
        "Other Non Operating Income Expenses": -2106000.0,
        "Special Income Charges": -6048000.0,
        "Gain On Sale Of Ppe": -1011000.0,
        "Gain On Sale Of Business": -254000.0,
        "Other Special Charges": 661000.0,
        "Write Off": NaN,
        "Impairment Of Capital Assets": 0.0,
        "Restructuring And Mergern Acquisition": 4122000.0,
        "Net Non Operating Interest Income Expense": -24486000.0,
        "Interest Expense Non Operating": 25363000.0,
        "Interest Income Non Operating": 877000.0,
        "Operating Income": 85528000.0,
        "Operating Expense": 64679000.0,
        "Depreciation Amortization Depletion Income Statement": 18510000.0,
        "Depreciation And Amortization In Income Statement": 18510000.0,
        "Depreciation Income Statement": 18510000.0,
        "Selling General And Administration": 46169000.0,
        "Selling And Marketing Expense": 10393000.0,
        "General And Administrative Expense": 35776000.0,
        "Other Gand A": 30956000.0,
        "Insurance And Claims": NaN,
        "Salaries And Wages": 4820000.0,
        "Gross Profit": 150207000.0,
        "Cost Of Revenue": 337291000.0,
        "Total Revenue": 487498000.0,
        "Operating Revenue": 487498000.0
    },
    "2023-01-31": {
        "Tax Effect Of Unusual Items": NaN,
        "Tax Rate For Calcs": NaN,
        "Normalized EBITDA": NaN,
        "Total Unusual Items": NaN,
        "Total Unusual Items Excluding Goodwill": NaN,
        "Net Income From Continuing Operation Net Minority Interest": NaN,
        "Reconciled Depreciation": NaN,
        "Reconciled Cost Of Revenue": NaN,
        "EBITDA": NaN,
        "EBIT": NaN,
        "Net Interest Income": NaN,
        "Interest Expense": NaN,
        "Interest Income": NaN,
        "Normalized Income": NaN,
        "Net Income From Continuing And Discontinued Operation": NaN,
        "Total Expenses": NaN,
        "Rent Expense Supplemental": NaN,
        "Total Operating Income As Reported": NaN,
        "Diluted Average Shares": NaN,
        "Basic Average Shares": NaN,
        "Diluted EPS": NaN,
        "Basic EPS": NaN,
        "Diluted NI Availto Com Stockholders": NaN,
        "Net Income Common Stockholders": NaN,
        "Net Income": NaN,
        "Net Income Including Noncontrolling Interests": NaN,
        "Net Income Continuous Operations": NaN,
        "Tax Provision": NaN,
        "Pretax Income": NaN,
        "Other Income Expense": NaN,
        "Other Non Operating Income Expenses": -2144000.0,
        "Special Income Charges": NaN,
        "Gain On Sale Of Ppe": NaN,
        "Gain On Sale Of Business": NaN,
        "Other Special Charges": NaN,
        "Write Off": NaN,
        "Impairment Of Capital Assets": NaN,
        "Restructuring And Mergern Acquisition": NaN,
        "Net Non Operating Interest Income Expense": NaN,
        "Interest Expense Non Operating": NaN,
        "Interest Income Non Operating": NaN,
        "Operating Income": NaN,
        "Operating Expense": NaN,
        "Other Operating Expenses": NaN,
        "Depreciation Amortization Depletion Income Statement": NaN,
        "Depreciation And Amortization In Income Statement": NaN,
        "Depreciation Income Statement": NaN,
        "Selling General And Administration": NaN,
        "Selling And Marketing Expense": NaN,
        "General And Administrative Expense": NaN,
        "Other Gand A": NaN,
        "Insurance And Claims": NaN,
        "Salaries And Wages": NaN,
        "Gross Profit": NaN,
        "Cost Of Revenue": NaN,
        "Total Revenue": NaN,
        "Operating Revenue": NaN
    },
    "2024-03-31": {
        "Tax Effect Of Unusual Items": -1939270.0,
        "Tax Rate For Calcs": 0.265,
        "Normalized EBITDA": 74317000.0,
        "Total Unusual Items": -7318000.0,
        "Total Unusual Items Excluding Goodwill": -7318000.0,
        "Net Income From Continuing Operation Net Minority Interest": 24980000.0,
        "Reconciled Depreciation": 13994000.0,
        "Reconciled Cost Of Revenue": 254653000.0,
        "EBITDA": 66999000.0,
        "EBIT": 53005000.0,
        "Net Interest Income": -18603000.0,
        "Interest Expense": 18997000.0,
        "Interest Income": 394000.0,
        "Normalized Income": 30358730.0,
        "Net Income From Continuing And Discontinued Operation": 24980000.0,
        "Total Expenses": 303839000.0,
        "Rent Expense Supplemental": 89446000.0,
        "Total Operating Income As Reported": 54190000.0,
        "Diluted Average Shares": 19785000.0,
        "Basic Average Shares": 19653000.0,
        "Diluted EPS": 1.26,
        "Basic EPS": 1.27,
        "Diluted NI Availto Com Stockholders": 24980000.0,
        "Net Income Common Stockholders": 24980000.0,
        "Net Income": 24980000.0,
        "Net Income Including Noncontrolling Interests": 24980000.0,
        "Net Income Continuous Operations": 24980000.0,
        "Tax Provision": 9028000.0,
        "Pretax Income": 34008000.0,
        "Other Income Expense": -8897000.0,
        "Other Non Operating Income Expenses": -1579000.0,
        "Special Income Charges": -7318000.0,
        "Gain On Sale Of Ppe": -138000.0,
        "Gain On Sale Of Business": -1065000.0,
        "Other Special Charges": 1074000.0,
        "Write Off": NaN,
        "Impairment Of Capital Assets": NaN,
        "Restructuring And Mergern Acquisition": 5041000.0,
        "Net Non Operating Interest Income Expense": -18603000.0,
        "Interest Expense Non Operating": 18997000.0,
        "Interest Income Non Operating": 394000.0,
        "Operating Income": 61508000.0,
        "Operating Expense": 49186000.0,
        "Depreciation Amortization Depletion Income Statement": 13994000.0,
        "Depreciation And Amortization In Income Statement": 13994000.0,
        "Depreciation Income Statement": 13994000.0,
        "Selling General And Administration": 35192000.0,
        "Selling And Marketing Expense": 7778000.0,
        "General And Administrative Expense": 27414000.0,
        "Other Gand A": 23573000.0,
        "Insurance And Claims": NaN,
        "Salaries And Wages": 3841000.0,
        "Gross Profit": 110694000.0,
        "Cost Of Revenue": 254653000.0,
        "Total Revenue": 365347000.0,
        "Operating Revenue": 365347000.0
    },
    "2024-06-30": {
        "Tax Effect Of Unusual Items": -35616840.0,
        "Tax Rate For Calcs": 0.21,
        "Normalized EBITDA": 80210000.0,
        "Total Unusual Items": -169604000.0,
        "Total Unusual Items Excluding Goodwill": -169604000.0,
        "Net Income From Continuing Operation Net Minority Interest": -122300000.0,
        "Reconciled Depreciation": 13827000.0,
        "Reconciled Cost Of Revenue": 258914000.0,
        "EBITDA": -89394000.0,
        "EBIT": -103316000.0,
        "Net Interest Income": -18402000.0,
        "Interest Expense": 18901000.0,
        "Interest Income": 499000.0,
        "Normalized Income": 11687160.0,
        "Net Income From Continuing And Discontinued Operation": -122300000.0,
        "Total Expenses": 301803000.0,
        "Rent Expense Supplemental": 90354000.0,
        "Total Operating Income As Reported": -102236000.0,
        "Diluted Average Shares": 19541000.0,
        "Basic Average Shares": 19454000.0,
        "Diluted EPS": -6.29,
        "Basic EPS": -6.29,
        "Diluted NI Availto Com Stockholders": -122300000.0,
        "Net Income Common Stockholders": -122300000.0,
        "Net Income": -122300000.0,
        "Net Income Including Noncontrolling Interests": -122300000.0,
        "Net Income Continuous Operations": -122300000.0,
        "Tax Provision": 83000.0,
        "Pretax Income": -122217000.0,
        "Other Income Expense": -171183000.0,
        "Other Non Operating Income Expenses": -1579000.0,
        "Special Income Charges": -169604000.0,
        "Gain On Sale Of Ppe": -527000.0,
        "Gain On Sale Of Business": -65000.0,
        "Other Special Charges": 1369000.0,
        "Write Off": 136000.0,
        "Impairment Of Capital Assets": 162760000.0,
        "Restructuring And Mergern Acquisition": 4883000.0,
        "Net Non Operating Interest Income Expense": -18402000.0,
        "Interest Expense Non Operating": 18901000.0,
        "Interest Income Non Operating": 499000.0,
        "Operating Income": 67368000.0,
        "Operating Expense": 42984000.0,
        "Depreciation Amortization Depletion Income Statement": 13922000.0,
        "Depreciation And Amortization In Income Statement": 13922000.0,
        "Depreciation Income Statement": 13922000.0,
        "Selling General And Administration": 29062000.0,
        "Selling And Marketing Expense": 8267000.0,
        "General And Administrative Expense": 20795000.0,
        "Other Gand A": 19587000.0,
        "Insurance And Claims": -1149000.0,
        "Salaries And Wages": 2357000.0,
        "Gross Profit": 110352000.0,
        "Cost Of Revenue": 258819000.0,
        "Total Revenue": 369171000.0,
        "Operating Revenue": 369171000.0
    },
    "2024-09-30": {
        "Tax Effect Of Unusual Items": -1588992.322085,
        "Tax Rate For Calcs": 0.292148,
        "Normalized EBITDA": 69094000.0,
        "Total Unusual Items": -5439000.0,
        "Total Unusual Items Excluding Goodwill": -5439000.0,
        "Net Income From Continuing Operation Net Minority Interest": 21942000.0,
        "Reconciled Depreciation": 13570000.0,
        "Reconciled Cost Of Revenue": 259632000.0,
        "EBITDA": 63655000.0,
        "EBIT": 49871000.0,
        "Net Interest Income": -18525000.0,
        "Interest Expense": 18873000.0,
        "Interest Income": 348000.0,
        "Normalized Income": 25792007.677915,
        "Net Income From Continuing And Discontinued Operation": 21942000.0,
        "Total Expenses": 292749000.0,
        "Rent Expense Supplemental": 90207000.0,
        "Total Operating Income As Reported": 51102000.0,
        "Diluted Average Shares": 19510000.0,
        "Basic Average Shares": 19348000.0,
        "Diluted EPS": 1.12,
        "Basic EPS": 1.13,
        "Diluted NI Availto Com Stockholders": 21942000.0,
        "Net Income Common Stockholders": 21942000.0,
        "Net Income": 21942000.0,
        "Net Income Including Noncontrolling Interests": 21942000.0,
        "Net Income Continuous Operations": 21942000.0,
        "Tax Provision": 9056000.0,
        "Pretax Income": 30998000.0,
        "Other Income Expense": -7018000.0,
        "Other Non Operating Income Expenses": -1579000.0,
        "Special Income Charges": -5439000.0,
        "Gain On Sale Of Ppe": 1490000.0,
        "Gain On Sale Of Business": 4639000.0,
        "Other Special Charges": 1839000.0,
        "Write Off": 7872000.0,
        "Impairment Of Capital Assets": 0.0,
        "Restructuring And Mergern Acquisition": 1857000.0,
        "Net Non Operating Interest Income Expense": -18525000.0,
        "Interest Expense Non Operating": 18873000.0,
        "Interest Income Non Operating": 348000.0,
        "Operating Income": 56541000.0,
        "Operating Expense": 33331000.0,
        "Depreciation Amortization Depletion Income Statement": 13784000.0,
        "Depreciation And Amortization In Income Statement": 13784000.0,
        "Depreciation Income Statement": 13784000.0,
        "Selling General And Administration": 19547000.0,
        "Selling And Marketing Expense": 8554000.0,
        "General And Administrative Expense": 10993000.0,
        "Other Gand A": 7782000.0,
        "Insurance And Claims": 758000.0,
        "Salaries And Wages": 2453000.0,
        "Gross Profit": 89872000.0,
        "Cost Of Revenue": 259418000.0,
        "Total Revenue": 349290000.0,
        "Operating Revenue": 349290000.0
    },
    "2025-01-31": {
        "Tax Effect Of Unusual Items": -782383.56564,
        "Tax Rate For Calcs": 0.298164,
        "Normalized EBITDA": 93878000.0,
        "Total Unusual Items": -2624000.0,
        "Total Unusual Items Excluding Goodwill": -2624000.0,
        "Net Income From Continuing Operation Net Minority Interest": 33686000.0,
        "Reconciled Depreciation": 18270000.0,
        "Reconciled Cost Of Revenue": 324096000.0,
        "EBITDA": 91254000.0,
        "EBIT": 72984000.0,
        "Net Interest Income": -24425000.0,
        "Interest Expense": 24987000.0,
        "Interest Income": 562000.0,
        "Normalized Income": 35527616.43436,
        "Net Income From Continuing And Discontinued Operation": 33686000.0,
        "Total Expenses": 392603000.0,
        "Rent Expense Supplemental": 117979000.0,
        "Total Operating Income As Reported": 74211000.0,
        "Diluted Average Shares": 19215000.0,
        "Basic Average Shares": 19050000.0,
        "Diluted EPS": 1.75,
        "Basic EPS": 1.77,
        "Diluted NI Availto Com Stockholders": 33686000.0,
        "Net Income Common Stockholders": 33686000.0,
        "Net Income": 33686000.0,
        "Net Income Including Noncontrolling Interests": 33686000.0,
        "Net Income Continuous Operations": 33686000.0,
        "Tax Provision": 14311000.0,
        "Pretax Income": 47997000.0,
        "Other Income Expense": -4413000.0,
        "Other Non Operating Income Expenses": -1789000.0,
        "Special Income Charges": -2624000.0,
        "Gain On Sale Of Ppe": -521000.0,
        "Gain On Sale Of Business": 2806000.0,
        "Other Special Charges": 1911000.0,
        "Write Off": NaN,
        "Impairment Of Capital Assets": 748000.0,
        "Restructuring And Mergern Acquisition": 2250000.0,
        "Net Non Operating Interest Income Expense": -24425000.0,
        "Interest Expense Non Operating": 24987000.0,
        "Interest Income Non Operating": 562000.0,
        "Operating Income": 76835000.0,
        "Operating Expense": 68507000.0,
        "Depreciation Amortization Depletion Income Statement": 18270000.0,
        "Depreciation And Amortization In Income Statement": 18270000.0,
        "Depreciation Income Statement": 18270000.0,
        "Selling General And Administration": 50237000.0,
        "Selling And Marketing Expense": 10539000.0,
        "General And Administrative Expense": 39698000.0,
        "Other Gand A": 36009000.0,
        "Insurance And Claims": NaN,
        "Salaries And Wages": 3689000.0,
        "Gross Profit": 145342000.0,
        "Cost Of Revenue": 324096000.0,
        "Total Revenue": 469438000.0,
        "Operating Revenue": 469438000.0
    }
}