{
    "2023-06-30": {
        "Tax Effect Of Unusual Items": NaN,
        "Tax Rate For Calcs": NaN,
        "Normalized EBITDA": NaN,
        "Total Unusual Items": NaN,
        "Total Unusual Items Excluding Goodwill": NaN,
        "Net Income From Continuing Operation Net Minority Interest": NaN,
        "Reconciled Depreciation": NaN,
        "Reconciled Cost Of Revenue": NaN,
        "EBITDA": NaN,
        "EBIT": NaN,
        "Net Interest Income": NaN,
        "Interest Expense": NaN,
        "Interest Income": NaN,
        "Normalized Income": NaN,
        "Net Income From Continuing And Discontinued Operation": NaN,
        "Total Expenses": NaN,
        "Total Operating Income As Reported": NaN,
        "Diluted Average Shares": NaN,
        "Basic Average Shares": NaN,
        "Diluted EPS": NaN,
        "Basic EPS": NaN,
        "Diluted NI Availto Com Stockholders": NaN,
        "Net Income Common Stockholders": NaN,
        "Otherunder Preferred Stock Dividend": 0.0,
        "Preferred Stock Dividends": 373000.0,
        "Net Income": NaN,
        "Minority Interests": NaN,
        "Net Income Including Noncontrolling Interests": NaN,
        "Net Income Continuous Operations": NaN,
        "Tax Provision": NaN,
        "Pretax Income": NaN,
        "Other Income Expense": NaN,
        "Other Non Operating Income Expenses": NaN,
        "Special Income Charges": NaN,
        "Other Special Charges": 1023000.0,
        "Impairment Of Capital Assets": 0.0,
        "Earnings From Equity Interest": NaN,
        "Gain On Sale Of Security": -6022000.0,
        "Net Non Operating Interest Income Expense": NaN,
        "Interest Expense Non Operating": NaN,
        "Interest Income Non Operating": NaN,
        "Operating Income": NaN,
        "Operating Expense": NaN,
        "Depreciation Amortization Depletion Income Statement": NaN,
        "Depreciation And Amortization In Income Statement": NaN,
        "Selling General And Administration": NaN,
        "Selling And Marketing Expense": NaN,
        "General And Administrative Expense": NaN,
        "Other Gand A": NaN,
        "Gross Profit": NaN,
        "Cost Of Revenue": NaN,
        "Total Revenue": NaN,
        "Operating Revenue": NaN
    },
    "2023-03-31": {
        "Tax Effect Of Unusual Items": NaN,
        "Tax Rate For Calcs": NaN,
        "Normalized EBITDA": NaN,
        "Total Unusual Items": NaN,
        "Total Unusual Items Excluding Goodwill": NaN,
        "Net Income From Continuing Operation Net Minority Interest": NaN,
        "Reconciled Depreciation": NaN,
        "Reconciled Cost Of Revenue": NaN,
        "EBITDA": NaN,
        "EBIT": NaN,
        "Net Interest Income": NaN,
        "Interest Expense": NaN,
        "Interest Income": NaN,
        "Normalized Income": NaN,
        "Net Income From Continuing And Discontinued Operation": NaN,
        "Total Expenses": NaN,
        "Total Operating Income As Reported": NaN,
        "Diluted Average Shares": NaN,
        "Basic Average Shares": NaN,
        "Diluted EPS": NaN,
        "Basic EPS": NaN,
        "Diluted NI Availto Com Stockholders": NaN,
        "Net Income Common Stockholders": NaN,
        "Otherunder Preferred Stock Dividend": 367000.0,
        "Preferred Stock Dividends": 367000.0,
        "Net Income": NaN,
        "Minority Interests": NaN,
        "Net Income Including Noncontrolling Interests": NaN,
        "Net Income Continuous Operations": NaN,
        "Tax Provision": NaN,
        "Pretax Income": NaN,
        "Other Income Expense": NaN,
        "Other Non Operating Income Expenses": NaN,
        "Special Income Charges": NaN,
        "Other Special Charges": NaN,
        "Impairment Of Capital Assets": NaN,
        "Earnings From Equity Interest": NaN,
        "Gain On Sale Of Security": 147000.0,
        "Net Non Operating Interest Income Expense": NaN,
        "Interest Expense Non Operating": NaN,
        "Interest Income Non Operating": NaN,
        "Operating Income": NaN,
        "Operating Expense": NaN,
        "Depreciation Amortization Depletion Income Statement": NaN,
        "Depreciation And Amortization In Income Statement": NaN,
        "Selling General And Administration": NaN,
        "Selling And Marketing Expense": NaN,
        "General And Administrative Expense": NaN,
        "Other Gand A": NaN,
        "Gross Profit": NaN,
        "Cost Of Revenue": NaN,
        "Total Revenue": NaN,
        "Operating Revenue": NaN
    },
    "2022-12-31": {
        "Tax Effect Of Unusual Items": NaN,
        "Tax Rate For Calcs": NaN,
        "Normalized EBITDA": NaN,
        "Total Unusual Items": NaN,
        "Total Unusual Items Excluding Goodwill": NaN,
        "Net Income From Continuing Operation Net Minority Interest": NaN,
        "Reconciled Depreciation": NaN,
        "Reconciled Cost Of Revenue": NaN,
        "EBITDA": NaN,
        "EBIT": NaN,
        "Net Interest Income": NaN,
        "Interest Expense": NaN,
        "Interest Income": NaN,
        "Normalized Income": NaN,
        "Net Income From Continuing And Discontinued Operation": NaN,
        "Total Expenses": NaN,
        "Total Operating Income As Reported": NaN,
        "Diluted Average Shares": NaN,
        "Basic Average Shares": NaN,
        "Diluted EPS": NaN,
        "Basic EPS": NaN,
        "Diluted NI Availto Com Stockholders": NaN,
        "Net Income Common Stockholders": NaN,
        "Otherunder Preferred Stock Dividend": NaN,
        "Preferred Stock Dividends": NaN,
        "Net Income": NaN,
        "Minority Interests": NaN,
        "Net Income Including Noncontrolling Interests": NaN,
        "Net Income Continuous Operations": NaN,
        "Tax Provision": NaN,
        "Pretax Income": NaN,
        "Other Income Expense": NaN,
        "Other Non Operating Income Expenses": NaN,
        "Special Income Charges": 0.0,
        "Other Special Charges": NaN,
        "Impairment Of Capital Assets": 0.0,
        "Earnings From Equity Interest": NaN,
        "Gain On Sale Of Security": 1429000.0,
        "Net Non Operating Interest Income Expense": NaN,
        "Interest Expense Non Operating": NaN,
        "Interest Income Non Operating": NaN,
        "Operating Income": NaN,
        "Operating Expense": NaN,
        "Depreciation Amortization Depletion Income Statement": NaN,
        "Depreciation And Amortization In Income Statement": NaN,
        "Selling General And Administration": NaN,
        "Selling And Marketing Expense": NaN,
        "General And Administrative Expense": NaN,
        "Other Gand A": NaN,
        "Gross Profit": NaN,
        "Cost Of Revenue": NaN,
        "Total Revenue": NaN,
        "Operating Revenue": NaN
    },
    "2022-09-30": {
        "Tax Effect Of Unusual Items": NaN,
        "Tax Rate For Calcs": NaN,
        "Normalized EBITDA": NaN,
        "Total Unusual Items": NaN,
        "Total Unusual Items Excluding Goodwill": NaN,
        "Net Income From Continuing Operation Net Minority Interest": NaN,
        "Reconciled Depreciation": NaN,
        "Reconciled Cost Of Revenue": NaN,
        "EBITDA": NaN,
        "EBIT": NaN,
        "Net Interest Income": NaN,
        "Interest Expense": NaN,
        "Interest Income": NaN,
        "Normalized Income": NaN,
        "Net Income From Continuing And Discontinued Operation": NaN,
        "Total Expenses": NaN,
        "Total Operating Income As Reported": NaN,
        "Diluted Average Shares": NaN,
        "Basic Average Shares": NaN,
        "Diluted EPS": NaN,
        "Basic EPS": NaN,
        "Diluted NI Availto Com Stockholders": NaN,
        "Net Income Common Stockholders": NaN,
        "Otherunder Preferred Stock Dividend": 357000.0,
        "Preferred Stock Dividends": NaN,
        "Net Income": NaN,
        "Minority Interests": NaN,
        "Net Income Including Noncontrolling Interests": NaN,
        "Net Income Continuous Operations": NaN,
        "Tax Provision": NaN,
        "Pretax Income": NaN,
        "Other Income Expense": NaN,
        "Other Non Operating Income Expenses": NaN,
        "Special Income Charges": 0.0,
        "Other Special Charges": NaN,
        "Impairment Of Capital Assets": 0.0,
        "Earnings From Equity Interest": 0.0,
        "Gain On Sale Of Security": NaN,
        "Net Non Operating Interest Income Expense": NaN,
        "Interest Expense Non Operating": NaN,
        "Interest Income Non Operating": NaN,
        "Operating Income": NaN,
        "Operating Expense": NaN,
        "Depreciation Amortization Depletion Income Statement": NaN,
        "Depreciation And Amortization In Income Statement": NaN,
        "Selling General And Administration": NaN,
        "Selling And Marketing Expense": NaN,
        "General And Administrative Expense": NaN,
        "Other Gand A": NaN,
        "Gross Profit": NaN,
        "Cost Of Revenue": NaN,
        "Total Revenue": NaN,
        "Operating Revenue": NaN
    },
    "2022-06-30": {
        "Tax Effect Of Unusual Items": 277494.862205,
        "Tax Rate For Calcs": 0.048437,
        "Normalized EBITDA": 24727000.0,
        "Total Unusual Items": 5729000.0,
        "Total Unusual Items Excluding Goodwill": 5729000.0,
        "Net Income From Continuing Operation Net Minority Interest": 26560000.0,
        "Reconciled Depreciation": 578000.0,
        "Reconciled Cost Of Revenue": 159532000.0,
        "EBITDA": 30456000.0,
        "EBIT": 29878000.0,
        "Net Interest Income": -2331000.0,
        "Interest Expense": 2337000.0,
        "Interest Income": 6000.0,
        "Normalized Income": 21108494.862205,
        "Net Income From Continuing And Discontinued Operation": 26560000.0,
        "Total Expenses": 196462000.0,
        "Total Operating Income As Reported": 23660000.0,
        "Diluted Average Shares": 10037000.0,
        "Basic Average Shares": 9588000.0,
        "Diluted EPS": 2.61,
        "Basic EPS": 2.73,
        "Diluted NI Availto Com Stockholders": 26209000.0,
        "Net Income Common Stockholders": 26209000.0,
        "Otherunder Preferred Stock Dividend": 351000.0,
        "Net Income": 26560000.0,
        "Minority Interests": 353000.0,
        "Net Income Including Noncontrolling Interests": 26207000.0,
        "Net Income Continuous Operations": 26207000.0,
        "Tax Provision": 1334000.0,
        "Pretax Income": 27541000.0,
        "Other Income Expense": 5912000.0,
        "Other Non Operating Income Expenses": 183000.0,
        "Special Income Charges": -300000.0,
        "Other Special Charges": NaN,
        "Impairment Of Capital Assets": 300000.0,
        "Earnings From Equity Interest": NaN,
        "Gain On Sale Of Security": 6029000.0,
        "Net Non Operating Interest Income Expense": -2331000.0,
        "Interest Expense Non Operating": 2337000.0,
        "Interest Income Non Operating": 6000.0,
        "Operating Income": 23960000.0,
        "Operating Expense": 36930000.0,
        "Depreciation Amortization Depletion Income Statement": 578000.0,
        "Depreciation And Amortization In Income Statement": 578000.0,
        "Selling General And Administration": 36352000.0,
        "Selling And Marketing Expense": 6838000.0,
        "General And Administrative Expense": 29514000.0,
        "Other Gand A": 29514000.0,
        "Gross Profit": 60890000.0,
        "Cost Of Revenue": 159532000.0,
        "Total Revenue": 220422000.0,
        "Operating Revenue": 220422000.0
    },
    "2022-03-31": {
        "Diluted EPS": -0.43,
        "Total Revenue": 121,
        "Gross Profit": 30,
        "Operating Income": -1,
        "EBIT": 1,
        "Net Income": -4
    },
    "2021-12-31": {
        "Diluted EPS": 2.07,
        "Total Revenue": 188,
        "Gross Profit": 50,
        "Operating Income": 3,
        "EBIT": 5,
        "Net Income": -4
    },
    "2021-09-30": {
        "Diluted EPS": 3.97,
        "Total Revenue": 237,
        "Gross Profit": 75,
        "Operating Income": 37,
        "EBIT": 41,
        "Net Income": 36
    },
    "2021-06-30": {
        "Diluted EPS": -2.48,
        "Total Revenue": 112,
        "Gross Profit": 32,
        "Operating Income": 2,
        "EBIT": 6,
        "Net Income": -15
    },
    "2021-03-31": {
        "Diluted EPS": -4.54,
        "Total Revenue": 84,
        "Gross Profit": 26,
        "Operating Income": -3,
        "EBIT": 0,
        "Net Income": -24
    },
    "2020-12-31": {
        "Diluted EPS": 4.33,
        "Total Revenue": 128,
        "Gross Profit": 42,
        "Operating Income": 1,
        "EBIT": 4,
        "Net Income": -12
    },
    "2020-09-30": {
        "Diluted EPS": 3.19,
        "Total Revenue": 242,
        "Gross Profit": 75,
        "Operating Income": 38,
        "EBIT": 43,
        "Net Income": 32
    },
    "2020-06-30": {
        "Diluted EPS": -7.7,
        "Total Revenue": 79,
        "Gross Profit": 17,
        "Operating Income": -10,
        "EBIT": -6,
        "Net Income": -24
    },
    "2020-03-31": {
        "Diluted EPS": -4.09,
        "Total Revenue": 67,
        "Gross Profit": 16,
        "Operating Income": -16,
        "EBIT": -13,
        "Net Income": -12
    },
    "2019-12-31": {
        "Diluted EPS": -4.7,
        "Total Revenue": 153,
        "Gross Profit": 46,
        "Operating Income": -11,
        "EBIT": -7,
        "Net Income": -21
    },
    "2019-09-30": {
        "Diluted EPS": 5.08,
        "Total Revenue": 280,
        "Gross Profit": 81,
        "Operating Income": 36,
        "EBIT": 43,
        "Net Income": 16
    },
    "2019-06-30": {
        "Diluted EPS": -9.55,
        "Total Revenue": 95,
        "Gross Profit": 18,
        "Operating Income": -19,
        "EBIT": -14,
        "Net Income": -23
    },
    "2019-03-31": {
        "Diluted EPS": -12.4,
        "Total Revenue": 71,
        "Gross Profit": 14,
        "Operating Income": -24,
        "EBIT": -20,
        "Net Income": -29
    },
    "2018-12-31": {
        "Diluted EPS": 1.56,
        "Total Revenue": 132,
        "Gross Profit": 40,
        "Operating Income": -4,
        "EBIT": -1,
        "Net Income": -3
    },
    "2018-09-30": {
        "Diluted EPS": 3.8,
        "Total Revenue": 237,
        "Gross Profit": 64,
        "Operating Income": 20,
        "EBIT": 27,
        "Net Income": 16
    },
    "2018-06-30": {
        "Diluted EPS": -8.0,
        "Total Revenue": 106,
        "Gross Profit": 28,
        "Operating Income": -12,
        "EBIT": -7,
        "Net Income": -19
    },
    "2018-03-31": {
        "Diluted EPS": -15.7,
        "Total Revenue": 93,
        "Gross Profit": 23,
        "Operating Income": -36,
        "EBIT": -32,
        "Net Income": -36
    },
    "2017-12-31": {
        "Diluted EPS": -13.4,
        "Total Revenue": 137,
        "Gross Profit": 30,
        "Operating Income": -27,
        "EBIT": -24,
        "Net Income": -30
    },
    "2017-09-30": {
        "Diluted EPS": -7.7,
        "Total Revenue": 262,
        "Gross Profit": 62,
        "Operating Income": -8,
        "EBIT": 9,
        "Net Income": -18
    },
    "2017-06-30": {
        "Diluted EPS": -7.7,
        "Total Revenue": 120,
        "Gross Profit": 34,
        "Operating Income": -14,
        "EBIT": -8,
        "Net Income": -17
    },
    "2017-03-31": {
        "Diluted EPS": -10.1,
        "Total Revenue": 95,
        "Gross Profit": 30,
        "Operating Income": -16,
        "EBIT": -11,
        "Net Income": -18
    },
    "2016-12-31": {
        "Diluted EPS": 5.3,
        "Total Revenue": 167,
        "Gross Profit": 52,
        "Operating Income": -2,
        "EBIT": 4,
        "Net Income": -8
    },
    "2016-09-30": {
        "Diluted EPS": 8.2,
        "Total Revenue": 303,
        "Gross Profit": 95,
        "Operating Income": 34,
        "EBIT": 43,
        "Net Income": 31
    },
    "2016-06-30": {
        "Diluted EPS": -2.7,
        "Total Revenue": 141,
        "Gross Profit": 45,
        "Operating Income": -1,
        "EBIT": 4,
        "Net Income": -4
    },
    "2016-03-31": {
        "Diluted EPS": -10.1,
        "Total Revenue": 96,
        "Gross Profit": 31,
        "Operating Income": -14,
        "EBIT": -9,
        "Net Income": -17
    },
    "2015-12-31": {
        "Diluted EPS": 2.9,
        "Total Revenue": 163,
        "Gross Profit": 50,
        "Operating Income": -7,
        "EBIT": -2,
        "Net Income": -9
    },
    "2015-09-30": {
        "Diluted EPS": 11.2,
        "Total Revenue": 337,
        "Gross Profit": 104,
        "Operating Income": 45,
        "EBIT": 52,
        "Net Income": 46
    },
    "2015-06-30": {
        "Diluted EPS": -3.0,
        "Total Revenue": 131,
        "Gross Profit": 39,
        "Operating Income": -3,
        "EBIT": 2,
        "Net Income": -6
    },
    "2015-03-31": {
        "Diluted EPS": -4.0,
        "Total Revenue": 114,
        "Gross Profit": 35,
        "Operating Income": -4,
        "EBIT": -1,
        "Net Income": -8
    },
    "2014-12-31": {
        "Diluted EPS": 8.4,
        "Total Revenue": 254,
        "Gross Profit": 80,
        "Operating Income": 7,
        "EBIT": 11,
        "Net Income": 3
    },
    "2014-09-30": {
        "Diluted EPS": 10.3,
        "Total Revenue": 349,
        "Gross Profit": 95,
        "Operating Income": 44,
        "EBIT": 53,
        "Net Income": 44
    },
    "2014-06-30": {
        "Diluted EPS": -4.3,
        "Total Revenue": 124,
        "Gross Profit": 38,
        "Operating Income": -5,
        "EBIT": 1,
        "Net Income": -9
    },
    "2014-03-31": {
        "Diluted EPS": -7.4,
        "Total Revenue": 83,
        "Gross Profit": 24,
        "Operating Income": -15,
        "EBIT": -12,
        "Net Income": -16
    },
    "2013-12-31": {
        "Diluted EPS": -1.4,
        "Total Revenue": 138,
        "Gross Profit": 39,
        "Operating Income": -16,
        "EBIT": -11,
        "Net Income": -16
    },
    "2013-09-30": {
        "Diluted EPS": 11.1,
        "Total Revenue": 311,
        "Gross Profit": 91,
        "Operating Income": 40,
        "EBIT": 50,
        "Net Income": 37
    },
    "2013-06-30": {
        "Diluted EPS": -21.4,
        "Total Revenue": 106,
        "Gross Profit": 2,
        "Operating Income": -44,
        "EBIT": -38,
        "Net Income": -47
    },
    "2013-03-31": {
        "Diluted EPS": -12.6,
        "Total Revenue": 78,
        "Gross Profit": 23,
        "Operating Income": -24,
        "EBIT": -20,
        "Net Income": -28
    },
    "2012-12-31": {
        "Diluted EPS": -48.6,
        "Total Revenue": 134,
        "Gross Profit": 31,
        "Operating Income": -31,
        "EBIT": -28,
        "Net Income": -119
    },
    "2012-09-30": {
        "Diluted EPS": 11.0,
        "Total Revenue": 314,
        "Gross Profit": 97,
        "Operating Income": 37,
        "EBIT": 50,
        "Net Income": 30
    },
    "2012-06-30": {
        "Diluted EPS": 0.1,
        "Total Revenue": 145,
        "Gross Profit": 47,
        "Operating Income": 0,
        "EBIT": 6,
        "Net Income": 0
    },
    "2012-03-31": {
        "Diluted EPS": -6.2,
        "Total Revenue": 73,
        "Gross Profit": 24,
        "Operating Income": -19,
        "EBIT": -16,
        "Net Income": -16
    },
    "2011-12-31": {
        "Diluted EPS": -5.5,
        "Total Revenue": 141,
        "Gross Profit": 19,
        "Operating Income": -36,
        "EBIT": -31,
        "Net Income": -20
    },
    "2011-09-30": {
        "Diluted EPS": 11.0,
        "Total Revenue": 332,
        "Gross Profit": 106,
        "Operating Income": 50,
        "EBIT": 61,
        "Net Income": 35
    },
    "2011-06-30": {
        "Diluted EPS": 1.6,
        "Total Revenue": 132,
        "Gross Profit": 45,
        "Operating Income": 2,
        "EBIT": 8,
        "Net Income": 4
    },
    "2011-03-31": {
        "Diluted EPS": -3.9,
        "Total Revenue": 72,
        "Gross Profit": 24,
        "Operating Income": -15,
        "EBIT": -11,
        "Net Income": -11
    },
    "2010-12-31": {
        "Diluted EPS": 3.7,
        "Total Revenue": 198,
        "Gross Profit": 66,
        "Operating Income": 11,
        "EBIT": 17,
        "Net Income": 9
    },
    "2010-09-30": {
        "Diluted EPS": 12.3,
        "Total Revenue": 349,
        "Gross Profit": 111,
        "Operating Income": 52,
        "EBIT": 64,
        "Net Income": 40
    },
    "2010-06-30": {
        "Diluted EPS": 1.1,
        "Total Revenue": 123,
        "Gross Profit": 43,
        "Operating Income": 1,
        "EBIT": 8,
        "Net Income": 3
    },
    "2010-03-31": {
        "Diluted EPS": -1.9,
        "Total Revenue": 77,
        "Gross Profit": 25,
        "Operating Income": -14,
        "EBIT": -9,
        "Net Income": -5
    },
    "2009-12-31": {
        "Diluted EPS": 2.8,
        "Total Revenue": 199,
        "Gross Profit": 56,
        "Operating Income": -12,
        "EBIT": -1,
        "Net Income": -2
    },
    "2009-09-30": {
        "Diluted EPS": 10.6,
        "Total Revenue": 351,
        "Gross Profit": 116,
        "Operating Income": 52,
        "EBIT": 68,
        "Net Income": 34
    },
    "2009-06-30": {
        "Diluted EPS": -149.6,
        "Total Revenue": 145,
        "Gross Profit": -6,
        "Operating Income": -475,
        "EBIT": -61,
        "Net Income": -407
    },
    "2009-03-31": {
        "Diluted EPS": -4.0,
        "Total Revenue": 109,
        "Gross Profit": 37,
        "Operating Income": -18,
        "EBIT": -13,
        "Net Income": -11
    },
    "2023-09-30": {
        "Tax Effect Of Unusual Items": NaN,
        "Tax Rate For Calcs": NaN,
        "Normalized EBITDA": NaN,
        "Total Unusual Items": -793000.0,
        "Total Unusual Items Excluding Goodwill": -793000.0,
        "Net Income From Continuing Operation Net Minority Interest": NaN,
        "Reconciled Depreciation": NaN,
        "Reconciled Cost Of Revenue": NaN,
        "EBITDA": NaN,
        "EBIT": NaN,
        "Net Interest Income": NaN,
        "Interest Expense": NaN,
        "Interest Income": NaN,
        "Normalized Income": NaN,
        "Net Income From Continuing And Discontinued Operation": NaN,
        "Total Expenses": NaN,
        "Total Operating Income As Reported": NaN,
        "Diluted Average Shares": NaN,
        "Basic Average Shares": NaN,
        "Diluted EPS": NaN,
        "Basic EPS": NaN,
        "Diluted NI Availto Com Stockholders": NaN,
        "Net Income Common Stockholders": NaN,
        "Otherunder Preferred Stock Dividend": 378000.0,
        "Preferred Stock Dividends": 378000.0,
        "Net Income": NaN,
        "Minority Interests": NaN,
        "Net Income Including Noncontrolling Interests": NaN,
        "Net Income Continuous Operations": NaN,
        "Tax Provision": NaN,
        "Pretax Income": NaN,
        "Other Income Expense": NaN,
        "Other Non Operating Income Expenses": NaN,
        "Special Income Charges": 0.0,
        "Other Special Charges": NaN,
        "Impairment Of Capital Assets": 0.0,
        "Earnings From Equity Interest": 0.0,
        "Gain On Sale Of Security": -793000.0,
        "Net Non Operating Interest Income Expense": NaN,
        "Interest Expense Non Operating": NaN,
        "Interest Income Non Operating": NaN,
        "Operating Income": NaN,
        "Operating Expense": NaN,
        "Depreciation Amortization Depletion Income Statement": NaN,
        "Depreciation And Amortization In Income Statement": NaN,
        "Selling General And Administration": NaN,
        "Selling And Marketing Expense": NaN,
        "General And Administrative Expense": NaN,
        "Other Gand A": NaN,
        "Gross Profit": NaN,
        "Cost Of Revenue": NaN,
        "Total Revenue": NaN,
        "Operating Revenue": NaN
    },
    "2023-12-31": {
        "Tax Effect Of Unusual Items": NaN,
        "Tax Rate For Calcs": NaN,
        "Normalized EBITDA": NaN,
        "Total Unusual Items": -1361000.0,
        "Total Unusual Items Excluding Goodwill": -1361000.0,
        "Net Income From Continuing Operation Net Minority Interest": NaN,
        "Reconciled Depreciation": NaN,
        "Reconciled Cost Of Revenue": NaN,
        "EBITDA": NaN,
        "EBIT": NaN,
        "Net Interest Income": NaN,
        "Interest Expense": NaN,
        "Interest Income": NaN,
        "Normalized Income": NaN,
        "Net Income From Continuing And Discontinued Operation": NaN,
        "Total Expenses": NaN,
        "Total Operating Income As Reported": NaN,
        "Diluted Average Shares": NaN,
        "Basic Average Shares": NaN,
        "Diluted EPS": NaN,
        "Basic EPS": NaN,
        "Diluted NI Availto Com Stockholders": NaN,
        "Net Income Common Stockholders": NaN,
        "Otherunder Preferred Stock Dividend": NaN,
        "Preferred Stock Dividends": NaN,
        "Net Income": NaN,
        "Minority Interests": NaN,
        "Net Income Including Noncontrolling Interests": NaN,
        "Net Income Continuous Operations": NaN,
        "Tax Provision": NaN,
        "Pretax Income": NaN,
        "Other Income Expense": NaN,
        "Other Non Operating Income Expenses": NaN,
        "Special Income Charges": 0.0,
        "Other Special Charges": 0.0,
        "Impairment Of Capital Assets": 0.0,
        "Earnings From Equity Interest": 0.0,
        "Gain On Sale Of Security": -1361000.0,
        "Net Non Operating Interest Income Expense": NaN,
        "Interest Expense Non Operating": NaN,
        "Interest Income Non Operating": NaN,
        "Operating Income": NaN,
        "Operating Expense": NaN,
        "Depreciation Amortization Depletion Income Statement": NaN,
        "Depreciation And Amortization In Income Statement": NaN,
        "Selling General And Administration": NaN,
        "Selling And Marketing Expense": NaN,
        "General And Administrative Expense": NaN,
        "Other Gand A": NaN,
        "Gross Profit": NaN,
        "Cost Of Revenue": NaN,
        "Total Revenue": NaN,
        "Operating Revenue": NaN
    },
    "2024-03-31": {
        "Tax Effect Of Unusual Items": 0.0,
        "Tax Rate For Calcs": 0.3211,
        "Normalized EBITDA": -19296000.0,
        "Total Unusual Items": NaN,
        "Total Unusual Items Excluding Goodwill": NaN,
        "Net Income From Continuing Operation Net Minority Interest": -14505000.0,
        "Reconciled Depreciation": 1514000.0,
        "Reconciled Cost Of Revenue": 67597000.0,
        "EBITDA": -19296000.0,
        "EBIT": -20810000.0,
        "Net Interest Income": 233000.0,
        "Interest Expense": 143000.0,
        "Interest Income": 376000.0,
        "Normalized Income": -14505000.0,
        "Net Income From Continuing And Discontinued Operation": -14505000.0,
        "Total Expenses": 111400000.0,
        "Total Operating Income As Reported": -21324000.0,
        "Diluted Average Shares": 10354000.0,
        "Basic Average Shares": 10354000.0,
        "Diluted EPS": -1.27,
        "Basic EPS": -1.27,
        "Diluted NI Availto Com Stockholders": -13175000.0,
        "Net Income Common Stockholders": -13175000.0,
        "Otherunder Preferred Stock Dividend": -1330000.0,
        "Preferred Stock Dividends": NaN,
        "Net Income": -14505000.0,
        "Minority Interests": -280000.0,
        "Net Income Including Noncontrolling Interests": -14225000.0,
        "Net Income Continuous Operations": -14225000.0,
        "Tax Provision": -6728000.0,
        "Pretax Income": -20953000.0,
        "Other Income Expense": 138000.0,
        "Other Non Operating Income Expenses": 138000.0,
        "Special Income Charges": NaN,
        "Other Special Charges": NaN,
        "Impairment Of Capital Assets": NaN,
        "Earnings From Equity Interest": NaN,
        "Gain On Sale Of Security": NaN,
        "Net Non Operating Interest Income Expense": 233000.0,
        "Interest Expense Non Operating": 143000.0,
        "Interest Income Non Operating": 376000.0,
        "Operating Income": -21324000.0,
        "Operating Expense": 42376000.0,
        "Depreciation Amortization Depletion Income Statement": 87000.0,
        "Depreciation And Amortization In Income Statement": 87000.0,
        "Selling General And Administration": 42289000.0,
        "Selling And Marketing Expense": 8097000.0,
        "General And Administrative Expense": 34192000.0,
        "Other Gand A": 34192000.0,
        "Gross Profit": 21052000.0,
        "Cost Of Revenue": 69024000.0,
        "Total Revenue": 90076000.0,
        "Operating Revenue": 90076000.0
    },
    "2024-06-30": {
        "Tax Effect Of Unusual Items": 0.0,
        "Tax Rate For Calcs": 0.302,
        "Normalized EBITDA": 9937000.0,
        "Total Unusual Items": 0.0,
        "Total Unusual Items Excluding Goodwill": 0.0,
        "Net Income From Continuing Operation Net Minority Interest": 5266000.0,
        "Reconciled Depreciation": 2134000.0,
        "Reconciled Cost Of Revenue": 98993000.0,
        "EBITDA": 9937000.0,
        "EBIT": 7803000.0,
        "Net Interest Income": -168000.0,
        "Interest Expense": 256000.0,
        "Interest Income": 88000.0,
        "Normalized Income": 5266000.0,
        "Net Income From Continuing And Discontinued Operation": 5266000.0,
        "Total Expenses": 140976000.0,
        "Total Operating Income As Reported": 7643000.0,
        "Diluted Average Shares": 11245000.0,
        "Basic Average Shares": 10801000.0,
        "Diluted EPS": 0.47,
        "Basic EPS": 0.49,
        "Diluted NI Availto Com Stockholders": 5266000.0,
        "Net Income Common Stockholders": 5266000.0,
        "Otherunder Preferred Stock Dividend": 0.0,
        "Preferred Stock Dividends": NaN,
        "Net Income": 5266000.0,
        "Minority Interests": 0.0,
        "Net Income Including Noncontrolling Interests": 5266000.0,
        "Net Income Continuous Operations": 5266000.0,
        "Tax Provision": 2281000.0,
        "Pretax Income": 7547000.0,
        "Other Income Expense": 72000.0,
        "Other Non Operating Income Expenses": 72000.0,
        "Special Income Charges": 0.0,
        "Other Special Charges": NaN,
        "Impairment Of Capital Assets": NaN,
        "Earnings From Equity Interest": 0.0,
        "Gain On Sale Of Security": NaN,
        "Net Non Operating Interest Income Expense": -168000.0,
        "Interest Expense Non Operating": 256000.0,
        "Interest Income Non Operating": 88000.0,
        "Operating Income": 7643000.0,
        "Operating Expense": 39942000.0,
        "Depreciation Amortization Depletion Income Statement": 93000.0,
        "Depreciation And Amortization In Income Statement": 93000.0,
        "Selling General And Administration": 39849000.0,
        "Selling And Marketing Expense": 6255000.0,
        "General And Administrative Expense": 33594000.0,
        "Other Gand A": 33594000.0,
        "Gross Profit": 47585000.0,
        "Cost Of Revenue": 101034000.0,
        "Total Revenue": 148619000.0,
        "Operating Revenue": 148619000.0
    },
    "2024-09-30": {
        "Tax Effect Of Unusual Items": 0.0,
        "Tax Rate For Calcs": 0.228,
        "Normalized EBITDA": 72325000.0,
        "Total Unusual Items": 0.0,
        "Total Unusual Items Excluding Goodwill": 0.0,
        "Net Income From Continuing Operation Net Minority Interest": 52272000.0,
        "Reconciled Depreciation": 4089000.0,
        "Reconciled Cost Of Revenue": 208781000.0,
        "EBITDA": 72325000.0,
        "EBIT": 68236000.0,
        "Net Interest Income": -470000.0,
        "Interest Expense": 539000.0,
        "Interest Income": 69000.0,
        "Normalized Income": 52272000.0,
        "Net Income From Continuing And Discontinued Operation": 52272000.0,
        "Total Expenses": 253523000.0,
        "Total Operating Income As Reported": 68083000.0,
        "Diluted Average Shares": 11275000.0,
        "Basic Average Shares": 10942000.0,
        "Diluted EPS": 4.64,
        "Basic EPS": 4.78,
        "Diluted NI Availto Com Stockholders": 52272000.0,
        "Net Income Common Stockholders": 52272000.0,
        "Otherunder Preferred Stock Dividend": NaN,
        "Preferred Stock Dividends": NaN,
        "Net Income": 52272000.0,
        "Minority Interests": 0.0,
        "Net Income Including Noncontrolling Interests": 52272000.0,
        "Net Income Continuous Operations": 52272000.0,
        "Tax Provision": 15425000.0,
        "Pretax Income": 67697000.0,
        "Other Income Expense": 84000.0,
        "Other Non Operating Income Expenses": 84000.0,
        "Special Income Charges": 0.0,
        "Other Special Charges": NaN,
        "Impairment Of Capital Assets": NaN,
        "Earnings From Equity Interest": 0.0,
        "Gain On Sale Of Security": NaN,
        "Net Non Operating Interest Income Expense": -470000.0,
        "Interest Expense Non Operating": 539000.0,
        "Interest Income Non Operating": 69000.0,
        "Operating Income": 68083000.0,
        "Operating Expense": 40748000.0,
        "Depreciation Amortization Depletion Income Statement": 95000.0,
        "Depreciation And Amortization In Income Statement": 95000.0,
        "Selling General And Administration": 40653000.0,
        "Selling And Marketing Expense": 7552000.0,
        "General And Administrative Expense": 33101000.0,
        "Other Gand A": 33101000.0,
        "Gross Profit": 108831000.0,
        "Cost Of Revenue": 212775000.0,
        "Total Revenue": 321606000.0,
        "Operating Revenue": 321606000.0
    },
    "2024-12-31": {
        "Tax Effect Of Unusual Items": 0.0,
        "Tax Rate For Calcs": 0.374064,
        "Normalized EBITDA": -12093000.0,
        "Total Unusual Items": 0.0,
        "Total Unusual Items Excluding Goodwill": 0.0,
        "Net Income From Continuing Operation Net Minority Interest": -9113000.0,
        "Reconciled Depreciation": 2309000.0,
        "Reconciled Cost Of Revenue": 92996000.0,
        "EBITDA": -12093000.0,
        "EBIT": -14402000.0,
        "Net Interest Income": 151000.0,
        "Interest Expense": 157000.0,
        "Interest Income": 308000.0,
        "Normalized Income": -9113000.0,
        "Net Income From Continuing And Discontinued Operation": -9113000.0,
        "Total Expenses": 145459000.0,
        "Total Operating Income As Reported": -14718000.0,
        "Diluted Average Shares": 11008000.0,
        "Basic Average Shares": 11008000.0,
        "Diluted EPS": -0.83,
        "Basic EPS": -0.83,
        "Diluted NI Availto Com Stockholders": -9113000.0,
        "Net Income Common Stockholders": -9113000.0,
        "Otherunder Preferred Stock Dividend": NaN,
        "Preferred Stock Dividends": 0.0,
        "Net Income": -9113000.0,
        "Minority Interests": 0.0,
        "Net Income Including Noncontrolling Interests": -9113000.0,
        "Net Income Continuous Operations": -9113000.0,
        "Tax Provision": -5446000.0,
        "Pretax Income": -14559000.0,
        "Other Income Expense": 8000.0,
        "Other Non Operating Income Expenses": 8000.0,
        "Special Income Charges": 0.0,
        "Other Special Charges": NaN,
        "Impairment Of Capital Assets": NaN,
        "Earnings From Equity Interest": 0.0,
        "Gain On Sale Of Security": NaN,
        "Net Non Operating Interest Income Expense": 151000.0,
        "Interest Expense Non Operating": 157000.0,
        "Interest Income Non Operating": 308000.0,
        "Operating Income": -14718000.0,
        "Operating Expense": 50271000.0,
        "Depreciation Amortization Depletion Income Statement": 117000.0,
        "Depreciation And Amortization In Income Statement": 117000.0,
        "Selling General And Administration": 50154000.0,
        "Selling And Marketing Expense": 18201000.0,
        "General And Administrative Expense": 31953000.0,
        "Other Gand A": 31953000.0,
        "Gross Profit": 35553000.0,
        "Cost Of Revenue": 95188000.0,
        "Total Revenue": 130741000.0,
        "Operating Revenue": 130741000.0
    },
    "2025-03-31": {
        "Tax Effect Of Unusual Items": 0.0,
        "Tax Rate For Calcs": 0.328068,
        "Normalized EBITDA": -1831000.0,
        "Total Unusual Items": NaN,
        "Total Unusual Items Excluding Goodwill": NaN,
        "Net Income From Continuing Operation Net Minority Interest": -2382000.0,
        "Reconciled Depreciation": 1559000.0,
        "Reconciled Cost Of Revenue": 72794000.0,
        "EBITDA": -1831000.0,
        "EBIT": -3390000.0,
        "Net Interest Income": 207000.0,
        "Interest Expense": 155000.0,
        "Interest Income": 362000.0,
        "Normalized Income": -2382000.0,
        "Net Income From Continuing And Discontinued Operation": -2382000.0,
        "Total Expenses": 117010000.0,
        "Total Operating Income As Reported": -3757000.0,
        "Diluted Average Shares": 11146000.0,
        "Basic Average Shares": 11146000.0,
        "Diluted EPS": -0.21,
        "Basic EPS": -0.21,
        "Diluted NI Availto Com Stockholders": -2382000.0,
        "Net Income Common Stockholders": -2382000.0,
        "Otherunder Preferred Stock Dividend": 0.0,
        "Preferred Stock Dividends": NaN,
        "Net Income": -2382000.0,
        "Minority Interests": 0.0,
        "Net Income Including Noncontrolling Interests": -2382000.0,
        "Net Income Continuous Operations": -2382000.0,
        "Tax Provision": -1163000.0,
        "Pretax Income": -3545000.0,
        "Other Income Expense": 5000.0,
        "Other Non Operating Income Expenses": 5000.0,
        "Special Income Charges": NaN,
        "Other Special Charges": NaN,
        "Impairment Of Capital Assets": NaN,
        "Earnings From Equity Interest": NaN,
        "Gain On Sale Of Security": NaN,
        "Net Non Operating Interest Income Expense": 207000.0,
        "Interest Expense Non Operating": 155000.0,
        "Interest Income Non Operating": 362000.0,
        "Operating Income": -3757000.0,
        "Operating Expense": 42770000.0,
        "Depreciation Amortization Depletion Income Statement": 113000.0,
        "Depreciation And Amortization In Income Statement": 113000.0,
        "Selling General And Administration": 42657000.0,
        "Selling And Marketing Expense": 8696000.0,
        "General And Administrative Expense": 33961000.0,
        "Other Gand A": 33961000.0,
        "Gross Profit": 39013000.0,
        "Cost Of Revenue": 74240000.0,
        "Total Revenue": 113253000.0,
        "Operating Revenue": 113253000.0
    }
}