{
    "2023-03-31": {
        "Tax Effect Of Unusual Items": NaN,
        "Tax Rate For Calcs": NaN,
        "Normalized EBITDA": NaN,
        "Total Unusual Items": NaN,
        "Total Unusual Items Excluding Goodwill": NaN,
        "Net Income From Continuing Operation Net Minority Interest": NaN,
        "Reconciled Depreciation": NaN,
        "Reconciled Cost Of Revenue": NaN,
        "EBITDA": NaN,
        "EBIT": NaN,
        "Net Interest Income": NaN,
        "Interest Income": NaN,
        "Normalized Income": NaN,
        "Net Income From Continuing And Discontinued Operation": NaN,
        "Total Expenses": NaN,
        "Total Operating Income As Reported": NaN,
        "Diluted Average Shares": NaN,
        "Basic Average Shares": NaN,
        "Diluted EPS": NaN,
        "Basic EPS": NaN,
        "Diluted NI Availto Com Stockholders": NaN,
        "Net Income Common Stockholders": NaN,
        "Net Income": NaN,
        "Net Income Including Noncontrolling Interests": NaN,
        "Net Income Continuous Operations": NaN,
        "Tax Provision": NaN,
        "Pretax Income": NaN,
        "Other Income Expense": NaN,
        "Special Income Charges": NaN,
        "Restructuring And Mergern Acquisition": NaN,
        "Gain On Sale Of Security": NaN,
        "Net Non Operating Interest Income Expense": NaN,
        "Total Other Finance Cost": -1285000.0,
        "Interest Income Non Operating": NaN,
        "Operating Income": NaN,
        "Operating Expense": NaN,
        "Other Taxes": NaN,
        "Depreciation Amortization Depletion Income Statement": NaN,
        "Depreciation And Amortization In Income Statement": NaN,
        "Amortization": NaN,
        "Amortization Of Intangibles Income Statement": NaN,
        "Depreciation Income Statement": NaN,
        "Research And Development": NaN,
        "Selling General And Administration": NaN,
        "Selling And Marketing Expense": NaN,
        "General And Administrative Expense": NaN,
        "Other Gand A": NaN,
        "Salaries And Wages": NaN,
        "Gross Profit": NaN,
        "Cost Of Revenue": NaN,
        "Total Revenue": NaN,
        "Operating Revenue": NaN
    },
    "2022-12-31": {
        "Tax Effect Of Unusual Items": NaN,
        "Tax Rate For Calcs": NaN,
        "Normalized EBITDA": NaN,
        "Total Unusual Items": NaN,
        "Total Unusual Items Excluding Goodwill": NaN,
        "Net Income From Continuing Operation Net Minority Interest": NaN,
        "Reconciled Depreciation": NaN,
        "Reconciled Cost Of Revenue": NaN,
        "EBITDA": NaN,
        "EBIT": NaN,
        "Net Interest Income": NaN,
        "Interest Income": NaN,
        "Normalized Income": NaN,
        "Net Income From Continuing And Discontinued Operation": NaN,
        "Total Expenses": NaN,
        "Total Operating Income As Reported": NaN,
        "Diluted Average Shares": NaN,
        "Basic Average Shares": NaN,
        "Diluted EPS": NaN,
        "Basic EPS": NaN,
        "Diluted NI Availto Com Stockholders": NaN,
        "Net Income Common Stockholders": NaN,
        "Net Income": NaN,
        "Net Income Including Noncontrolling Interests": NaN,
        "Net Income Continuous Operations": NaN,
        "Tax Provision": NaN,
        "Pretax Income": NaN,
        "Other Income Expense": NaN,
        "Special Income Charges": 0.0,
        "Restructuring And Mergern Acquisition": NaN,
        "Gain On Sale Of Security": NaN,
        "Net Non Operating Interest Income Expense": NaN,
        "Total Other Finance Cost": NaN,
        "Interest Income Non Operating": NaN,
        "Operating Income": NaN,
        "Operating Expense": NaN,
        "Other Taxes": NaN,
        "Depreciation Amortization Depletion Income Statement": NaN,
        "Depreciation And Amortization In Income Statement": NaN,
        "Amortization": NaN,
        "Amortization Of Intangibles Income Statement": NaN,
        "Depreciation Income Statement": NaN,
        "Research And Development": NaN,
        "Selling General And Administration": NaN,
        "Selling And Marketing Expense": NaN,
        "General And Administrative Expense": NaN,
        "Other Gand A": NaN,
        "Salaries And Wages": NaN,
        "Gross Profit": NaN,
        "Cost Of Revenue": NaN,
        "Total Revenue": NaN,
        "Operating Revenue": NaN
    },
    "2022-09-30": {
        "Tax Effect Of Unusual Items": NaN,
        "Tax Rate For Calcs": NaN,
        "Normalized EBITDA": NaN,
        "Total Unusual Items": NaN,
        "Total Unusual Items Excluding Goodwill": NaN,
        "Net Income From Continuing Operation Net Minority Interest": NaN,
        "Reconciled Depreciation": NaN,
        "Reconciled Cost Of Revenue": NaN,
        "EBITDA": NaN,
        "EBIT": NaN,
        "Net Interest Income": NaN,
        "Interest Income": NaN,
        "Normalized Income": NaN,
        "Net Income From Continuing And Discontinued Operation": NaN,
        "Total Expenses": NaN,
        "Total Operating Income As Reported": NaN,
        "Diluted Average Shares": NaN,
        "Basic Average Shares": NaN,
        "Diluted EPS": NaN,
        "Basic EPS": NaN,
        "Diluted NI Availto Com Stockholders": NaN,
        "Net Income Common Stockholders": NaN,
        "Net Income": NaN,
        "Net Income Including Noncontrolling Interests": NaN,
        "Net Income Continuous Operations": NaN,
        "Tax Provision": NaN,
        "Pretax Income": NaN,
        "Other Income Expense": NaN,
        "Special Income Charges": 0.0,
        "Restructuring And Mergern Acquisition": NaN,
        "Gain On Sale Of Security": NaN,
        "Net Non Operating Interest Income Expense": NaN,
        "Total Other Finance Cost": -45000.0,
        "Interest Income Non Operating": NaN,
        "Operating Income": NaN,
        "Operating Expense": NaN,
        "Other Taxes": NaN,
        "Depreciation Amortization Depletion Income Statement": NaN,
        "Depreciation And Amortization In Income Statement": NaN,
        "Amortization": NaN,
        "Amortization Of Intangibles Income Statement": NaN,
        "Depreciation Income Statement": NaN,
        "Research And Development": NaN,
        "Selling General And Administration": NaN,
        "Selling And Marketing Expense": NaN,
        "General And Administrative Expense": NaN,
        "Other Gand A": NaN,
        "Salaries And Wages": NaN,
        "Gross Profit": NaN,
        "Cost Of Revenue": NaN,
        "Total Revenue": NaN,
        "Operating Revenue": NaN
    },
    "2022-06-30": {
        "Tax Effect Of Unusual Items": 0.0,
        "Tax Rate For Calcs": 0.0,
        "Normalized EBITDA": -47951000.0,
        "Total Unusual Items": -676000.0,
        "Total Unusual Items Excluding Goodwill": -676000.0,
        "Net Income From Continuing Operation Net Minority Interest": -63139000.0,
        "Reconciled Depreciation": 13891000.0,
        "Reconciled Cost Of Revenue": 22535000.0,
        "EBITDA": -48627000.0,
        "EBIT": -62518000.0,
        "Net Interest Income": -641000.0,
        "Interest Expense": 641000.0,
        "Normalized Income": -62463000.0,
        "Net Income From Continuing And Discontinued Operation": -63139000.0,
        "Total Expenses": 177480000.0,
        "Total Operating Income As Reported": -61842000.0,
        "Diluted Average Shares": 119941482.0,
        "Basic Average Shares": 119941482.0,
        "Diluted EPS": -0.53,
        "Basic EPS": -0.53,
        "Diluted NI Availto Com Stockholders": -63139000.0,
        "Net Income Common Stockholders": -63139000.0,
        "Net Income": -63139000.0,
        "Net Income Including Noncontrolling Interests": -63139000.0,
        "Net Income Continuous Operations": -63139000.0,
        "Tax Provision": -20000.0,
        "Pretax Income": -63159000.0,
        "Other Income Expense": -676000.0,
        "Special Income Charges": NaN,
        "Restructuring And Mergern Acquisition": NaN,
        "Gain On Sale Of Security": -676000.0,
        "Net Non Operating Interest Income Expense": -641000.0,
        "Total Other Finance Cost": NaN,
        "Interest Expense Non Operating": 641000.0,
        "Operating Income": -61842000.0,
        "Operating Expense": 148088000.0,
        "Other Taxes": NaN,
        "Depreciation Amortization Depletion Income Statement": 7034000.0,
        "Depreciation And Amortization In Income Statement": 7034000.0,
        "Amortization": 7034000.0,
        "Amortization Of Intangibles Income Statement": 7034000.0,
        "Depreciation Income Statement": NaN,
        "Research And Development": 33983000.0,
        "Selling General And Administration": 107071000.0,
        "Selling And Marketing Expense": 58750000.0,
        "General And Administrative Expense": 48321000.0,
        "Other Gand A": 48321000.0,
        "Salaries And Wages": NaN,
        "Gross Profit": 86246000.0,
        "Cost Of Revenue": 29392000.0,
        "Total Revenue": 115638000.0,
        "Operating Revenue": 115638000.0
    },
    "2022-03-31": {
        "Diluted EPS": -0.21,
        "Total Revenue": 108,
        "Gross Profit": 80,
        "Operating Income": -24,
        "EBIT": -5,
        "Net Income": -26
    },
    "2021-12-31": {
        "Diluted EPS": -0.2,
        "Total Revenue": 104,
        "Gross Profit": 77,
        "Operating Income": -26,
        "EBIT": -8,
        "Net Income": -24
    },
    "2021-09-30": {
        "Diluted EPS": -0.26,
        "Total Revenue": 96,
        "Gross Profit": 69,
        "Operating Income": -30,
        "EBIT": -13,
        "Net Income": -30
    },
    "2021-06-30": {
        "Diluted EPS": -0.14,
        "Total Revenue": 86,
        "Gross Profit": 67,
        "Operating Income": -16,
        "EBIT": -3,
        "Net Income": -16
    },
    "2021-03-31": {
        "Diluted EPS": -0.04,
        "Total Revenue": 81,
        "Gross Profit": 63,
        "Operating Income": -4,
        "EBIT": 8,
        "Net Income": -5
    },
    "2020-12-31": {
        "Diluted EPS": -0.08,
        "Total Revenue": 76,
        "Gross Profit": 59,
        "Operating Income": -14,
        "EBIT": -2,
        "Net Income": -10
    },
    "2020-09-30": {
        "Diluted EPS": -0.05,
        "Total Revenue": 71,
        "Gross Profit": 55,
        "Operating Income": -1,
        "EBIT": 11,
        "Net Income": -5
    },
    "2020-06-30": {
        "Diluted EPS": -0.01,
        "Total Revenue": 62,
        "Gross Profit": 49,
        "Operating Income": 4,
        "EBIT": 15,
        "Net Income": -1
    },
    "2020-03-31": {
        "Diluted EPS": -0.08,
        "Total Revenue": 60,
        "Gross Profit": 45,
        "Operating Income": -6,
        "EBIT": 5,
        "Net Income": -8
    },
    "2019-12-31": {
        "Diluted EPS": -0.12,
        "Total Revenue": 57,
        "Gross Profit": 42,
        "Operating Income": -11,
        "EBIT": 0,
        "Net Income": -13
    },
    "2019-09-30": {
        "Diluted EPS": -0.05,
        "Total Revenue": 55,
        "Gross Profit": 40,
        "Operating Income": 0,
        "EBIT": 11,
        "Net Income": -5
    },
    "2019-06-30": {
        "Diluted EPS": -0.07,
        "Total Revenue": 48,
        "Gross Profit": 35,
        "Operating Income": -4,
        "EBIT": 7,
        "Net Income": -8
    },
    "2019-03-31": {
        "Diluted EPS": -0.09,
        "Total Revenue": 44,
        "Gross Profit": 31,
        "Operating Income": -6,
        "EBIT": 4,
        "Net Income": -9
    },
    "2018-12-31": {
        "Diluted EPS": 0.0,
        "Total Revenue": NaN,
        "Gross Profit": NaN,
        "Operating Income": NaN,
        "EBIT": NaN,
        "Net Income": NaN
    },
    "2023-06-30": {
        "Tax Effect Of Unusual Items": NaN,
        "Tax Rate For Calcs": NaN,
        "Normalized EBITDA": NaN,
        "Total Unusual Items": NaN,
        "Total Unusual Items Excluding Goodwill": NaN,
        "Net Income From Continuing Operation Net Minority Interest": NaN,
        "Reconciled Depreciation": NaN,
        "Reconciled Cost Of Revenue": NaN,
        "EBITDA": NaN,
        "EBIT": NaN,
        "Net Interest Income": NaN,
        "Interest Income": 1481000.0,
        "Normalized Income": NaN,
        "Net Income From Continuing And Discontinued Operation": NaN,
        "Total Expenses": NaN,
        "Total Operating Income As Reported": NaN,
        "Diluted Average Shares": NaN,
        "Basic Average Shares": NaN,
        "Diluted EPS": NaN,
        "Basic EPS": NaN,
        "Diluted NI Availto Com Stockholders": NaN,
        "Net Income Common Stockholders": NaN,
        "Net Income": NaN,
        "Net Income Including Noncontrolling Interests": NaN,
        "Net Income Continuous Operations": NaN,
        "Tax Provision": NaN,
        "Pretax Income": NaN,
        "Other Income Expense": NaN,
        "Special Income Charges": -554000.0,
        "Restructuring And Mergern Acquisition": 554000.0,
        "Gain On Sale Of Security": NaN,
        "Net Non Operating Interest Income Expense": NaN,
        "Total Other Finance Cost": -1481000.0,
        "Interest Income Non Operating": 1481000.0,
        "Operating Income": NaN,
        "Operating Expense": NaN,
        "Other Taxes": 449000.0,
        "Depreciation Amortization Depletion Income Statement": NaN,
        "Depreciation And Amortization In Income Statement": NaN,
        "Amortization": NaN,
        "Amortization Of Intangibles Income Statement": NaN,
        "Depreciation Income Statement": 1054000.0,
        "Research And Development": NaN,
        "Selling General And Administration": NaN,
        "Selling And Marketing Expense": NaN,
        "General And Administrative Expense": NaN,
        "Other Gand A": NaN,
        "Salaries And Wages": 20744000.0,
        "Gross Profit": NaN,
        "Cost Of Revenue": NaN,
        "Total Revenue": NaN,
        "Operating Revenue": NaN
    },
    "2023-09-30": {
        "Tax Effect Of Unusual Items": NaN,
        "Tax Rate For Calcs": NaN,
        "Normalized EBITDA": NaN,
        "Total Unusual Items": NaN,
        "Total Unusual Items Excluding Goodwill": NaN,
        "Net Income From Continuing Operation Net Minority Interest": NaN,
        "Reconciled Depreciation": NaN,
        "Reconciled Cost Of Revenue": NaN,
        "EBITDA": NaN,
        "EBIT": NaN,
        "Net Interest Income": NaN,
        "Interest Income": 1687000.0,
        "Normalized Income": NaN,
        "Net Income From Continuing And Discontinued Operation": NaN,
        "Total Expenses": NaN,
        "Total Operating Income As Reported": NaN,
        "Diluted Average Shares": NaN,
        "Basic Average Shares": NaN,
        "Diluted EPS": NaN,
        "Basic EPS": NaN,
        "Diluted NI Availto Com Stockholders": NaN,
        "Net Income Common Stockholders": NaN,
        "Net Income": NaN,
        "Net Income Including Noncontrolling Interests": NaN,
        "Net Income Continuous Operations": NaN,
        "Tax Provision": NaN,
        "Pretax Income": NaN,
        "Other Income Expense": NaN,
        "Special Income Charges": -2588000.0,
        "Other Special Charges": 200000.0,
        "Restructuring And Mergern Acquisition": 2388000.0,
        "Gain On Sale Of Security": NaN,
        "Net Non Operating Interest Income Expense": NaN,
        "Total Other Finance Cost": -1687000.0,
        "Interest Income Non Operating": 1687000.0,
        "Operating Income": NaN,
        "Operating Expense": NaN,
        "Other Taxes": 435000.0,
        "Depreciation Amortization Depletion Income Statement": NaN,
        "Depreciation And Amortization In Income Statement": NaN,
        "Amortization": NaN,
        "Amortization Of Intangibles Income Statement": NaN,
        "Depreciation Income Statement": 1056000.0,
        "Research And Development": NaN,
        "Selling General And Administration": NaN,
        "Selling And Marketing Expense": NaN,
        "General And Administrative Expense": NaN,
        "Other Gand A": NaN,
        "Salaries And Wages": 18905000.0,
        "Gross Profit": NaN,
        "Cost Of Revenue": NaN,
        "Total Revenue": NaN,
        "Operating Revenue": NaN
    },
    "2023-12-31": {
        "Tax Effect Of Unusual Items": NaN,
        "Tax Rate For Calcs": NaN,
        "Normalized EBITDA": NaN,
        "Total Unusual Items": NaN,
        "Total Unusual Items Excluding Goodwill": NaN,
        "Net Income From Continuing Operation Net Minority Interest": NaN,
        "Reconciled Depreciation": NaN,
        "Reconciled Cost Of Revenue": NaN,
        "EBITDA": NaN,
        "EBIT": NaN,
        "Net Interest Income": NaN,
        "Interest Income": NaN,
        "Normalized Income": NaN,
        "Net Income From Continuing And Discontinued Operation": NaN,
        "Total Expenses": NaN,
        "Total Operating Income As Reported": NaN,
        "Diluted Average Shares": NaN,
        "Basic Average Shares": NaN,
        "Diluted EPS": NaN,
        "Basic EPS": NaN,
        "Diluted NI Availto Com Stockholders": NaN,
        "Net Income Common Stockholders": NaN,
        "Net Income": NaN,
        "Net Income Including Noncontrolling Interests": NaN,
        "Net Income Continuous Operations": NaN,
        "Tax Provision": NaN,
        "Pretax Income": NaN,
        "Other Income Expense": NaN,
        "Other Non Operating Income Expenses": NaN,
        "Special Income Charges": NaN,
        "Other Special Charges": NaN,
        "Restructuring And Mergern Acquisition": NaN,
        "Gain On Sale Of Security": NaN,
        "Net Non Operating Interest Income Expense": NaN,
        "Total Other Finance Cost": -2073000.0,
        "Interest Income Non Operating": NaN,
        "Operating Income": NaN,
        "Operating Expense": NaN,
        "Other Taxes": NaN,
        "Depreciation Amortization Depletion Income Statement": NaN,
        "Depreciation And Amortization In Income Statement": NaN,
        "Amortization": NaN,
        "Amortization Of Intangibles Income Statement": NaN,
        "Depreciation Income Statement": NaN,
        "Research And Development": NaN,
        "Selling General And Administration": NaN,
        "Selling And Marketing Expense": NaN,
        "General And Administrative Expense": NaN,
        "Other Gand A": NaN,
        "Salaries And Wages": NaN,
        "Gross Profit": NaN,
        "Cost Of Revenue": NaN,
        "Total Revenue": NaN,
        "Operating Revenue": NaN
    },
    "2024-03-31": {
        "Tax Effect Of Unusual Items": NaN,
        "Tax Rate For Calcs": NaN,
        "Normalized EBITDA": NaN,
        "Total Unusual Items": NaN,
        "Total Unusual Items Excluding Goodwill": NaN,
        "Net Income From Continuing Operation Net Minority Interest": NaN,
        "Reconciled Depreciation": NaN,
        "Reconciled Cost Of Revenue": NaN,
        "EBITDA": NaN,
        "EBIT": NaN,
        "Net Interest Income": NaN,
        "Interest Expense": NaN,
        "Interest Income": 2040000.0,
        "Normalized Income": NaN,
        "Net Income From Continuing And Discontinued Operation": NaN,
        "Total Expenses": NaN,
        "Total Operating Income As Reported": NaN,
        "Diluted Average Shares": NaN,
        "Basic Average Shares": NaN,
        "Diluted EPS": NaN,
        "Basic EPS": NaN,
        "Diluted NI Availto Com Stockholders": NaN,
        "Net Income Common Stockholders": NaN,
        "Net Income": NaN,
        "Net Income Including Noncontrolling Interests": NaN,
        "Net Income Continuous Operations": NaN,
        "Tax Provision": NaN,
        "Pretax Income": NaN,
        "Other Income Expense": NaN,
        "Other Non Operating Income Expenses": NaN,
        "Special Income Charges": -8340000.0,
        "Other Special Charges": -197000.0,
        "Restructuring And Mergern Acquisition": 8537000.0,
        "Gain On Sale Of Security": NaN,
        "Net Non Operating Interest Income Expense": NaN,
        "Total Other Finance Cost": NaN,
        "Interest Expense Non Operating": NaN,
        "Interest Income Non Operating": 2040000.0,
        "Operating Income": NaN,
        "Operating Expense": NaN,
        "Other Taxes": 825000.0,
        "Depreciation Amortization Depletion Income Statement": NaN,
        "Depreciation And Amortization In Income Statement": NaN,
        "Amortization": NaN,
        "Amortization Of Intangibles Income Statement": NaN,
        "Depreciation Income Statement": 991000.0,
        "Research And Development": NaN,
        "Selling General And Administration": NaN,
        "Selling And Marketing Expense": NaN,
        "General And Administrative Expense": NaN,
        "Other Gand A": NaN,
        "Salaries And Wages": 12108000.0,
        "Gross Profit": NaN,
        "Cost Of Revenue": NaN,
        "Total Revenue": NaN,
        "Operating Revenue": NaN
    },
    "2024-06-30": {
        "Tax Effect Of Unusual Items": NaN,
        "Tax Rate For Calcs": NaN,
        "Normalized EBITDA": NaN,
        "Total Unusual Items": NaN,
        "Total Unusual Items Excluding Goodwill": NaN,
        "Net Income From Continuing Operation Net Minority Interest": NaN,
        "Reconciled Depreciation": NaN,
        "Reconciled Cost Of Revenue": NaN,
        "EBITDA": NaN,
        "EBIT": NaN,
        "Net Interest Income": NaN,
        "Interest Expense": NaN,
        "Interest Income": 1641000.0,
        "Normalized Income": NaN,
        "Net Income From Continuing And Discontinued Operation": NaN,
        "Total Expenses": NaN,
        "Total Operating Income As Reported": NaN,
        "Diluted Average Shares": NaN,
        "Basic Average Shares": NaN,
        "Diluted EPS": NaN,
        "Basic EPS": NaN,
        "Diluted NI Availto Com Stockholders": NaN,
        "Net Income Common Stockholders": NaN,
        "Net Income": NaN,
        "Net Income Including Noncontrolling Interests": NaN,
        "Net Income Continuous Operations": NaN,
        "Tax Provision": NaN,
        "Pretax Income": NaN,
        "Other Income Expense": NaN,
        "Other Non Operating Income Expenses": NaN,
        "Special Income Charges": -3074000.0,
        "Other Special Charges": 64000.0,
        "Restructuring And Mergern Acquisition": 3010000.0,
        "Gain On Sale Of Security": NaN,
        "Net Non Operating Interest Income Expense": NaN,
        "Total Other Finance Cost": -1641000.0,
        "Interest Expense Non Operating": NaN,
        "Interest Income Non Operating": 1641000.0,
        "Operating Income": NaN,
        "Operating Expense": NaN,
        "Other Taxes": 228000.0,
        "Depreciation Amortization Depletion Income Statement": NaN,
        "Depreciation And Amortization In Income Statement": NaN,
        "Amortization": NaN,
        "Amortization Of Intangibles Income Statement": NaN,
        "Depreciation Income Statement": 938000.0,
        "Research And Development": NaN,
        "Selling General And Administration": NaN,
        "Selling And Marketing Expense": NaN,
        "General And Administrative Expense": NaN,
        "Other Gand A": NaN,
        "Salaries And Wages": 15880000.0,
        "Gross Profit": NaN,
        "Cost Of Revenue": NaN,
        "Total Revenue": NaN,
        "Operating Revenue": NaN
    },
    "2024-09-30": {
        "Tax Effect Of Unusual Items": 704340.0,
        "Tax Rate For Calcs": 0.21,
        "Normalized EBITDA": -7399000.0,
        "Total Unusual Items": 3354000.0,
        "Total Unusual Items Excluding Goodwill": 3354000.0,
        "Net Income From Continuing Operation Net Minority Interest": -12241000.0,
        "Reconciled Depreciation": 11814000.0,
        "Reconciled Cost Of Revenue": 31162000.0,
        "EBITDA": -4045000.0,
        "EBIT": -15859000.0,
        "Net Interest Income": 1574000.0,
        "Interest Expense": NaN,
        "Interest Income": 1574000.0,
        "Normalized Income": -14890660.0,
        "Net Income From Continuing And Discontinued Operation": -12241000.0,
        "Total Expenses": 175145000.0,
        "Total Operating Income As Reported": -15859000.0,
        "Diluted Average Shares": 127995266.0,
        "Basic Average Shares": 127995266.0,
        "Diluted EPS": -0.1,
        "Basic EPS": -0.1,
        "Diluted NI Availto Com Stockholders": -12241000.0,
        "Net Income Common Stockholders": -12241000.0,
        "Net Income": -12241000.0,
        "Net Income Including Noncontrolling Interests": -12241000.0,
        "Net Income Continuous Operations": -12241000.0,
        "Tax Provision": 1310000.0,
        "Pretax Income": -10931000.0,
        "Other Income Expense": 3354000.0,
        "Other Non Operating Income Expenses": NaN,
        "Special Income Charges": -1065000.0,
        "Other Special Charges": 11000.0,
        "Restructuring And Mergern Acquisition": 1054000.0,
        "Gain On Sale Of Security": 3354000.0,
        "Net Non Operating Interest Income Expense": 1574000.0,
        "Total Other Finance Cost": NaN,
        "Interest Expense Non Operating": NaN,
        "Interest Income Non Operating": 1574000.0,
        "Operating Income": -15859000.0,
        "Operating Expense": 139117000.0,
        "Other Taxes": 371000.0,
        "Depreciation Amortization Depletion Income Statement": 6948000.0,
        "Depreciation And Amortization In Income Statement": 6948000.0,
        "Amortization": 6948000.0,
        "Amortization Of Intangibles Income Statement": 6948000.0,
        "Depreciation Income Statement": 959000.0,
        "Research And Development": 35977000.0,
        "Selling General And Administration": 96192000.0,
        "Selling And Marketing Expense": 60056000.0,
        "General And Administrative Expense": 36136000.0,
        "Other Gand A": 36136000.0,
        "Salaries And Wages": 15450000.0,
        "Gross Profit": 123258000.0,
        "Cost Of Revenue": 36028000.0,
        "Total Revenue": 159286000.0,
        "Operating Revenue": 159286000.0
    },
    "2024-12-31": {
        "Tax Effect Of Unusual Items": 571.06383,
        "Tax Rate For Calcs": 0.001337,
        "Normalized EBITDA": -7399000.0,
        "Total Unusual Items": 427000.0,
        "Total Unusual Items Excluding Goodwill": 427000.0,
        "Net Income From Continuing Operation Net Minority Interest": -16428000.0,
        "Reconciled Depreciation": 11265000.0,
        "Reconciled Cost Of Revenue": 27821000.0,
        "EBITDA": -6972000.0,
        "EBIT": -18237000.0,
        "Net Interest Income": 1360000.0,
        "Interest Expense": NaN,
        "Interest Income": NaN,
        "Normalized Income": -16854428.93617,
        "Net Income From Continuing And Discontinued Operation": -16428000.0,
        "Total Expenses": 181211000.0,
        "Total Operating Income As Reported": -12160000.0,
        "Diluted Average Shares": 128863245.0,
        "Basic Average Shares": 128863245.0,
        "Diluted EPS": -0.13,
        "Basic EPS": -0.13,
        "Diluted NI Availto Com Stockholders": -16428000.0,
        "Net Income Common Stockholders": -16428000.0,
        "Net Income": -16428000.0,
        "Net Income Including Noncontrolling Interests": -16428000.0,
        "Net Income Continuous Operations": -16428000.0,
        "Tax Provision": -22000.0,
        "Pretax Income": -16450000.0,
        "Other Income Expense": 427000.0,
        "Other Non Operating Income Expenses": NaN,
        "Special Income Charges": NaN,
        "Other Special Charges": NaN,
        "Restructuring And Mergern Acquisition": NaN,
        "Gain On Sale Of Security": -5650000.0,
        "Net Non Operating Interest Income Expense": 1360000.0,
        "Total Other Finance Cost": NaN,
        "Interest Expense Non Operating": NaN,
        "Interest Income Non Operating": NaN,
        "Operating Income": -18237000.0,
        "Operating Expense": 146007000.0,
        "Other Taxes": NaN,
        "Depreciation Amortization Depletion Income Statement": 3882000.0,
        "Depreciation And Amortization In Income Statement": 3882000.0,
        "Amortization": 6770000.0,
        "Amortization Of Intangibles Income Statement": 6770000.0,
        "Depreciation Income Statement": NaN,
        "Research And Development": 33969000.0,
        "Selling General And Administration": 135226000.0,
        "Selling And Marketing Expense": 116588000.0,
        "General And Administrative Expense": 18638000.0,
        "Other Gand A": 62076000.0,
        "Salaries And Wages": NaN,
        "Gross Profit": 127770000.0,
        "Cost Of Revenue": 35204000.0,
        "Total Revenue": 162974000.0,
        "Operating Revenue": 162974000.0
    },
    "2025-03-31": {
        "Tax Effect Of Unusual Items": 86520.0,
        "Tax Rate For Calcs": 0.21,
        "Normalized EBITDA": 9695000.0,
        "Total Unusual Items": 412000.0,
        "Total Unusual Items Excluding Goodwill": 412000.0,
        "Net Income From Continuing Operation Net Minority Interest": 529000.0,
        "Reconciled Depreciation": 11494000.0,
        "Reconciled Cost Of Revenue": 33389000.0,
        "EBITDA": 10107000.0,
        "EBIT": -1387000.0,
        "Net Interest Income": 1328000.0,
        "Interest Expense": NaN,
        "Interest Income": 1328000.0,
        "Normalized Income": 203520.0,
        "Net Income From Continuing And Discontinued Operation": 529000.0,
        "Total Expenses": 169008000.0,
        "Total Operating Income As Reported": -4156000.0,
        "Diluted Average Shares": 129845214.0,
        "Basic Average Shares": 129845214.0,
        "Diluted EPS": 0.0,
        "Basic EPS": 0.0,
        "Diluted NI Availto Com Stockholders": 529000.0,
        "Net Income Common Stockholders": 529000.0,
        "Net Income": 529000.0,
        "Net Income Including Noncontrolling Interests": 529000.0,
        "Net Income Continuous Operations": 529000.0,
        "Tax Provision": -176000.0,
        "Pretax Income": 353000.0,
        "Other Income Expense": 412000.0,
        "Other Non Operating Income Expenses": NaN,
        "Special Income Charges": -2769000.0,
        "Other Special Charges": NaN,
        "Restructuring And Mergern Acquisition": 2769000.0,
        "Gain On Sale Of Security": 3181000.0,
        "Net Non Operating Interest Income Expense": 1328000.0,
        "Total Other Finance Cost": NaN,
        "Interest Expense Non Operating": NaN,
        "Interest Income Non Operating": 1328000.0,
        "Operating Income": -1387000.0,
        "Operating Expense": 131906000.0,
        "Other Taxes": 1156000.0,
        "Depreciation Amortization Depletion Income Statement": 7781000.0,
        "Depreciation And Amortization In Income Statement": 7781000.0,
        "Amortization": 6838000.0,
        "Amortization Of Intangibles Income Statement": 6838000.0,
        "Depreciation Income Statement": 943000.0,
        "Research And Development": 35457000.0,
        "Selling General And Administration": 87512000.0,
        "Selling And Marketing Expense": 50706000.0,
        "General And Administrative Expense": 36806000.0,
        "Other Gand A": 22193000.0,
        "Salaries And Wages": 14613000.0,
        "Gross Profit": 130519000.0,
        "Cost Of Revenue": 37102000.0,
        "Total Revenue": 167621000.0,
        "Operating Revenue": 167621000.0
    },
    "2025-06-30": {
        "Tax Effect Of Unusual Items": -547050.0,
        "Tax Rate For Calcs": 0.21,
        "Normalized EBITDA": 5249000.0,
        "Total Unusual Items": -2605000.0,
        "Total Unusual Items Excluding Goodwill": -2605000.0,
        "Net Income From Continuing Operation Net Minority Interest": -20875000.0,
        "Reconciled Depreciation": 14826000.0,
        "Reconciled Cost Of Revenue": 38236000.0,
        "EBITDA": 2644000.0,
        "EBIT": -12182000.0,
        "Net Interest Income": -1621000.0,
        "Interest Expense": NaN,
        "Interest Income": NaN,
        "Normalized Income": -18817050.0,
        "Net Income From Continuing And Discontinued Operation": -20875000.0,
        "Total Expenses": 188683000.0,
        "Total Operating Income As Reported": -14980000.0,
        "Diluted Average Shares": 132236895.0,
        "Basic Average Shares": 132236895.0,
        "Diluted EPS": -0.16,
        "Basic EPS": -0.16,
        "Diluted NI Availto Com Stockholders": -20875000.0,
        "Net Income Common Stockholders": -20875000.0,
        "Net Income": -20875000.0,
        "Net Income Including Noncontrolling Interests": -20875000.0,
        "Net Income Continuous Operations": -20875000.0,
        "Tax Provision": 3617000.0,
        "Pretax Income": -17258000.0,
        "Other Income Expense": -3455000.0,
        "Other Non Operating Income Expenses": -850000.0,
        "Special Income Charges": -2798000.0,
        "Other Special Charges": NaN,
        "Restructuring And Mergern Acquisition": 2798000.0,
        "Gain On Sale Of Security": 193000.0,
        "Net Non Operating Interest Income Expense": -1621000.0,
        "Total Other Finance Cost": 1621000.0,
        "Interest Expense Non Operating": NaN,
        "Interest Income Non Operating": NaN,
        "Operating Income": -12182000.0,
        "Operating Expense": 144888000.0,
        "Other Taxes": 176000.0,
        "Depreciation Amortization Depletion Income Statement": 9267000.0,
        "Depreciation And Amortization In Income Statement": 9267000.0,
        "Amortization": 8374000.0,
        "Amortization Of Intangibles Income Statement": 8374000.0,
        "Depreciation Income Statement": 893000.0,
        "Research And Development": 39204000.0,
        "Selling General And Administration": 96241000.0,
        "Selling And Marketing Expense": 63129000.0,
        "General And Administrative Expense": 33112000.0,
        "Other Gand A": 33112000.0,
        "Salaries And Wages": NaN,
        "Gross Profit": 132706000.0,
        "Cost Of Revenue": 43795000.0,
        "Total Revenue": 176501000.0,
        "Operating Revenue": 176501000.0
    },
    "2025-09-30": {
        "Tax Effect Of Unusual Items": -174018.0,
        "Tax Rate For Calcs": 0.291,
        "Normalized EBITDA": 11955000.0,
        "Total Unusual Items": -598000.0,
        "Total Unusual Items Excluding Goodwill": -598000.0,
        "Net Income From Continuing Operation Net Minority Interest": -4513000.0,
        "Reconciled Depreciation": 15371000.0,
        "Reconciled Cost Of Revenue": 36981000.0,
        "EBITDA": 11357000.0,
        "EBIT": -4014000.0,
        "Net Interest Income": -2347000.0,
        "Interest Expense": 2347000.0,
        "Interest Income": NaN,
        "Normalized Income": -4089018.0,
        "Net Income From Continuing And Discontinued Operation": -4513000.0,
        "Total Expenses": 186910000.0,
        "Total Operating Income As Reported": -3416000.0,
        "Diluted Average Shares": 132899730.0,
        "Basic Average Shares": 132899730.0,
        "Diluted EPS": -0.03,
        "Basic EPS": -0.03,
        "Diluted NI Availto Com Stockholders": -4513000.0,
        "Net Income Common Stockholders": -4513000.0,
        "Net Income": -4513000.0,
        "Net Income Including Noncontrolling Interests": -4513000.0,
        "Net Income Continuous Operations": -4513000.0,
        "Tax Provision": -1848000.0,
        "Pretax Income": -6361000.0,
        "Other Income Expense": -598000.0,
        "Other Non Operating Income Expenses": NaN,
        "Special Income Charges": NaN,
        "Other Special Charges": NaN,
        "Restructuring And Mergern Acquisition": NaN,
        "Gain On Sale Of Security": -598000.0,
        "Net Non Operating Interest Income Expense": -2347000.0,
        "Total Other Finance Cost": NaN,
        "Interest Expense Non Operating": 2347000.0,
        "Interest Income Non Operating": NaN,
        "Operating Income": -3416000.0,
        "Operating Expense": 142932000.0,
        "Other Taxes": NaN,
        "Depreciation Amortization Depletion Income Statement": 8374000.0,
        "Depreciation And Amortization In Income Statement": 8374000.0,
        "Amortization": 8374000.0,
        "Amortization Of Intangibles Income Statement": 8374000.0,
        "Depreciation Income Statement": NaN,
        "Research And Development": 38621000.0,
        "Selling General And Administration": 95937000.0,
        "Selling And Marketing Expense": 60931000.0,
        "General And Administrative Expense": 35006000.0,
        "Other Gand A": 35006000.0,
        "Salaries And Wages": NaN,
        "Gross Profit": 139516000.0,
        "Cost Of Revenue": 43978000.0,
        "Total Revenue": 183494000.0,
        "Operating Revenue": 183494000.0
    }
}