{
    "2023-03-31": {
        "Tax Effect Of Unusual Items": NaN,
        "Tax Rate For Calcs": NaN,
        "Normalized EBITDA": NaN,
        "Net Income From Continuing Operation Net Minority Interest": NaN,
        "Reconciled Depreciation": NaN,
        "EBITDA": NaN,
        "EBIT": NaN,
        "Net Interest Income": NaN,
        "Interest Income": NaN,
        "Normalized Income": NaN,
        "Net Income From Continuing And Discontinued Operation": NaN,
        "Total Expenses": NaN,
        "Total Operating Income As Reported": NaN,
        "Diluted Average Shares": 41763971.0,
        "Basic Average Shares": 41763971.0,
        "Diluted EPS": -0.42,
        "Basic EPS": -0.42,
        "Diluted NI Availto Com Stockholders": NaN,
        "Net Income Common Stockholders": NaN,
        "Net Income": NaN,
        "Net Income Including Noncontrolling Interests": NaN,
        "Net Income Continuous Operations": NaN,
        "Pretax Income": NaN,
        "Net Non Operating Interest Income Expense": NaN,
        "Interest Income Non Operating": NaN,
        "Operating Income": NaN,
        "Operating Expense": NaN,
        "Research And Development": NaN,
        "Selling General And Administration": NaN,
        "General And Administrative Expense": NaN,
        "Other Gand A": NaN,
        "Total Revenue": NaN,
        "Operating Revenue": NaN
    },
    "2022-12-31": {
        "Tax Effect Of Unusual Items": NaN,
        "Tax Rate For Calcs": NaN,
        "Normalized EBITDA": NaN,
        "Net Income From Continuing Operation Net Minority Interest": NaN,
        "Reconciled Depreciation": NaN,
        "EBITDA": NaN,
        "EBIT": NaN,
        "Net Interest Income": NaN,
        "Interest Income": NaN,
        "Normalized Income": NaN,
        "Net Income From Continuing And Discontinued Operation": NaN,
        "Total Expenses": NaN,
        "Total Operating Income As Reported": NaN,
        "Diluted Average Shares": 41584195.0,
        "Basic Average Shares": 41584195.0,
        "Diluted EPS": -0.39,
        "Basic EPS": -0.39,
        "Diluted NI Availto Com Stockholders": NaN,
        "Net Income Common Stockholders": NaN,
        "Net Income": NaN,
        "Net Income Including Noncontrolling Interests": NaN,
        "Net Income Continuous Operations": NaN,
        "Pretax Income": NaN,
        "Net Non Operating Interest Income Expense": NaN,
        "Interest Income Non Operating": NaN,
        "Operating Income": NaN,
        "Operating Expense": NaN,
        "Research And Development": NaN,
        "Selling General And Administration": NaN,
        "General And Administrative Expense": NaN,
        "Other Gand A": NaN,
        "Total Revenue": NaN,
        "Operating Revenue": NaN
    },
    "2022-09-30": {
        "Tax Effect Of Unusual Items": 0.0,
        "Tax Rate For Calcs": 0.0,
        "Normalized EBITDA": -17773000.0,
        "Net Income From Continuing Operation Net Minority Interest": -16696000.0,
        "Reconciled Depreciation": 249000.0,
        "EBITDA": -17773000.0,
        "EBIT": -18022000.0,
        "Net Interest Income": 1326000.0,
        "Interest Income": 1326000.0,
        "Normalized Income": -16696000.0,
        "Net Income From Continuing And Discontinued Operation": -16696000.0,
        "Total Expenses": 19835000.0,
        "Total Operating Income As Reported": -18022000.0,
        "Diluted Average Shares": 41526524.0,
        "Basic Average Shares": 41526524.0,
        "Diluted EPS": -0.4,
        "Basic EPS": -0.4,
        "Diluted NI Availto Com Stockholders": -16696000.0,
        "Net Income Common Stockholders": -16696000.0,
        "Net Income": -16696000.0,
        "Net Income Including Noncontrolling Interests": -16696000.0,
        "Net Income Continuous Operations": -16696000.0,
        "Pretax Income": -16696000.0,
        "Other Income Expense": NaN,
        "Other Non Operating Income Expenses": NaN,
        "Net Non Operating Interest Income Expense": 1326000.0,
        "Interest Income Non Operating": 1326000.0,
        "Operating Income": -18022000.0,
        "Operating Expense": 19835000.0,
        "Research And Development": 13737000.0,
        "Selling General And Administration": 6098000.0,
        "General And Administrative Expense": 6098000.0,
        "Other Gand A": 6098000.0,
        "Total Revenue": 1813000.0,
        "Operating Revenue": 1813000.0
    },
    "2022-06-30": {
        "Tax Effect Of Unusual Items": 0.0,
        "Tax Rate For Calcs": 0.0,
        "Normalized EBITDA": -17153000.0,
        "Net Income From Continuing Operation Net Minority Interest": -16888000.0,
        "Reconciled Depreciation": 108000.0,
        "EBITDA": -17153000.0,
        "EBIT": -17261000.0,
        "Net Interest Income": 373000.0,
        "Interest Income": 373000.0,
        "Normalized Income": -16888000.0,
        "Net Income From Continuing And Discontinued Operation": -16888000.0,
        "Total Expenses": 19626000.0,
        "Total Operating Income As Reported": -17261000.0,
        "Diluted Average Shares": 41448743.0,
        "Basic Average Shares": 41448743.0,
        "Diluted EPS": -0.41,
        "Basic EPS": -0.41,
        "Diluted NI Availto Com Stockholders": -16888000.0,
        "Net Income Common Stockholders": -16888000.0,
        "Net Income": -16888000.0,
        "Net Income Including Noncontrolling Interests": -16888000.0,
        "Net Income Continuous Operations": -16888000.0,
        "Pretax Income": -16888000.0,
        "Other Income Expense": NaN,
        "Other Non Operating Income Expenses": NaN,
        "Net Non Operating Interest Income Expense": 373000.0,
        "Interest Income Non Operating": 373000.0,
        "Operating Income": -17261000.0,
        "Operating Expense": 19626000.0,
        "Research And Development": 14086000.0,
        "Selling General And Administration": 5540000.0,
        "General And Administrative Expense": 5540000.0,
        "Other Gand A": 5540000.0,
        "Total Revenue": 2365000.0,
        "Operating Revenue": 2365000.0
    },
    "2022-03-31": {
        "Diluted EPS": -0.32,
        "Total Revenue": 2,
        "Gross Profit": 2,
        "Operating Income": -14,
        "EBIT": -13,
        "Net Income": -13
    },
    "2021-12-31": {
        "Diluted EPS": 1.55,
        "Total Revenue": 2,
        "Gross Profit": 2,
        "Operating Income": -13,
        "EBIT": -13,
        "Net Income": -13
    },
    "2021-09-30": {
        "Diluted EPS": -0.26,
        "Total Revenue": 1,
        "Gross Profit": 1,
        "Operating Income": -11,
        "EBIT": -11,
        "Net Income": -11
    },
    "2021-06-30": {
        "Diluted EPS": -0.62,
        "Total Revenue": 0,
        "Gross Profit": 0,
        "Operating Income": -6,
        "EBIT": -6,
        "Net Income": -6
    },
    "2021-03-31": {
        "Diluted EPS": -2.06,
        "Total Revenue": 0,
        "Gross Profit": 0,
        "Operating Income": -2,
        "EBIT": -2,
        "Net Income": -2
    },
    "2020-12-31": {
        "Diluted EPS": 0.0,
        "Total Revenue": NaN,
        "Gross Profit": NaN,
        "Operating Income": NaN,
        "EBIT": NaN,
        "Net Income": NaN
    },
    "2020-09-30": {
        "Diluted EPS": -1.33,
        "Total Revenue": NaN,
        "Gross Profit": NaN,
        "Operating Income": -1,
        "EBIT": -1,
        "Net Income": -1
    },
    "2020-06-30": {
        "Diluted EPS": -2.76,
        "Total Revenue": NaN,
        "Gross Profit": NaN,
        "Operating Income": -1,
        "EBIT": -1,
        "Net Income": -2
    },
    "2019-12-31": {
        "Diluted EPS": 0.0,
        "Total Revenue": NaN,
        "Gross Profit": NaN,
        "Operating Income": NaN,
        "EBIT": NaN,
        "Net Income": NaN
    },
    "2023-06-30": {
        "Tax Effect Of Unusual Items": NaN,
        "Tax Rate For Calcs": NaN,
        "Normalized EBITDA": NaN,
        "Net Income From Continuing Operation Net Minority Interest": NaN,
        "Reconciled Depreciation": NaN,
        "EBITDA": NaN,
        "EBIT": NaN,
        "Net Interest Income": NaN,
        "Interest Income": NaN,
        "Normalized Income": NaN,
        "Net Income From Continuing And Discontinued Operation": NaN,
        "Total Expenses": NaN,
        "Total Operating Income As Reported": NaN,
        "Diluted Average Shares": 41836238.0,
        "Basic Average Shares": 41836238.0,
        "Diluted EPS": -0.42,
        "Basic EPS": -0.42,
        "Diluted NI Availto Com Stockholders": NaN,
        "Net Income Common Stockholders": NaN,
        "Net Income": NaN,
        "Net Income Including Noncontrolling Interests": NaN,
        "Net Income Continuous Operations": NaN,
        "Pretax Income": NaN,
        "Net Non Operating Interest Income Expense": NaN,
        "Interest Income Non Operating": NaN,
        "Operating Income": NaN,
        "Operating Expense": NaN,
        "Research And Development": NaN,
        "Selling General And Administration": NaN,
        "General And Administrative Expense": NaN,
        "Other Gand A": NaN,
        "Total Revenue": NaN,
        "Operating Revenue": NaN
    },
    "2023-09-30": {
        "Tax Effect Of Unusual Items": NaN,
        "Tax Rate For Calcs": NaN,
        "Normalized EBITDA": NaN,
        "Net Income From Continuing Operation Net Minority Interest": NaN,
        "Reconciled Depreciation": NaN,
        "EBITDA": NaN,
        "EBIT": NaN,
        "Net Interest Income": NaN,
        "Interest Income": NaN,
        "Normalized Income": NaN,
        "Net Income From Continuing And Discontinued Operation": NaN,
        "Total Expenses": NaN,
        "Total Operating Income As Reported": NaN,
        "Diluted Average Shares": 45708649.0,
        "Basic Average Shares": 45708649.0,
        "Diluted EPS": -0.25,
        "Basic EPS": -0.25,
        "Diluted NI Availto Com Stockholders": NaN,
        "Net Income Common Stockholders": NaN,
        "Net Income": NaN,
        "Net Income Including Noncontrolling Interests": NaN,
        "Net Income Continuous Operations": NaN,
        "Pretax Income": NaN,
        "Net Non Operating Interest Income Expense": NaN,
        "Interest Income Non Operating": NaN,
        "Operating Income": NaN,
        "Operating Expense": NaN,
        "Research And Development": NaN,
        "Selling General And Administration": NaN,
        "General And Administrative Expense": NaN,
        "Other Gand A": NaN,
        "Total Revenue": NaN,
        "Operating Revenue": NaN
    },
    "2023-12-31": {
        "Tax Effect Of Unusual Items": 0.0,
        "Tax Rate For Calcs": 0.0,
        "Normalized EBITDA": -15606000.0,
        "Net Income From Continuing Operation Net Minority Interest": -11758000.0,
        "Reconciled Depreciation": 531000.0,
        "EBITDA": -15606000.0,
        "EBIT": -16137000.0,
        "Net Interest Income": 4379000.0,
        "Interest Income": 4379000.0,
        "Normalized Income": -11758000.0,
        "Net Income From Continuing And Discontinued Operation": -11758000.0,
        "Total Expenses": 18598000.0,
        "Total Operating Income As Reported": -16137000.0,
        "Diluted Average Shares": NaN,
        "Basic Average Shares": NaN,
        "Diluted EPS": NaN,
        "Basic EPS": NaN,
        "Diluted NI Availto Com Stockholders": -11758000.0,
        "Net Income Common Stockholders": -11758000.0,
        "Net Income": -11758000.0,
        "Net Income Including Noncontrolling Interests": -11758000.0,
        "Net Income Continuous Operations": -11758000.0,
        "Pretax Income": -11758000.0,
        "Net Non Operating Interest Income Expense": 4379000.0,
        "Interest Income Non Operating": 4379000.0,
        "Operating Income": -16137000.0,
        "Operating Expense": 18598000.0,
        "Research And Development": 12241000.0,
        "Selling General And Administration": 6357000.0,
        "General And Administrative Expense": 6357000.0,
        "Other Gand A": 6357000.0,
        "Total Revenue": 2461000.0,
        "Operating Revenue": 2461000.0
    },
    "2024-03-31": {
        "Tax Effect Of Unusual Items": 0.0,
        "Tax Rate For Calcs": 0.0,
        "Normalized EBITDA": -19629000.0,
        "Net Income From Continuing Operation Net Minority Interest": -14760000.0,
        "Reconciled Depreciation": 532000.0,
        "EBITDA": -19629000.0,
        "EBIT": -20161000.0,
        "Net Interest Income": 5401000.0,
        "Interest Income": 5401000.0,
        "Normalized Income": -14760000.0,
        "Net Income From Continuing And Discontinued Operation": -14760000.0,
        "Total Expenses": 21413000.0,
        "Total Operating Income As Reported": -20161000.0,
        "Diluted Average Shares": 49049741.0,
        "Basic Average Shares": 49049741.0,
        "Diluted EPS": -0.3,
        "Basic EPS": -0.3,
        "Diluted NI Availto Com Stockholders": -14760000.0,
        "Net Income Common Stockholders": -14760000.0,
        "Net Income": -14760000.0,
        "Net Income Including Noncontrolling Interests": -14760000.0,
        "Net Income Continuous Operations": -14760000.0,
        "Pretax Income": -14760000.0,
        "Net Non Operating Interest Income Expense": 5401000.0,
        "Interest Income Non Operating": 5401000.0,
        "Operating Income": -20161000.0,
        "Operating Expense": 21413000.0,
        "Research And Development": 14070000.0,
        "Selling General And Administration": 7343000.0,
        "General And Administrative Expense": 7343000.0,
        "Other Gand A": 7343000.0,
        "Total Revenue": 1252000.0,
        "Operating Revenue": 1252000.0
    },
    "2024-06-30": {
        "Tax Effect Of Unusual Items": 0.0,
        "Tax Rate For Calcs": 0.0,
        "Normalized EBITDA": -13316000.0,
        "Net Income From Continuing Operation Net Minority Interest": -5959000.0,
        "Reconciled Depreciation": 506000.0,
        "EBITDA": -13316000.0,
        "EBIT": -13822000.0,
        "Net Interest Income": 7863000.0,
        "Interest Income": 7863000.0,
        "Normalized Income": -5959000.0,
        "Net Income From Continuing And Discontinued Operation": -5959000.0,
        "Total Expenses": 22719000.0,
        "Total Operating Income As Reported": -13822000.0,
        "Diluted Average Shares": 54451666.0,
        "Basic Average Shares": 54451666.0,
        "Diluted EPS": -0.11,
        "Basic EPS": -0.11,
        "Diluted NI Availto Com Stockholders": -5959000.0,
        "Net Income Common Stockholders": -5959000.0,
        "Net Income": -5959000.0,
        "Net Income Including Noncontrolling Interests": -5959000.0,
        "Net Income Continuous Operations": -5959000.0,
        "Pretax Income": -5959000.0,
        "Net Non Operating Interest Income Expense": 7863000.0,
        "Interest Income Non Operating": 7863000.0,
        "Operating Income": -13822000.0,
        "Operating Expense": 22719000.0,
        "Research And Development": 14898000.0,
        "Selling General And Administration": 7821000.0,
        "General And Administrative Expense": 7821000.0,
        "Other Gand A": 7821000.0,
        "Total Revenue": 8897000.0,
        "Operating Revenue": 8897000.0
    },
    "2024-09-30": {
        "Tax Effect Of Unusual Items": 0.0,
        "Tax Rate For Calcs": 0.0,
        "Normalized EBITDA": -35332000.0,
        "Net Income From Continuing Operation Net Minority Interest": -28059000.0,
        "Reconciled Depreciation": 510000.0,
        "EBITDA": -35332000.0,
        "EBIT": -35842000.0,
        "Net Interest Income": 7783000.0,
        "Interest Income": 7783000.0,
        "Normalized Income": -28059000.0,
        "Net Income From Continuing And Discontinued Operation": -28059000.0,
        "Total Expenses": 36281000.0,
        "Total Operating Income As Reported": -35842000.0,
        "Diluted Average Shares": 54628670.0,
        "Basic Average Shares": 54628670.0,
        "Diluted EPS": -0.51,
        "Basic EPS": -0.51,
        "Diluted NI Availto Com Stockholders": -28059000.0,
        "Net Income Common Stockholders": -28059000.0,
        "Net Income": -28059000.0,
        "Net Income Including Noncontrolling Interests": -28059000.0,
        "Net Income Continuous Operations": -28059000.0,
        "Pretax Income": -28059000.0,
        "Net Non Operating Interest Income Expense": 7783000.0,
        "Interest Income Non Operating": 7783000.0,
        "Operating Income": -35842000.0,
        "Operating Expense": 36281000.0,
        "Research And Development": 18614000.0,
        "Selling General And Administration": 17667000.0,
        "General And Administrative Expense": 17667000.0,
        "Other Gand A": 17667000.0,
        "Total Revenue": 439000.0,
        "Operating Revenue": 439000.0
    },
    "2024-12-31": {
        "Tax Effect Of Unusual Items": 0.0,
        "Tax Rate For Calcs": 0.0,
        "Normalized EBITDA": -28510000.0,
        "Net Income From Continuing Operation Net Minority Interest": -20216000.0,
        "Reconciled Depreciation": 512000.0,
        "EBITDA": -28510000.0,
        "EBIT": -29022000.0,
        "Net Interest Income": 8806000.0,
        "Interest Income": 8806000.0,
        "Normalized Income": -20216000.0,
        "Net Income From Continuing And Discontinued Operation": -20216000.0,
        "Total Expenses": 29022000.0,
        "Total Operating Income As Reported": -29022000.0,
        "Diluted Average Shares": 56832374.0,
        "Basic Average Shares": 56832374.0,
        "Diluted EPS": -0.36,
        "Basic EPS": -0.36,
        "Diluted NI Availto Com Stockholders": -20216000.0,
        "Net Income Common Stockholders": -20216000.0,
        "Net Income": -20216000.0,
        "Net Income Including Noncontrolling Interests": -20216000.0,
        "Net Income Continuous Operations": -20216000.0,
        "Pretax Income": -20216000.0,
        "Net Non Operating Interest Income Expense": 8806000.0,
        "Interest Income Non Operating": 8806000.0,
        "Operating Income": -29022000.0,
        "Operating Expense": 29022000.0,
        "Research And Development": 20806000.0,
        "Selling General And Administration": 8216000.0,
        "General And Administrative Expense": 8216000.0,
        "Other Gand A": 8216000.0,
        "Total Revenue": 0.0,
        "Operating Revenue": 0.0
    },
    "2025-03-31": {
        "Tax Effect Of Unusual Items": 0.0,
        "Tax Rate For Calcs": 0.0,
        "Normalized EBITDA": -34378000.0,
        "Net Income From Continuing Operation Net Minority Interest": -23508000.0,
        "Reconciled Depreciation": 519000.0,
        "EBITDA": -34378000.0,
        "EBIT": -34897000.0,
        "Net Interest Income": 11389000.0,
        "Interest Income": 11389000.0,
        "Normalized Income": -23508000.0,
        "Net Income From Continuing And Discontinued Operation": -23508000.0,
        "Total Expenses": 34897000.0,
        "Total Operating Income As Reported": -34897000.0,
        "Diluted Average Shares": 61791721.0,
        "Basic Average Shares": 61791721.0,
        "Diluted EPS": -0.38,
        "Basic EPS": -0.38,
        "Diluted NI Availto Com Stockholders": -23508000.0,
        "Net Income Common Stockholders": -23508000.0,
        "Net Income": -23508000.0,
        "Net Income Including Noncontrolling Interests": -23508000.0,
        "Net Income Continuous Operations": -23508000.0,
        "Pretax Income": -23508000.0,
        "Net Non Operating Interest Income Expense": 11389000.0,
        "Interest Income Non Operating": 11389000.0,
        "Operating Income": -34897000.0,
        "Operating Expense": 34897000.0,
        "Research And Development": 25055000.0,
        "Selling General And Administration": 9842000.0,
        "General And Administrative Expense": 9842000.0,
        "Other Gand A": 9842000.0,
        "Total Revenue": 0.0,
        "Operating Revenue": 0.0
    },
    "2025-06-30": {
        "Tax Effect Of Unusual Items": 0.0,
        "Tax Rate For Calcs": 0.0,
        "Normalized EBITDA": -44577000.0,
        "Net Income From Continuing Operation Net Minority Interest": -33858000.0,
        "Reconciled Depreciation": 541000.0,
        "EBITDA": -44577000.0,
        "EBIT": -45118000.0,
        "Net Interest Income": 11260000.0,
        "Interest Income": 11260000.0,
        "Normalized Income": -33858000.0,
        "Net Income From Continuing And Discontinued Operation": -33858000.0,
        "Total Expenses": 45118000.0,
        "Total Operating Income As Reported": -45118000.0,
        "Diluted Average Shares": 61902411.0,
        "Basic Average Shares": 61902411.0,
        "Diluted EPS": -0.55,
        "Basic EPS": -0.55,
        "Diluted NI Availto Com Stockholders": -33858000.0,
        "Net Income Common Stockholders": -33858000.0,
        "Net Income": -33858000.0,
        "Net Income Including Noncontrolling Interests": -33858000.0,
        "Net Income Continuous Operations": -33858000.0,
        "Pretax Income": -33858000.0,
        "Net Non Operating Interest Income Expense": 11260000.0,
        "Interest Income Non Operating": 11260000.0,
        "Operating Income": -45118000.0,
        "Operating Expense": 45118000.0,
        "Research And Development": 34664000.0,
        "Selling General And Administration": 10454000.0,
        "General And Administrative Expense": 10454000.0,
        "Other Gand A": 10454000.0,
        "Total Revenue": 0.0,
        "Operating Revenue": 0.0
    },
    "2025-09-30": {
        "Tax Effect Of Unusual Items": 0.0,
        "Tax Rate For Calcs": 0.0,
        "Normalized EBITDA": -34750000.0,
        "Net Income From Continuing Operation Net Minority Interest": -24313000.0,
        "Reconciled Depreciation": 501000.0,
        "EBITDA": -34750000.0,
        "EBIT": -35251000.0,
        "Net Interest Income": 10938000.0,
        "Interest Income": 10938000.0,
        "Normalized Income": -24313000.0,
        "Net Income From Continuing And Discontinued Operation": -24313000.0,
        "Total Expenses": 45251000.0,
        "Total Operating Income As Reported": -35251000.0,
        "Diluted Average Shares": 62023685.0,
        "Basic Average Shares": 62023685.0,
        "Diluted EPS": -0.39,
        "Basic EPS": -0.39,
        "Diluted NI Availto Com Stockholders": -24313000.0,
        "Net Income Common Stockholders": -24313000.0,
        "Net Income": -24313000.0,
        "Net Income Including Noncontrolling Interests": -24313000.0,
        "Net Income Continuous Operations": -24313000.0,
        "Pretax Income": -24313000.0,
        "Net Non Operating Interest Income Expense": 10938000.0,
        "Interest Income Non Operating": 10938000.0,
        "Operating Income": -35251000.0,
        "Operating Expense": 45251000.0,
        "Research And Development": 34629000.0,
        "Selling General And Administration": 10622000.0,
        "General And Administrative Expense": 10622000.0,
        "Other Gand A": 10622000.0,
        "Total Revenue": 10000000.0,
        "Operating Revenue": 10000000.0
    }
}