{
    "2023-03-31": {
        "Tax Effect Of Unusual Items": NaN,
        "Tax Rate For Calcs": NaN,
        "Normalized EBITDA": NaN,
        "Total Unusual Items": NaN,
        "Total Unusual Items Excluding Goodwill": NaN,
        "Net Income From Continuing Operation Net Minority Interest": NaN,
        "Reconciled Depreciation": NaN,
        "Reconciled Cost Of Revenue": NaN,
        "EBITDA": NaN,
        "EBIT": NaN,
        "Net Interest Income": NaN,
        "Interest Expense": NaN,
        "Normalized Income": NaN,
        "Net Income From Continuing And Discontinued Operation": NaN,
        "Total Expenses": NaN,
        "Total Operating Income As Reported": NaN,
        "Diluted Average Shares": NaN,
        "Basic Average Shares": NaN,
        "Diluted EPS": NaN,
        "Basic EPS": NaN,
        "Diluted NI Availto Com Stockholders": NaN,
        "Average Dilution Earnings": NaN,
        "Net Income Common Stockholders": NaN,
        "Net Income": NaN,
        "Net Income Including Noncontrolling Interests": NaN,
        "Net Income Continuous Operations": NaN,
        "Earnings From Equity Interest Net Of Tax": NaN,
        "Tax Provision": NaN,
        "Pretax Income": NaN,
        "Other Income Expense": NaN,
        "Special Income Charges": NaN,
        "Other Special Charges": 1000000.0,
        "Impairment Of Capital Assets": NaN,
        "Gain On Sale Of Security": NaN,
        "Net Non Operating Interest Income Expense": NaN,
        "Interest Expense Non Operating": NaN,
        "Operating Income": NaN,
        "Operating Expense": NaN,
        "Depreciation Amortization Depletion Income Statement": NaN,
        "Depreciation And Amortization In Income Statement": NaN,
        "Amortization": NaN,
        "Amortization Of Intangibles Income Statement": NaN,
        "Research And Development": NaN,
        "Selling General And Administration": NaN,
        "Gross Profit": NaN,
        "Cost Of Revenue": NaN,
        "Total Revenue": NaN,
        "Operating Revenue": NaN
    },
    "2022-12-31": {
        "Tax Effect Of Unusual Items": NaN,
        "Tax Rate For Calcs": NaN,
        "Normalized EBITDA": NaN,
        "Total Unusual Items": NaN,
        "Total Unusual Items Excluding Goodwill": NaN,
        "Net Income From Continuing Operation Net Minority Interest": NaN,
        "Reconciled Depreciation": NaN,
        "Reconciled Cost Of Revenue": NaN,
        "EBITDA": NaN,
        "EBIT": NaN,
        "Net Interest Income": NaN,
        "Interest Expense": NaN,
        "Normalized Income": NaN,
        "Net Income From Continuing And Discontinued Operation": NaN,
        "Total Expenses": NaN,
        "Total Operating Income As Reported": NaN,
        "Diluted Average Shares": NaN,
        "Basic Average Shares": NaN,
        "Diluted EPS": NaN,
        "Basic EPS": NaN,
        "Diluted NI Availto Com Stockholders": NaN,
        "Net Income Common Stockholders": NaN,
        "Net Income": NaN,
        "Net Income Including Noncontrolling Interests": NaN,
        "Net Income Continuous Operations": NaN,
        "Earnings From Equity Interest Net Of Tax": NaN,
        "Tax Provision": NaN,
        "Pretax Income": NaN,
        "Other Income Expense": NaN,
        "Special Income Charges": NaN,
        "Other Special Charges": 375000000.0,
        "Impairment Of Capital Assets": 0.0,
        "Gain On Sale Of Security": NaN,
        "Net Non Operating Interest Income Expense": NaN,
        "Interest Expense Non Operating": NaN,
        "Operating Income": NaN,
        "Operating Expense": NaN,
        "Depreciation Amortization Depletion Income Statement": NaN,
        "Depreciation And Amortization In Income Statement": NaN,
        "Amortization": NaN,
        "Amortization Of Intangibles Income Statement": NaN,
        "Research And Development": NaN,
        "Selling General And Administration": NaN,
        "Gross Profit": NaN,
        "Cost Of Revenue": NaN,
        "Total Revenue": NaN,
        "Operating Revenue": NaN
    },
    "2022-09-30": {
        "Tax Effect Of Unusual Items": NaN,
        "Tax Rate For Calcs": NaN,
        "Normalized EBITDA": NaN,
        "Total Unusual Items": NaN,
        "Total Unusual Items Excluding Goodwill": NaN,
        "Net Income From Continuing Operation Net Minority Interest": NaN,
        "Reconciled Depreciation": NaN,
        "Reconciled Cost Of Revenue": NaN,
        "EBITDA": NaN,
        "EBIT": NaN,
        "Net Interest Income": NaN,
        "Interest Expense": NaN,
        "Normalized Income": NaN,
        "Net Income From Continuing And Discontinued Operation": NaN,
        "Total Expenses": NaN,
        "Total Operating Income As Reported": NaN,
        "Diluted Average Shares": NaN,
        "Basic Average Shares": NaN,
        "Diluted EPS": NaN,
        "Basic EPS": NaN,
        "Diluted NI Availto Com Stockholders": NaN,
        "Net Income Common Stockholders": NaN,
        "Net Income": NaN,
        "Net Income Including Noncontrolling Interests": NaN,
        "Net Income Continuous Operations": NaN,
        "Earnings From Equity Interest Net Of Tax": NaN,
        "Tax Provision": NaN,
        "Pretax Income": NaN,
        "Other Income Expense": NaN,
        "Special Income Charges": NaN,
        "Other Special Charges": NaN,
        "Impairment Of Capital Assets": 133648000.0,
        "Gain On Sale Of Security": NaN,
        "Net Non Operating Interest Income Expense": NaN,
        "Interest Expense Non Operating": NaN,
        "Operating Income": NaN,
        "Operating Expense": NaN,
        "Depreciation Amortization Depletion Income Statement": NaN,
        "Depreciation And Amortization In Income Statement": NaN,
        "Amortization": NaN,
        "Amortization Of Intangibles Income Statement": NaN,
        "Research And Development": NaN,
        "Selling General And Administration": NaN,
        "Gross Profit": NaN,
        "Cost Of Revenue": NaN,
        "Total Revenue": NaN,
        "Operating Revenue": NaN
    },
    "2022-06-30": {
        "Tax Effect Of Unusual Items": -28196400.0,
        "Tax Rate For Calcs": 0.4,
        "Normalized EBITDA": 310897000.0,
        "Total Unusual Items": -70491000.0,
        "Total Unusual Items Excluding Goodwill": -70491000.0,
        "Net Income From Continuing Operation Net Minority Interest": 34665000.0,
        "Reconciled Depreciation": 156203000.0,
        "Reconciled Cost Of Revenue": 116461000.0,
        "EBITDA": 240406000.0,
        "EBIT": 84203000.0,
        "Net Interest Income": -63189000.0,
        "Interest Expense": 63189000.0,
        "Normalized Income": 76959600.0,
        "Net Income From Continuing And Discontinued Operation": 34665000.0,
        "Total Expenses": 778184000.0,
        "Total Operating Income As Reported": 85546000.0,
        "Diluted Average Shares": 63431000.0,
        "Basic Average Shares": 62436000.0,
        "Diluted EPS": 0.55,
        "Basic EPS": 0.56,
        "Diluted NI Availto Com Stockholders": 34665000.0,
        "Net Income Common Stockholders": 34665000.0,
        "Net Income": 34665000.0,
        "Net Income Including Noncontrolling Interests": 34665000.0,
        "Net Income Continuous Operations": 34665000.0,
        "Earnings From Equity Interest Net Of Tax": -2461000.0,
        "Tax Provision": -16112000.0,
        "Pretax Income": 21014000.0,
        "Other Income Expense": -70491000.0,
        "Special Income Charges": -69148000.0,
        "Other Special Charges": 69148000.0,
        "Write Off": NaN,
        "Impairment Of Capital Assets": NaN,
        "Gain On Sale Of Security": -1343000.0,
        "Net Non Operating Interest Income Expense": -63189000.0,
        "Interest Expense Non Operating": 63189000.0,
        "Operating Income": 154694000.0,
        "Operating Expense": 653976000.0,
        "Depreciation Amortization Depletion Income Statement": 148456000.0,
        "Depreciation And Amortization In Income Statement": 148456000.0,
        "Amortization": 148456000.0,
        "Amortization Of Intangibles Income Statement": 148456000.0,
        "Research And Development": 139047000.0,
        "Selling General And Administration": 366473000.0,
        "Gross Profit": 808670000.0,
        "Cost Of Revenue": 124208000.0,
        "Total Revenue": 932878000.0,
        "Operating Revenue": 932878000.0
    },
    "2022-03-31": {
        "Diluted EPS": 0.03,
        "Total Revenue": 814,
        "Gross Profit": 698,
        "Operating Income": 88,
        "EBIT": 267,
        "Net Income": 2
    },
    "2021-12-31": {
        "Diluted EPS": -0.64,
        "Total Revenue": 897,
        "Gross Profit": 761,
        "Operating Income": 49,
        "EBIT": 214,
        "Net Income": -35
    },
    "2021-09-30": {
        "Diluted EPS": -0.86,
        "Total Revenue": 838,
        "Gross Profit": 693,
        "Operating Income": 28,
        "EBIT": 196,
        "Net Income": -53
    },
    "2021-06-30": {
        "Diluted EPS": -6.11,
        "Total Revenue": 752,
        "Gross Profit": 633,
        "Operating Income": -70,
        "EBIT": 78,
        "Net Income": -363
    },
    "2021-03-31": {
        "Diluted EPS": 2.09,
        "Total Revenue": 608,
        "Gross Profit": 567,
        "Operating Income": 162,
        "EBIT": 235,
        "Net Income": 122
    },
    "2020-12-31": {
        "Diluted EPS": 2.34,
        "Total Revenue": 666,
        "Gross Profit": 615,
        "Operating Income": 173,
        "EBIT": 245,
        "Net Income": 133
    },
    "2020-09-30": {
        "Diluted EPS": 2.64,
        "Total Revenue": 601,
        "Gross Profit": 559,
        "Operating Income": 196,
        "EBIT": 268,
        "Net Income": 148
    },
    "2020-06-30": {
        "Diluted EPS": 2.06,
        "Total Revenue": 562,
        "Gross Profit": 534,
        "Operating Income": 198,
        "EBIT": 254,
        "Net Income": 115
    },
    "2020-03-31": {
        "Diluted EPS": -2.82,
        "Total Revenue": 535,
        "Gross Profit": 506,
        "Operating Income": -190,
        "EBIT": -110,
        "Net Income": -158
    },
    "2019-12-31": {
        "Diluted EPS": 1.28,
        "Total Revenue": 582,
        "Gross Profit": 546,
        "Operating Income": 61,
        "EBIT": 205,
        "Net Income": 74
    },
    "2019-09-30": {
        "Diluted EPS": 1.78,
        "Total Revenue": 538,
        "Gross Profit": 506,
        "Operating Income": 133,
        "EBIT": 212,
        "Net Income": 102
    },
    "2019-06-30": {
        "Diluted EPS": 4.56,
        "Total Revenue": 534,
        "Gross Profit": 506,
        "Operating Income": 204,
        "EBIT": 338,
        "Net Income": 262
    },
    "2019-03-31": {
        "Diluted EPS": 1.47,
        "Total Revenue": 508,
        "Gross Profit": 475,
        "Operating Income": 134,
        "EBIT": 148,
        "Net Income": 85
    },
    "2018-12-31": {
        "Diluted EPS": 2.64,
        "Total Revenue": 476,
        "Gross Profit": 450,
        "Operating Income": 185,
        "EBIT": 247,
        "Net Income": 159
    },
    "2018-09-30": {
        "Diluted EPS": 2.41,
        "Total Revenue": 469,
        "Gross Profit": 443,
        "Operating Income": 189,
        "EBIT": 251,
        "Net Income": 149
    },
    "2018-06-30": {
        "Diluted EPS": 1.5,
        "Total Revenue": 500,
        "Gross Profit": 466,
        "Operating Income": 153,
        "EBIT": 276,
        "Net Income": 92
    },
    "2018-03-31": {
        "Diluted EPS": 0.75,
        "Total Revenue": 445,
        "Gross Profit": 411,
        "Operating Income": 88,
        "EBIT": 102,
        "Net Income": 46
    },
    "2017-12-31": {
        "Diluted EPS": 3.8,
        "Total Revenue": 436,
        "Gross Profit": 411,
        "Operating Income": 141,
        "EBIT": 209,
        "Net Income": 232
    },
    "2017-09-30": {
        "Diluted EPS": 1.03,
        "Total Revenue": 412,
        "Gross Profit": 381,
        "Operating Income": 86,
        "EBIT": 145,
        "Net Income": 64
    },
    "2017-06-30": {
        "Diluted EPS": 1.72,
        "Total Revenue": 394,
        "Gross Profit": 366,
        "Operating Income": 165,
        "EBIT": 200,
        "Net Income": 106
    },
    "2017-03-31": {
        "Diluted EPS": 1.41,
        "Total Revenue": 376,
        "Gross Profit": 351,
        "Operating Income": 136,
        "EBIT": 171,
        "Net Income": 87
    },
    "2016-12-31": {
        "Diluted EPS": 1.9,
        "Total Revenue": 397,
        "Gross Profit": 363,
        "Operating Income": 166,
        "EBIT": 277,
        "Net Income": 117
    },
    "2016-09-30": {
        "Diluted EPS": 1.45,
        "Total Revenue": 374,
        "Gross Profit": 350,
        "Operating Income": 136,
        "EBIT": 96,
        "Net Income": 90
    },
    "2016-06-30": {
        "Diluted EPS": 1.85,
        "Total Revenue": 381,
        "Gross Profit": 357,
        "Operating Income": 169,
        "EBIT": 203,
        "Net Income": 115
    },
    "2016-03-31": {
        "Diluted EPS": 1.21,
        "Total Revenue": 336,
        "Gross Profit": 313,
        "Operating Income": 121,
        "EBIT": 152,
        "Net Income": 76
    },
    "2015-12-31": {
        "Diluted EPS": 1.32,
        "Total Revenue": 341,
        "Gross Profit": 317,
        "Operating Income": 107,
        "EBIT": 138,
        "Net Income": 83
    },
    "2015-09-30": {
        "Diluted EPS": 1.39,
        "Total Revenue": 341,
        "Gross Profit": 312,
        "Operating Income": 132,
        "EBIT": 166,
        "Net Income": 88
    },
    "2015-06-30": {
        "Diluted EPS": 1.4,
        "Total Revenue": 334,
        "Gross Profit": 312,
        "Operating Income": 153,
        "EBIT": 185,
        "Net Income": 88
    },
    "2015-03-31": {
        "Diluted EPS": 1.12,
        "Total Revenue": 309,
        "Gross Profit": 281,
        "Operating Income": 117,
        "EBIT": 150,
        "Net Income": 71
    },
    "2014-12-31": {
        "Diluted EPS": 1.4,
        "Total Revenue": 328,
        "Gross Profit": 299,
        "Operating Income": 130,
        "EBIT": 170,
        "Net Income": 82
    },
    "2014-09-30": {
        "Diluted EPS": 0.41,
        "Total Revenue": 307,
        "Gross Profit": 280,
        "Operating Income": 58,
        "EBIT": 98,
        "Net Income": 26
    },
    "2014-06-30": {
        "Diluted EPS": 0.7,
        "Total Revenue": 291,
        "Gross Profit": 261,
        "Operating Income": 74,
        "EBIT": 140,
        "Net Income": 44
    },
    "2014-03-31": {
        "Diluted EPS": -1.58,
        "Total Revenue": 247,
        "Gross Profit": 216,
        "Operating Income": -67,
        "EBIT": -65,
        "Net Income": -93
    },
    "2013-12-31": {
        "Diluted EPS": 0.88,
        "Total Revenue": 236,
        "Gross Profit": 210,
        "Operating Income": 94,
        "EBIT": 121,
        "Net Income": 55
    },
    "2013-09-30": {
        "Diluted EPS": 1.23,
        "Total Revenue": 232,
        "Gross Profit": 208,
        "Operating Income": 101,
        "EBIT": 121,
        "Net Income": 75
    },
    "2013-06-30": {
        "Diluted EPS": 0.69,
        "Total Revenue": 208,
        "Gross Profit": 183,
        "Operating Income": 77,
        "EBIT": 97,
        "Net Income": 42
    },
    "2013-03-31": {
        "Diluted EPS": 0.71,
        "Total Revenue": 196,
        "Gross Profit": 169,
        "Operating Income": 68,
        "EBIT": 88,
        "Net Income": 43
    },
    "2012-12-31": {
        "Diluted EPS": 3.31,
        "Total Revenue": 184,
        "Gross Profit": 158,
        "Operating Income": 67,
        "EBIT": 90,
        "Net Income": 201
    },
    "2012-09-30": {
        "Diluted EPS": 0.55,
        "Total Revenue": 176,
        "Gross Profit": 143,
        "Operating Income": 55,
        "EBIT": 77,
        "Net Income": 33
    },
    "2012-06-30": {
        "Diluted EPS": 0.45,
        "Total Revenue": 124,
        "Gross Profit": 112,
        "Operating Income": 39,
        "EBIT": 55,
        "Net Income": 27
    },
    "2012-03-31": {
        "Diluted EPS": 0.48,
        "Total Revenue": 103,
        "Gross Profit": 95,
        "Operating Income": 36,
        "EBIT": 49,
        "Net Income": 28
    },
    "2011-12-31": {
        "Diluted EPS": 0.79,
        "Total Revenue": 84,
        "Gross Profit": 80,
        "Operating Income": 38,
        "EBIT": 40,
        "Net Income": 37
    },
    "2011-09-30": {
        "Diluted EPS": 0.69,
        "Total Revenue": 73,
        "Gross Profit": 69,
        "Operating Income": 34,
        "EBIT": 36,
        "Net Income": 32
    },
    "2011-06-30": {
        "Diluted EPS": 0.71,
        "Total Revenue": 65,
        "Gross Profit": 61,
        "Operating Income": 34,
        "EBIT": 36,
        "Net Income": 33
    },
    "2011-03-31": {
        "Diluted EPS": 0.48,
        "Total Revenue": 51,
        "Gross Profit": 48,
        "Operating Income": 23,
        "EBIT": 25,
        "Net Income": 22
    },
    "2010-12-31": {
        "Diluted EPS": 0.65,
        "Total Revenue": 53,
        "Gross Profit": 49,
        "Operating Income": 26,
        "EBIT": 28,
        "Net Income": 24
    },
    "2010-09-30": {
        "Diluted EPS": 0.32,
        "Total Revenue": 45,
        "Gross Profit": 42,
        "Operating Income": 14,
        "EBIT": 16,
        "Net Income": 13
    },
    "2010-06-30": {
        "Diluted EPS": -0.18,
        "Total Revenue": 40,
        "Gross Profit": 38,
        "Operating Income": 11,
        "EBIT": 13,
        "Net Income": -6
    },
    "2010-03-31": {
        "Diluted EPS": 0.04,
        "Total Revenue": 35,
        "Gross Profit": 32,
        "Operating Income": 7,
        "EBIT": 10,
        "Net Income": 1
    },
    "2009-12-31": {
        "Diluted EPS": 0.2,
        "Total Revenue": 38,
        "Gross Profit": 36,
        "Operating Income": 11,
        "EBIT": 14,
        "Net Income": 6
    },
    "2009-09-30": {
        "Diluted EPS": -0.05,
        "Total Revenue": 31,
        "Gross Profit": 28,
        "Operating Income": 4,
        "EBIT": 6,
        "Net Income": -2
    },
    "2009-06-30": {
        "Diluted EPS": 0.07,
        "Total Revenue": 37,
        "Gross Profit": 35,
        "Operating Income": 8,
        "EBIT": 10,
        "Net Income": 2
    },
    "2009-03-31": {
        "Diluted EPS": -0.45,
        "Total Revenue": 22,
        "Gross Profit": 20,
        "Operating Income": -7,
        "EBIT": -5,
        "Net Income": -13
    },
    "2023-06-30": {
        "Tax Effect Of Unusual Items": -500220.0,
        "Tax Rate For Calcs": 0.21,
        "Normalized EBITDA": 317213000.0,
        "Total Unusual Items": -2382000.0,
        "Total Unusual Items Excluding Goodwill": -2382000.0,
        "Net Income From Continuing Operation Net Minority Interest": 104438000.0,
        "Reconciled Depreciation": 159577000.0,
        "Reconciled Cost Of Revenue": 90022000.0,
        "EBITDA": 314831000.0,
        "EBIT": 155254000.0,
        "Net Interest Income": -73470000.0,
        "Interest Expense": 73470000.0,
        "Normalized Income": 106319780.0,
        "Net Income From Continuing And Discontinued Operation": 104438000.0,
        "Total Expenses": 799681000.0,
        "Total Operating Income As Reported": 157636000.0,
        "Diluted Average Shares": 73540000.0,
        "Basic Average Shares": 63991000.0,
        "Diluted EPS": 1.52,
        "Basic EPS": 1.63,
        "Diluted NI Availto Com Stockholders": 104438000.0,
        "Net Income Common Stockholders": 104438000.0,
        "Net Income": 104438000.0,
        "Net Income Including Noncontrolling Interests": 104438000.0,
        "Net Income Continuous Operations": 104438000.0,
        "Earnings From Equity Interest Net Of Tax": -1669000.0,
        "Tax Provision": -24323000.0,
        "Pretax Income": 81784000.0,
        "Other Income Expense": -2382000.0,
        "Special Income Charges": 0.0,
        "Other Special Charges": NaN,
        "Impairment Of Capital Assets": NaN,
        "Gain On Sale Of Security": -2382000.0,
        "Net Non Operating Interest Income Expense": -73470000.0,
        "Interest Expense Non Operating": 73470000.0,
        "Operating Income": 157636000.0,
        "Operating Expense": 702144000.0,
        "Depreciation Amortization Depletion Income Statement": 152062000.0,
        "Depreciation And Amortization In Income Statement": 152062000.0,
        "Amortization": 152062000.0,
        "Amortization Of Intangibles Income Statement": 152062000.0,
        "Research And Development": 209238000.0,
        "Selling General And Administration": 340844000.0,
        "Gross Profit": 859780000.0,
        "Cost Of Revenue": 97537000.0,
        "Total Revenue": 957317000.0,
        "Operating Revenue": 957317000.0
    },
    "2023-09-30": {
        "Tax Effect Of Unusual Items": NaN,
        "Tax Rate For Calcs": NaN,
        "Normalized EBITDA": NaN,
        "Total Unusual Items": NaN,
        "Total Unusual Items Excluding Goodwill": NaN,
        "Net Income From Continuing Operation Net Minority Interest": NaN,
        "Reconciled Depreciation": NaN,
        "Reconciled Cost Of Revenue": NaN,
        "EBITDA": NaN,
        "EBIT": NaN,
        "Net Interest Income": NaN,
        "Interest Expense": NaN,
        "Normalized Income": NaN,
        "Net Income From Continuing And Discontinued Operation": NaN,
        "Total Expenses": NaN,
        "Total Operating Income As Reported": NaN,
        "Diluted Average Shares": NaN,
        "Basic Average Shares": NaN,
        "Diluted EPS": NaN,
        "Basic EPS": NaN,
        "Diluted NI Availto Com Stockholders": NaN,
        "Average Dilution Earnings": 5912000.0,
        "Net Income Common Stockholders": NaN,
        "Net Income": NaN,
        "Net Income Including Noncontrolling Interests": NaN,
        "Net Income Continuous Operations": NaN,
        "Earnings From Equity Interest Net Of Tax": NaN,
        "Tax Provision": NaN,
        "Pretax Income": NaN,
        "Other Income Expense": NaN,
        "Special Income Charges": NaN,
        "Other Special Charges": NaN,
        "Impairment Of Capital Assets": 0.0,
        "Gain On Sale Of Security": NaN,
        "Net Non Operating Interest Income Expense": NaN,
        "Interest Expense Non Operating": NaN,
        "Operating Income": NaN,
        "Operating Expense": NaN,
        "Depreciation Amortization Depletion Income Statement": NaN,
        "Depreciation And Amortization In Income Statement": NaN,
        "Amortization": NaN,
        "Amortization Of Intangibles Income Statement": NaN,
        "Research And Development": NaN,
        "Selling General And Administration": NaN,
        "Gross Profit": NaN,
        "Cost Of Revenue": NaN,
        "Total Revenue": NaN,
        "Operating Revenue": NaN
    },
    "2023-12-31": {
        "Tax Effect Of Unusual Items": NaN,
        "Tax Rate For Calcs": NaN,
        "Normalized EBITDA": NaN,
        "Total Unusual Items": NaN,
        "Total Unusual Items Excluding Goodwill": NaN,
        "Net Income From Continuing Operation Net Minority Interest": NaN,
        "Reconciled Depreciation": NaN,
        "Reconciled Cost Of Revenue": NaN,
        "EBITDA": NaN,
        "EBIT": NaN,
        "Net Interest Income": NaN,
        "Interest Expense": NaN,
        "Normalized Income": NaN,
        "Net Income From Continuing And Discontinued Operation": NaN,
        "Total Expenses": NaN,
        "Total Operating Income As Reported": NaN,
        "Diluted Average Shares": NaN,
        "Basic Average Shares": NaN,
        "Diluted EPS": NaN,
        "Basic EPS": NaN,
        "Diluted NI Availto Com Stockholders": NaN,
        "Average Dilution Earnings": NaN,
        "Net Income Common Stockholders": NaN,
        "Net Income": NaN,
        "Net Income Including Noncontrolling Interests": NaN,
        "Net Income Continuous Operations": NaN,
        "Earnings From Equity Interest Net Of Tax": NaN,
        "Tax Provision": NaN,
        "Pretax Income": NaN,
        "Other Income Expense": NaN,
        "Special Income Charges": NaN,
        "Other Special Charges": 18000000.0,
        "Impairment Of Capital Assets": 0.0,
        "Gain On Sale Of Security": NaN,
        "Net Non Operating Interest Income Expense": NaN,
        "Interest Expense Non Operating": NaN,
        "Operating Income": NaN,
        "Operating Expense": NaN,
        "Depreciation Amortization Depletion Income Statement": NaN,
        "Depreciation And Amortization In Income Statement": NaN,
        "Amortization": NaN,
        "Amortization Of Intangibles Income Statement": NaN,
        "Research And Development": NaN,
        "Selling General And Administration": NaN,
        "Gross Profit": NaN,
        "Cost Of Revenue": NaN,
        "Total Revenue": NaN,
        "Operating Revenue": NaN
    },
    "2024-03-31": {
        "Tax Effect Of Unusual Items": -2455530.0,
        "Tax Rate For Calcs": 0.21,
        "Normalized EBITDA": 239590000.0,
        "Total Unusual Items": -11693000.0,
        "Total Unusual Items Excluding Goodwill": -11693000.0,
        "Net Income From Continuing Operation Net Minority Interest": -14618000.0,
        "Reconciled Depreciation": 163383000.0,
        "Reconciled Cost Of Revenue": 87834000.0,
        "EBITDA": 227897000.0,
        "EBIT": 64514000.0,
        "Net Interest Income": -66116000.0,
        "Interest Expense": 66116000.0,
        "Normalized Income": -5380530.0,
        "Net Income From Continuing And Discontinued Operation": -14618000.0,
        "Total Expenses": 825776000.0,
        "Total Operating Income As Reported": 66207000.0,
        "Diluted Average Shares": 62537000.0,
        "Basic Average Shares": 62537000.0,
        "Diluted EPS": -0.23,
        "Basic EPS": -0.23,
        "Diluted NI Availto Com Stockholders": -14618000.0,
        "Average Dilution Earnings": NaN,
        "Net Income Common Stockholders": -14618000.0,
        "Net Income": -14618000.0,
        "Net Income Including Noncontrolling Interests": -14618000.0,
        "Net Income Continuous Operations": -14618000.0,
        "Earnings From Equity Interest Net Of Tax": -1347000.0,
        "Tax Provision": 11669000.0,
        "Pretax Income": -1602000.0,
        "Other Income Expense": -11693000.0,
        "Special Income Charges": -10000000.0,
        "Other Special Charges": 10000000.0,
        "Impairment Of Capital Assets": NaN,
        "Gain On Sale Of Security": -1693000.0,
        "Net Non Operating Interest Income Expense": -66116000.0,
        "Interest Expense Non Operating": 66116000.0,
        "Operating Income": 76207000.0,
        "Operating Expense": 730289000.0,
        "Depreciation Amortization Depletion Income Statement": 155730000.0,
        "Depreciation And Amortization In Income Statement": 155730000.0,
        "Amortization": 155730000.0,
        "Amortization Of Intangibles Income Statement": 155730000.0,
        "Research And Development": 222847000.0,
        "Selling General And Administration": 351712000.0,
        "Gross Profit": 806496000.0,
        "Cost Of Revenue": 95487000.0,
        "Total Revenue": 901983000.0,
        "Operating Revenue": 901983000.0
    },
    "2024-06-30": {
        "Tax Effect Of Unusual Items": 106470.0,
        "Tax Rate For Calcs": 0.21,
        "Normalized EBITDA": 362478000.0,
        "Total Unusual Items": 507000.0,
        "Total Unusual Items Excluding Goodwill": 507000.0,
        "Net Income From Continuing Operation Net Minority Interest": 168568000.0,
        "Reconciled Depreciation": 163035000.0,
        "Reconciled Cost Of Revenue": 102090000.0,
        "EBITDA": 362985000.0,
        "EBIT": 199950000.0,
        "Net Interest Income": -62023000.0,
        "Interest Expense": 62023000.0,
        "Normalized Income": 168167470.0,
        "Net Income From Continuing And Discontinued Operation": 168568000.0,
        "Total Expenses": 824382000.0,
        "Total Operating Income As Reported": 199443000.0,
        "Diluted Average Shares": 69625000.0,
        "Basic Average Shares": 62882000.0,
        "Diluted EPS": 2.49,
        "Basic EPS": 2.68,
        "Diluted NI Availto Com Stockholders": 168568000.0,
        "Average Dilution Earnings": NaN,
        "Net Income Common Stockholders": 168568000.0,
        "Net Income": 168568000.0,
        "Net Income Including Noncontrolling Interests": 168568000.0,
        "Net Income Continuous Operations": 168568000.0,
        "Earnings From Equity Interest Net Of Tax": -12000.0,
        "Tax Provision": -30653000.0,
        "Pretax Income": 137927000.0,
        "Other Income Expense": 507000.0,
        "Special Income Charges": 0.0,
        "Other Special Charges": NaN,
        "Impairment Of Capital Assets": NaN,
        "Gain On Sale Of Security": 507000.0,
        "Net Non Operating Interest Income Expense": -62023000.0,
        "Interest Expense Non Operating": 62023000.0,
        "Operating Income": 199443000.0,
        "Operating Expense": 714480000.0,
        "Depreciation Amortization Depletion Income Statement": 155223000.0,
        "Depreciation And Amortization In Income Statement": 155223000.0,
        "Amortization": 155223000.0,
        "Amortization Of Intangibles Income Statement": 155223000.0,
        "Research And Development": 220734000.0,
        "Selling General And Administration": 338523000.0,
        "Gross Profit": 913923000.0,
        "Cost Of Revenue": 109902000.0,
        "Total Revenue": 1023825000.0,
        "Operating Revenue": 1023825000.0
    },
    "2024-09-30": {
        "Tax Effect Of Unusual Items": -147210.0,
        "Tax Rate For Calcs": 0.21,
        "Normalized EBITDA": 425442000.0,
        "Total Unusual Items": -701000.0,
        "Total Unusual Items Excluding Goodwill": -701000.0,
        "Net Income From Continuing Operation Net Minority Interest": 215055000.0,
        "Reconciled Depreciation": 165232000.0,
        "Reconciled Cost Of Revenue": 103836000.0,
        "EBITDA": 424741000.0,
        "EBIT": 259509000.0,
        "Net Interest Income": -58702000.0,
        "Interest Expense": 58702000.0,
        "Normalized Income": 215608790.0,
        "Net Income From Continuing And Discontinued Operation": 215055000.0,
        "Total Expenses": 794759000.0,
        "Total Operating Income As Reported": 260210000.0,
        "Diluted Average Shares": 63174000.0,
        "Basic Average Shares": 61414000.0,
        "Diluted EPS": 3.42,
        "Basic EPS": 3.5,
        "Diluted NI Availto Com Stockholders": 216083000.0,
        "Average Dilution Earnings": 1028000.0,
        "Net Income Common Stockholders": 215055000.0,
        "Net Income": 215055000.0,
        "Net Income Including Noncontrolling Interests": 215055000.0,
        "Net Income Continuous Operations": 215055000.0,
        "Earnings From Equity Interest Net Of Tax": -285000.0,
        "Tax Provision": -14533000.0,
        "Pretax Income": 200807000.0,
        "Other Income Expense": -701000.0,
        "Special Income Charges": 0.0,
        "Other Special Charges": NaN,
        "Impairment Of Capital Assets": NaN,
        "Gain On Sale Of Security": -701000.0,
        "Net Non Operating Interest Income Expense": -58702000.0,
        "Interest Expense Non Operating": 58702000.0,
        "Operating Income": 260210000.0,
        "Operating Expense": 683148000.0,
        "Depreciation Amortization Depletion Income Statement": 157457000.0,
        "Depreciation And Amortization In Income Statement": 157457000.0,
        "Amortization": 157457000.0,
        "Amortization Of Intangibles Income Statement": 157457000.0,
        "Research And Development": 199919000.0,
        "Selling General And Administration": 325772000.0,
        "Gross Profit": 943358000.0,
        "Cost Of Revenue": 111611000.0,
        "Total Revenue": 1054969000.0,
        "Operating Revenue": 1054969000.0
    },
    "2024-12-31": {
        "Tax Effect Of Unusual Items": -1321950.0,
        "Tax Rate For Calcs": 0.21,
        "Normalized EBITDA": 359187000.0,
        "Total Unusual Items": -6295000.0,
        "Total Unusual Items Excluding Goodwill": -6295000.0,
        "Net Income From Continuing Operation Net Minority Interest": 191115000.0,
        "Reconciled Depreciation": 168417000.0,
        "Reconciled Cost Of Revenue": 119199000.0,
        "EBITDA": 352892000.0,
        "EBIT": 184475000.0,
        "Net Interest Income": -51256000.0,
        "Interest Expense": 51256000.0,
        "Normalized Income": 196088050.0,
        "Net Income From Continuing And Discontinued Operation": 191115000.0,
        "Total Expenses": 897403000.0,
        "Total Operating Income As Reported": 190770000.0,
        "Diluted Average Shares": 61503000.0,
        "Basic Average Shares": 60538000.0,
        "Diluted EPS": 3.11,
        "Basic EPS": 3.16,
        "Diluted NI Availto Com Stockholders": 191116000.0,
        "Average Dilution Earnings": 1000.0,
        "Net Income Common Stockholders": 191115000.0,
        "Net Income": 191115000.0,
        "Net Income Including Noncontrolling Interests": 191115000.0,
        "Net Income Continuous Operations": 191115000.0,
        "Earnings From Equity Interest Net Of Tax": -16000.0,
        "Tax Provision": -57912000.0,
        "Pretax Income": 133219000.0,
        "Other Income Expense": -6295000.0,
        "Special Income Charges": 0.0,
        "Other Special Charges": 0.0,
        "Impairment Of Capital Assets": NaN,
        "Gain On Sale Of Security": -6295000.0,
        "Net Non Operating Interest Income Expense": -51256000.0,
        "Interest Expense Non Operating": 51256000.0,
        "Operating Income": 190770000.0,
        "Operating Expense": 768690000.0,
        "Depreciation Amortization Depletion Income Statement": 158903000.0,
        "Depreciation And Amortization In Income Statement": 158903000.0,
        "Amortization": 158903000.0,
        "Amortization Of Intangibles Income Statement": 158903000.0,
        "Research And Development": 240500000.0,
        "Selling General And Administration": 369287000.0,
        "Gross Profit": 959460000.0,
        "Cost Of Revenue": 128713000.0,
        "Total Revenue": 1088173000.0,
        "Operating Revenue": 1088173000.0
    },
    "2025-03-31": {
        "Tax Effect Of Unusual Items": -34549.872053,
        "Tax Rate For Calcs": 0.162206,
        "Normalized EBITDA": 108981000.0,
        "Total Unusual Items": -213000.0,
        "Total Unusual Items Excluding Goodwill": -213000.0,
        "Net Income From Continuing Operation Net Minority Interest": -92541000.0,
        "Reconciled Depreciation": 164873000.0,
        "Reconciled Cost Of Revenue": 94195000.0,
        "EBITDA": 108768000.0,
        "EBIT": -56105000.0,
        "Net Interest Income": -53706000.0,
        "Interest Expense": 53706000.0,
        "Normalized Income": -92362549.872053,
        "Net Income From Continuing And Discontinued Operation": -92541000.0,
        "Total Expenses": 953733000.0,
        "Total Operating Income As Reported": -55892000.0,
        "Diluted Average Shares": 60979000.0,
        "Basic Average Shares": 60979000.0,
        "Diluted EPS": -1.52,
        "Basic EPS": -1.52,
        "Diluted NI Availto Com Stockholders": -92541000.0,
        "Average Dilution Earnings": NaN,
        "Net Income Common Stockholders": -92541000.0,
        "Net Income": -92541000.0,
        "Net Income Including Noncontrolling Interests": -92541000.0,
        "Net Income Continuous Operations": -92541000.0,
        "Earnings From Equity Interest Net Of Tax": -542000.0,
        "Tax Provision": -17812000.0,
        "Pretax Income": -109811000.0,
        "Other Income Expense": -213000.0,
        "Special Income Charges": 0.0,
        "Other Special Charges": NaN,
        "Impairment Of Capital Assets": NaN,
        "Gain On Sale Of Security": -213000.0,
        "Net Non Operating Interest Income Expense": -53706000.0,
        "Interest Expense Non Operating": 53706000.0,
        "Operating Income": -55892000.0,
        "Operating Expense": 849113000.0,
        "Depreciation Amortization Depletion Income Statement": 154448000.0,
        "Depreciation And Amortization In Income Statement": 154448000.0,
        "Amortization": 154448000.0,
        "Amortization Of Intangibles Income Statement": 154448000.0,
        "Research And Development": 180652000.0,
        "Selling General And Administration": 514013000.0,
        "Gross Profit": 793221000.0,
        "Cost Of Revenue": 104620000.0,
        "Total Revenue": 897841000.0,
        "Operating Revenue": 897841000.0
    }
}