{
    "2023-03-31": {
        "Tax Effect Of Unusual Items": 0.0,
        "Tax Rate For Calcs": 0.257,
        "Normalized EBITDA": 60600000.0,
        "Total Unusual Items": NaN,
        "Total Unusual Items Excluding Goodwill": NaN,
        "Net Income From Continuing Operation Net Minority Interest": 26000000.0,
        "Reconciled Depreciation": 9600000.0,
        "Reconciled Cost Of Revenue": 152000000.0,
        "EBITDA": 60600000.0,
        "EBIT": 51000000.0,
        "Net Interest Income": -16000000.0,
        "Interest Expense": 16000000.0,
        "Normalized Income": 26000000.0,
        "Net Income From Continuing And Discontinued Operation": 26000000.0,
        "Total Expenses": 200900000.0,
        "Total Operating Income As Reported": 51000000.0,
        "Diluted Average Shares": 146751901.0,
        "Basic Average Shares": 146703894.0,
        "Diluted EPS": 0.18,
        "Basic EPS": 0.18,
        "Diluted NI Availto Com Stockholders": 26000000.0,
        "Net Income Common Stockholders": 26000000.0,
        "Net Income": 26000000.0,
        "Net Income Including Noncontrolling Interests": 26000000.0,
        "Net Income Continuous Operations": 26000000.0,
        "Tax Provision": 9000000.0,
        "Pretax Income": 35000000.0,
        "Other Income Expense": -15000.0,
        "Other Non Operating Income Expenses": -15000.0,
        "Special Income Charges": NaN,
        "Other Special Charges": NaN,
        "Restructuring And Mergern Acquisition": NaN,
        "Net Non Operating Interest Income Expense": -16000000.0,
        "Interest Expense Non Operating": 16000000.0,
        "Operating Income": 51000000.0,
        "Operating Expense": 48900000.0,
        "Selling General And Administration": 48900000.0,
        "Selling And Marketing Expense": 14800000.0,
        "General And Administrative Expense": 34100000.0,
        "Other Gand A": 34100000.0,
        "Gross Profit": 99900000.0,
        "Cost Of Revenue": 152000000.0,
        "Total Revenue": 251900000.0,
        "Operating Revenue": 251900000.0
    },
    "2022-12-31": {
        "Tax Effect Of Unusual Items": NaN,
        "Tax Rate For Calcs": NaN,
        "Normalized EBITDA": NaN,
        "Total Unusual Items": 0.0,
        "Total Unusual Items Excluding Goodwill": 0.0,
        "Net Income From Continuing Operation Net Minority Interest": NaN,
        "Reconciled Depreciation": NaN,
        "Reconciled Cost Of Revenue": NaN,
        "EBITDA": NaN,
        "EBIT": NaN,
        "Net Interest Income": NaN,
        "Interest Expense": NaN,
        "Normalized Income": NaN,
        "Net Income From Continuing And Discontinued Operation": NaN,
        "Total Expenses": NaN,
        "Total Operating Income As Reported": NaN,
        "Diluted Average Shares": NaN,
        "Basic Average Shares": NaN,
        "Diluted EPS": NaN,
        "Basic EPS": NaN,
        "Diluted NI Availto Com Stockholders": NaN,
        "Net Income Common Stockholders": NaN,
        "Net Income": NaN,
        "Net Income Including Noncontrolling Interests": NaN,
        "Net Income Continuous Operations": NaN,
        "Tax Provision": NaN,
        "Pretax Income": NaN,
        "Other Income Expense": NaN,
        "Other Non Operating Income Expenses": NaN,
        "Special Income Charges": 0.0,
        "Other Special Charges": NaN,
        "Restructuring And Mergern Acquisition": 0.0,
        "Net Non Operating Interest Income Expense": NaN,
        "Interest Expense Non Operating": NaN,
        "Operating Income": NaN,
        "Operating Expense": NaN,
        "Selling General And Administration": NaN,
        "Selling And Marketing Expense": NaN,
        "General And Administrative Expense": NaN,
        "Other Gand A": NaN,
        "Gross Profit": NaN,
        "Cost Of Revenue": NaN,
        "Total Revenue": NaN,
        "Operating Revenue": NaN
    },
    "2022-09-30": {
        "Tax Effect Of Unusual Items": NaN,
        "Tax Rate For Calcs": NaN,
        "Normalized EBITDA": NaN,
        "Total Unusual Items": 0.0,
        "Total Unusual Items Excluding Goodwill": 0.0,
        "Net Income From Continuing Operation Net Minority Interest": NaN,
        "Reconciled Depreciation": NaN,
        "Reconciled Cost Of Revenue": NaN,
        "EBITDA": NaN,
        "EBIT": NaN,
        "Net Interest Income": NaN,
        "Interest Expense": NaN,
        "Normalized Income": NaN,
        "Net Income From Continuing And Discontinued Operation": NaN,
        "Total Expenses": NaN,
        "Total Operating Income As Reported": NaN,
        "Diluted Average Shares": NaN,
        "Basic Average Shares": NaN,
        "Diluted EPS": NaN,
        "Basic EPS": NaN,
        "Diluted NI Availto Com Stockholders": NaN,
        "Net Income Common Stockholders": NaN,
        "Net Income": NaN,
        "Net Income Including Noncontrolling Interests": NaN,
        "Net Income Continuous Operations": NaN,
        "Tax Provision": NaN,
        "Pretax Income": NaN,
        "Other Income Expense": NaN,
        "Other Non Operating Income Expenses": NaN,
        "Special Income Charges": 0.0,
        "Other Special Charges": NaN,
        "Restructuring And Mergern Acquisition": 0.0,
        "Net Non Operating Interest Income Expense": NaN,
        "Interest Expense Non Operating": NaN,
        "Operating Income": NaN,
        "Operating Expense": NaN,
        "Selling General And Administration": NaN,
        "Selling And Marketing Expense": NaN,
        "General And Administrative Expense": NaN,
        "Other Gand A": NaN,
        "Gross Profit": NaN,
        "Cost Of Revenue": NaN,
        "Total Revenue": NaN,
        "Operating Revenue": NaN
    },
    "2022-06-30": {
        "Tax Effect Of Unusual Items": 0.0,
        "Tax Rate For Calcs": 0.255,
        "Normalized EBITDA": 49131000.0,
        "Total Unusual Items": 0.0,
        "Total Unusual Items Excluding Goodwill": 0.0,
        "Net Income From Continuing Operation Net Minority Interest": 22837000.0,
        "Reconciled Depreciation": 9624000.0,
        "Reconciled Cost Of Revenue": 163733000.0,
        "EBITDA": 49131000.0,
        "EBIT": 39507000.0,
        "Net Interest Income": -8868000.0,
        "Interest Expense": 8868000.0,
        "Normalized Income": 22837000.0,
        "Net Income From Continuing And Discontinued Operation": 22837000.0,
        "Total Expenses": 207865000.0,
        "Total Operating Income As Reported": 39849000.0,
        "Diluted Average Shares": 146717937.0,
        "Basic Average Shares": 146575720.0,
        "Diluted EPS": 0.16,
        "Basic EPS": 0.16,
        "Diluted NI Availto Com Stockholders": 22837000.0,
        "Net Income Common Stockholders": 22837000.0,
        "Net Income": 22837000.0,
        "Net Income Including Noncontrolling Interests": 22837000.0,
        "Net Income Continuous Operations": 22837000.0,
        "Tax Provision": 7802000.0,
        "Pretax Income": 30639000.0,
        "Other Income Expense": -342000.0,
        "Other Non Operating Income Expenses": -342000.0,
        "Special Income Charges": 0.0,
        "Restructuring And Mergern Acquisition": 0.0,
        "Net Non Operating Interest Income Expense": -8868000.0,
        "Interest Expense Non Operating": 8868000.0,
        "Operating Income": 39849000.0,
        "Operating Expense": 44132000.0,
        "Selling General And Administration": 44132000.0,
        "Selling And Marketing Expense": 14389000.0,
        "General And Administrative Expense": 29743000.0,
        "Other Gand A": 29743000.0,
        "Gross Profit": 83981000.0,
        "Cost Of Revenue": 163733000.0,
        "Total Revenue": 247714000.0,
        "Operating Revenue": 247714000.0
    },
    "2022-03-31": {
        "Diluted EPS": 0.13,
        "Total Revenue": 230,
        "Gross Profit": 77,
        "Operating Income": 35,
        "EBIT": 45,
        "Net Income": 20
    },
    "2021-12-31": {
        "Diluted EPS": 0.1,
        "Total Revenue": 235,
        "Gross Profit": 77,
        "Operating Income": 32,
        "EBIT": 44,
        "Net Income": 15
    },
    "2021-09-30": {
        "Diluted EPS": 0.1,
        "Total Revenue": 188,
        "Gross Profit": 62,
        "Operating Income": 25,
        "EBIT": 36,
        "Net Income": 16
    },
    "2021-06-30": {
        "Diluted EPS": -0.02,
        "Total Revenue": 174,
        "Gross Profit": 59,
        "Operating Income": 11,
        "EBIT": 20,
        "Net Income": -2
    },
    "2021-03-31": {
        "Diluted EPS": 0.22,
        "Total Revenue": 153,
        "Gross Profit": 53,
        "Operating Income": 24,
        "EBIT": 33,
        "Net Income": 15
    },
    "2020-12-31": {
        "Diluted EPS": -0.18,
        "Total Revenue": 286,
        "Gross Profit": 106,
        "Operating Income": 45,
        "EBIT": 54,
        "Net Income": 17
    },
    "2020-09-30": {
        "Diluted EPS": 0.32,
        "Total Revenue": 140,
        "Gross Profit": 53,
        "Operating Income": 30,
        "EBIT": 39,
        "Net Income": 21
    },
    "2020-06-30": {
        "Diluted EPS": 0.17,
        "Total Revenue": 122,
        "Gross Profit": 45,
        "Operating Income": 20,
        "EBIT": 20,
        "Net Income": 11
    },
    "2020-03-31": {
        "Diluted EPS": 0.55,
        "Total Revenue": NaN,
        "Gross Profit": NaN,
        "Operating Income": 0,
        "EBIT": 0,
        "Net Income": 8
    },
    "2019-12-31": {
        "Diluted EPS": 0.0,
        "Total Revenue": NaN,
        "Gross Profit": NaN,
        "Operating Income": NaN,
        "EBIT": NaN,
        "Net Income": NaN
    },
    "2019-09-30": {
        "Diluted EPS": 0.0,
        "Total Revenue": NaN,
        "Gross Profit": NaN,
        "Operating Income": NaN,
        "EBIT": NaN,
        "Net Income": NaN
    },
    "2023-06-30": {
        "Tax Effect Of Unusual Items": NaN,
        "Tax Rate For Calcs": NaN,
        "Normalized EBITDA": NaN,
        "Total Unusual Items": NaN,
        "Total Unusual Items Excluding Goodwill": NaN,
        "Net Income From Continuing Operation Net Minority Interest": NaN,
        "Reconciled Depreciation": NaN,
        "Reconciled Cost Of Revenue": NaN,
        "EBITDA": NaN,
        "EBIT": NaN,
        "Net Interest Income": NaN,
        "Interest Expense": NaN,
        "Normalized Income": NaN,
        "Net Income From Continuing And Discontinued Operation": NaN,
        "Total Expenses": NaN,
        "Total Operating Income As Reported": NaN,
        "Diluted Average Shares": NaN,
        "Basic Average Shares": NaN,
        "Diluted EPS": NaN,
        "Basic EPS": NaN,
        "Diluted NI Availto Com Stockholders": NaN,
        "Net Income Common Stockholders": NaN,
        "Net Income": NaN,
        "Net Income Including Noncontrolling Interests": NaN,
        "Net Income Continuous Operations": NaN,
        "Tax Provision": NaN,
        "Pretax Income": NaN,
        "Other Income Expense": NaN,
        "Other Non Operating Income Expenses": -100000.0,
        "Special Income Charges": NaN,
        "Other Special Charges": NaN,
        "Impairment Of Capital Assets": NaN,
        "Net Non Operating Interest Income Expense": NaN,
        "Interest Expense Non Operating": NaN,
        "Operating Income": NaN,
        "Operating Expense": NaN,
        "Selling General And Administration": NaN,
        "Selling And Marketing Expense": NaN,
        "General And Administrative Expense": NaN,
        "Other Gand A": NaN,
        "Gross Profit": NaN,
        "Cost Of Revenue": NaN,
        "Total Revenue": NaN,
        "Operating Revenue": NaN
    },
    "2023-09-30": {
        "Tax Effect Of Unusual Items": NaN,
        "Tax Rate For Calcs": NaN,
        "Normalized EBITDA": NaN,
        "Total Unusual Items": -3900000.0,
        "Total Unusual Items Excluding Goodwill": -3900000.0,
        "Net Income From Continuing Operation Net Minority Interest": NaN,
        "Reconciled Depreciation": NaN,
        "Reconciled Cost Of Revenue": NaN,
        "EBITDA": NaN,
        "EBIT": NaN,
        "Net Interest Income": NaN,
        "Interest Expense": NaN,
        "Normalized Income": NaN,
        "Net Income From Continuing And Discontinued Operation": NaN,
        "Total Expenses": NaN,
        "Total Operating Income As Reported": NaN,
        "Diluted Average Shares": NaN,
        "Basic Average Shares": NaN,
        "Diluted EPS": NaN,
        "Basic EPS": NaN,
        "Diluted NI Availto Com Stockholders": NaN,
        "Net Income Common Stockholders": NaN,
        "Net Income": NaN,
        "Net Income Including Noncontrolling Interests": NaN,
        "Net Income Continuous Operations": NaN,
        "Tax Provision": NaN,
        "Pretax Income": NaN,
        "Other Income Expense": NaN,
        "Other Non Operating Income Expenses": 1300000.0,
        "Special Income Charges": -3900000.0,
        "Other Special Charges": 3900000.0,
        "Impairment Of Capital Assets": 0.0,
        "Net Non Operating Interest Income Expense": NaN,
        "Interest Expense Non Operating": NaN,
        "Operating Income": NaN,
        "Operating Expense": NaN,
        "Selling General And Administration": NaN,
        "Selling And Marketing Expense": NaN,
        "General And Administrative Expense": NaN,
        "Other Gand A": NaN,
        "Gross Profit": NaN,
        "Cost Of Revenue": NaN,
        "Total Revenue": NaN,
        "Operating Revenue": NaN
    },
    "2023-12-31": {
        "Tax Effect Of Unusual Items": NaN,
        "Tax Rate For Calcs": NaN,
        "Normalized EBITDA": NaN,
        "Total Unusual Items": 0.0,
        "Total Unusual Items Excluding Goodwill": 0.0,
        "Net Income From Continuing Operation Net Minority Interest": NaN,
        "Reconciled Depreciation": NaN,
        "Reconciled Cost Of Revenue": NaN,
        "EBITDA": NaN,
        "EBIT": NaN,
        "Net Interest Income": NaN,
        "Interest Expense": NaN,
        "Normalized Income": NaN,
        "Net Income From Continuing And Discontinued Operation": NaN,
        "Total Expenses": NaN,
        "Total Operating Income As Reported": NaN,
        "Diluted Average Shares": NaN,
        "Basic Average Shares": NaN,
        "Diluted EPS": NaN,
        "Basic EPS": NaN,
        "Diluted NI Availto Com Stockholders": NaN,
        "Net Income Common Stockholders": NaN,
        "Net Income": NaN,
        "Net Income Including Noncontrolling Interests": NaN,
        "Net Income Continuous Operations": NaN,
        "Tax Provision": NaN,
        "Pretax Income": NaN,
        "Other Income Expense": NaN,
        "Other Non Operating Income Expenses": -100000.0,
        "Special Income Charges": 0.0,
        "Other Special Charges": 0.0,
        "Impairment Of Capital Assets": NaN,
        "Net Non Operating Interest Income Expense": NaN,
        "Interest Expense Non Operating": NaN,
        "Operating Income": NaN,
        "Operating Expense": NaN,
        "Selling General And Administration": NaN,
        "Selling And Marketing Expense": NaN,
        "General And Administrative Expense": NaN,
        "Other Gand A": NaN,
        "Gross Profit": NaN,
        "Cost Of Revenue": NaN,
        "Total Revenue": NaN,
        "Operating Revenue": NaN
    },
    "2024-03-31": {
        "Tax Effect Of Unusual Items": NaN,
        "Tax Rate For Calcs": NaN,
        "Normalized EBITDA": NaN,
        "Total Unusual Items": NaN,
        "Total Unusual Items Excluding Goodwill": NaN,
        "Net Income From Continuing Operation Net Minority Interest": NaN,
        "Reconciled Depreciation": NaN,
        "Reconciled Cost Of Revenue": NaN,
        "EBITDA": NaN,
        "EBIT": NaN,
        "Net Interest Income": NaN,
        "Interest Expense": NaN,
        "Normalized Income": NaN,
        "Net Income From Continuing And Discontinued Operation": NaN,
        "Total Expenses": NaN,
        "Total Operating Income As Reported": NaN,
        "Diluted Average Shares": NaN,
        "Basic Average Shares": NaN,
        "Diluted EPS": NaN,
        "Basic EPS": NaN,
        "Diluted NI Availto Com Stockholders": NaN,
        "Net Income Common Stockholders": NaN,
        "Net Income": NaN,
        "Net Income Including Noncontrolling Interests": NaN,
        "Net Income Continuous Operations": NaN,
        "Tax Provision": NaN,
        "Pretax Income": NaN,
        "Other Income Expense": NaN,
        "Other Non Operating Income Expenses": 100000.0,
        "Special Income Charges": NaN,
        "Other Special Charges": NaN,
        "Impairment Of Capital Assets": NaN,
        "Net Non Operating Interest Income Expense": NaN,
        "Interest Expense Non Operating": NaN,
        "Operating Income": NaN,
        "Operating Expense": NaN,
        "Selling General And Administration": NaN,
        "Selling And Marketing Expense": NaN,
        "General And Administrative Expense": NaN,
        "Other Gand A": NaN,
        "Gross Profit": NaN,
        "Cost Of Revenue": NaN,
        "Total Revenue": NaN,
        "Operating Revenue": NaN
    },
    "2024-06-30": {
        "Tax Effect Of Unusual Items": -435309.973046,
        "Tax Rate For Calcs": 0.256065,
        "Normalized EBITDA": 63000000.0,
        "Total Unusual Items": -1700000.0,
        "Total Unusual Items Excluding Goodwill": -1700000.0,
        "Net Income From Continuing Operation Net Minority Interest": 27600000.0,
        "Reconciled Depreciation": 11200000.0,
        "Reconciled Cost Of Revenue": 139400000.0,
        "EBITDA": 61300000.0,
        "EBIT": 50100000.0,
        "Net Interest Income": -13000000.0,
        "Interest Expense": 13000000.0,
        "Normalized Income": 28864690.026954,
        "Net Income From Continuing And Discontinued Operation": 27600000.0,
        "Total Expenses": 196800000.0,
        "Total Operating Income As Reported": 51600000.0,
        "Diluted Average Shares": 146435123.0,
        "Basic Average Shares": 145857673.0,
        "Diluted EPS": 0.19,
        "Basic EPS": 0.19,
        "Diluted NI Availto Com Stockholders": 27600000.0,
        "Net Income Common Stockholders": 27600000.0,
        "Net Income": 27600000.0,
        "Net Income Including Noncontrolling Interests": 27600000.0,
        "Net Income Continuous Operations": 27600000.0,
        "Tax Provision": 9500000.0,
        "Pretax Income": 37100000.0,
        "Other Income Expense": -1500000.0,
        "Other Non Operating Income Expenses": 200000.0,
        "Special Income Charges": -1700000.0,
        "Other Special Charges": 1700000.0,
        "Impairment Of Capital Assets": NaN,
        "Net Non Operating Interest Income Expense": -13000000.0,
        "Interest Expense Non Operating": 13000000.0,
        "Operating Income": 51600000.0,
        "Operating Expense": 57400000.0,
        "Selling General And Administration": 57400000.0,
        "Selling And Marketing Expense": 17100000.0,
        "General And Administrative Expense": 40300000.0,
        "Other Gand A": 40300000.0,
        "Gross Profit": 109000000.0,
        "Cost Of Revenue": 139400000.0,
        "Total Revenue": 248400000.0,
        "Operating Revenue": 248400000.0
    },
    "2024-09-30": {
        "Tax Effect Of Unusual Items": -613200.0,
        "Tax Rate For Calcs": 0.219,
        "Normalized EBITDA": 40700000.0,
        "Total Unusual Items": -2800000.0,
        "Total Unusual Items Excluding Goodwill": -2800000.0,
        "Net Income From Continuing Operation Net Minority Interest": 11800000.0,
        "Reconciled Depreciation": 11200000.0,
        "Reconciled Cost Of Revenue": 138900000.0,
        "EBITDA": 37900000.0,
        "EBIT": 26700000.0,
        "Net Interest Income": -11600000.0,
        "Interest Expense": 11600000.0,
        "Normalized Income": 13986800.0,
        "Net Income From Continuing And Discontinued Operation": 11800000.0,
        "Total Expenses": 200600000.0,
        "Total Operating Income As Reported": 26700000.0,
        "Diluted Average Shares": 144281252.0,
        "Basic Average Shares": 143666406.0,
        "Diluted EPS": 0.08,
        "Basic EPS": 0.08,
        "Diluted NI Availto Com Stockholders": 11800000.0,
        "Net Income Common Stockholders": 11800000.0,
        "Net Income": 11800000.0,
        "Net Income Including Noncontrolling Interests": 11800000.0,
        "Net Income Continuous Operations": 11800000.0,
        "Tax Provision": 3300000.0,
        "Pretax Income": 15100000.0,
        "Other Income Expense": -2800000.0,
        "Other Non Operating Income Expenses": NaN,
        "Special Income Charges": -2800000.0,
        "Other Special Charges": NaN,
        "Impairment Of Capital Assets": 2800000.0,
        "Net Non Operating Interest Income Expense": -11600000.0,
        "Interest Expense Non Operating": 11600000.0,
        "Operating Income": 29500000.0,
        "Operating Expense": 61700000.0,
        "Selling General And Administration": 61700000.0,
        "Selling And Marketing Expense": 17100000.0,
        "General And Administrative Expense": 44600000.0,
        "Other Gand A": 44600000.0,
        "Gross Profit": 91200000.0,
        "Cost Of Revenue": 138900000.0,
        "Total Revenue": 230100000.0,
        "Operating Revenue": 230100000.0
    },
    "2024-12-31": {
        "Tax Effect Of Unusual Items": -882000.0,
        "Tax Rate For Calcs": 0.21,
        "Normalized EBITDA": 33200000.0,
        "Total Unusual Items": -4200000.0,
        "Total Unusual Items Excluding Goodwill": -4200000.0,
        "Net Income From Continuing Operation Net Minority Interest": 300000.0,
        "Reconciled Depreciation": 11400000.0,
        "Reconciled Cost Of Revenue": 143600000.0,
        "EBITDA": 29000000.0,
        "EBIT": 17600000.0,
        "Net Interest Income": -10700000.0,
        "Interest Expense": 10700000.0,
        "Normalized Income": 3618000.0,
        "Net Income From Continuing And Discontinued Operation": 300000.0,
        "Total Expenses": 208800000.0,
        "Total Operating Income As Reported": 12800000.0,
        "Diluted Average Shares": 141433812.0,
        "Basic Average Shares": 140896386.0,
        "Diluted EPS": 0.0,
        "Basic EPS": 0.0,
        "Diluted NI Availto Com Stockholders": 300000.0,
        "Net Income Common Stockholders": 300000.0,
        "Net Income": 300000.0,
        "Net Income Including Noncontrolling Interests": 300000.0,
        "Net Income Continuous Operations": 300000.0,
        "Tax Provision": 6600000.0,
        "Pretax Income": 6900000.0,
        "Other Income Expense": -4400000.0,
        "Other Non Operating Income Expenses": NaN,
        "Special Income Charges": -4200000.0,
        "Other Special Charges": 0.0,
        "Impairment Of Capital Assets": 9200000.0,
        "Net Non Operating Interest Income Expense": -10700000.0,
        "Interest Expense Non Operating": 10700000.0,
        "Operating Income": 22000000.0,
        "Operating Expense": 65200000.0,
        "Selling General And Administration": 65200000.0,
        "Selling And Marketing Expense": 16300000.0,
        "General And Administrative Expense": 48900000.0,
        "Other Gand A": 48900000.0,
        "Gross Profit": 87200000.0,
        "Cost Of Revenue": 143600000.0,
        "Total Revenue": 230800000.0,
        "Operating Revenue": 230800000.0
    },
    "2025-03-31": {
        "Tax Effect Of Unusual Items": 0.0,
        "Tax Rate For Calcs": 0.299,
        "Normalized EBITDA": 36800000.0,
        "Total Unusual Items": NaN,
        "Total Unusual Items Excluding Goodwill": NaN,
        "Net Income From Continuing Operation Net Minority Interest": 10800000.0,
        "Reconciled Depreciation": 11200000.0,
        "Reconciled Cost Of Revenue": 128600000.0,
        "EBITDA": 36800000.0,
        "EBIT": 25600000.0,
        "Net Interest Income": -10200000.0,
        "Interest Expense": 10200000.0,
        "Normalized Income": 10800000.0,
        "Net Income From Continuing And Discontinued Operation": 10800000.0,
        "Total Expenses": 185200000.0,
        "Total Operating Income As Reported": 25300000.0,
        "Diluted Average Shares": 140270494.0,
        "Basic Average Shares": 140050632.0,
        "Diluted EPS": 0.08,
        "Basic EPS": 0.08,
        "Diluted NI Availto Com Stockholders": 10800000.0,
        "Net Income Common Stockholders": 10800000.0,
        "Net Income": 10800000.0,
        "Net Income Including Noncontrolling Interests": 10800000.0,
        "Net Income Continuous Operations": 10800000.0,
        "Tax Provision": 4600000.0,
        "Pretax Income": 15400000.0,
        "Other Income Expense": 300000.0,
        "Other Non Operating Income Expenses": 300000.0,
        "Special Income Charges": NaN,
        "Other Special Charges": NaN,
        "Impairment Of Capital Assets": NaN,
        "Net Non Operating Interest Income Expense": -10200000.0,
        "Interest Expense Non Operating": 10200000.0,
        "Operating Income": 25300000.0,
        "Operating Expense": 56600000.0,
        "Selling General And Administration": 56600000.0,
        "Selling And Marketing Expense": 16900000.0,
        "General And Administrative Expense": 39700000.0,
        "Other Gand A": 39700000.0,
        "Gross Profit": 81900000.0,
        "Cost Of Revenue": 128600000.0,
        "Total Revenue": 210500000.0,
        "Operating Revenue": 210500000.0
    },
    "2025-06-30": {
        "Tax Effect Of Unusual Items": 0.0,
        "Tax Rate For Calcs": 0.236162,
        "Normalized EBITDA": 47400000.0,
        "Total Unusual Items": 0.0,
        "Total Unusual Items Excluding Goodwill": 0.0,
        "Net Income From Continuing Operation Net Minority Interest": 20700000.0,
        "Reconciled Depreciation": 11200000.0,
        "Reconciled Cost Of Revenue": 134900000.0,
        "EBITDA": 47400000.0,
        "EBIT": 36200000.0,
        "Net Interest Income": -9100000.0,
        "Interest Expense": 9100000.0,
        "Normalized Income": 20700000.0,
        "Net Income From Continuing And Discontinued Operation": 20700000.0,
        "Total Expenses": 192100000.0,
        "Total Operating Income As Reported": 36000000.0,
        "Diluted Average Shares": 140004090.0,
        "Basic Average Shares": 139552809.0,
        "Diluted EPS": 0.15,
        "Basic EPS": 0.15,
        "Diluted NI Availto Com Stockholders": 20700000.0,
        "Net Income Common Stockholders": 20700000.0,
        "Net Income": 20700000.0,
        "Net Income Including Noncontrolling Interests": 20700000.0,
        "Net Income Continuous Operations": 20700000.0,
        "Tax Provision": 6400000.0,
        "Pretax Income": 27100000.0,
        "Other Income Expense": 200000.0,
        "Other Non Operating Income Expenses": 200000.0,
        "Special Income Charges": 0.0,
        "Other Special Charges": NaN,
        "Impairment Of Capital Assets": NaN,
        "Net Non Operating Interest Income Expense": -9100000.0,
        "Interest Expense Non Operating": 9100000.0,
        "Operating Income": 36000000.0,
        "Operating Expense": 57200000.0,
        "Selling General And Administration": 57200000.0,
        "Selling And Marketing Expense": 16700000.0,
        "General And Administrative Expense": 40500000.0,
        "Other Gand A": 40500000.0,
        "Gross Profit": 93200000.0,
        "Cost Of Revenue": 134900000.0,
        "Total Revenue": 228100000.0,
        "Operating Revenue": 228100000.0
    }
}