{
    "2023-03-31": {
        "Tax Effect Of Unusual Items": NaN,
        "Tax Rate For Calcs": NaN,
        "Normalized EBITDA": NaN,
        "Total Unusual Items": 0.0,
        "Total Unusual Items Excluding Goodwill": 0.0,
        "Net Income From Continuing Operation Net Minority Interest": NaN,
        "Reconciled Depreciation": NaN,
        "Reconciled Cost Of Revenue": NaN,
        "EBITDA": NaN,
        "EBIT": NaN,
        "Net Interest Income": NaN,
        "Interest Expense": NaN,
        "Normalized Income": NaN,
        "Net Income From Continuing And Discontinued Operation": NaN,
        "Total Expenses": NaN,
        "Rent Expense Supplemental": NaN,
        "Total Operating Income As Reported": NaN,
        "Diluted Average Shares": 11656194.0,
        "Basic Average Shares": 11592362.0,
        "Diluted EPS": 1.35,
        "Basic EPS": 1.36,
        "Diluted NI Availto Com Stockholders": NaN,
        "Net Income Common Stockholders": NaN,
        "Net Income": NaN,
        "Net Income Including Noncontrolling Interests": NaN,
        "Net Income Continuous Operations": NaN,
        "Tax Provision": NaN,
        "Pretax Income": NaN,
        "Other Income Expense": NaN,
        "Special Income Charges": 0.0,
        "Gain On Sale Of Ppe": 0.0,
        "Restructuring And Mergern Acquisition": 0.0,
        "Net Non Operating Interest Income Expense": NaN,
        "Interest Expense Non Operating": NaN,
        "Operating Income": NaN,
        "Operating Expense": NaN,
        "Selling General And Administration": NaN,
        "Selling And Marketing Expense": NaN,
        "General And Administrative Expense": NaN,
        "Other Gand A": NaN,
        "Rent And Landing Fees": NaN,
        "Salaries And Wages": NaN,
        "Gross Profit": NaN,
        "Cost Of Revenue": NaN,
        "Total Revenue": NaN,
        "Operating Revenue": NaN
    },
    "2022-12-31": {
        "Tax Effect Of Unusual Items": NaN,
        "Tax Rate For Calcs": NaN,
        "Normalized EBITDA": NaN,
        "Total Unusual Items": NaN,
        "Total Unusual Items Excluding Goodwill": NaN,
        "Net Income From Continuing Operation Net Minority Interest": NaN,
        "Reconciled Depreciation": NaN,
        "Reconciled Cost Of Revenue": NaN,
        "EBITDA": NaN,
        "EBIT": NaN,
        "Net Interest Income": NaN,
        "Interest Expense": NaN,
        "Normalized Income": NaN,
        "Net Income From Continuing And Discontinued Operation": NaN,
        "Total Expenses": NaN,
        "Rent Expense Supplemental": NaN,
        "Total Operating Income As Reported": NaN,
        "Diluted Average Shares": 11624662.0,
        "Basic Average Shares": 11567068.0,
        "Diluted EPS": 1.45,
        "Basic EPS": 1.46,
        "Diluted NI Availto Com Stockholders": NaN,
        "Net Income Common Stockholders": NaN,
        "Net Income": NaN,
        "Net Income Including Noncontrolling Interests": NaN,
        "Net Income Continuous Operations": NaN,
        "Tax Provision": NaN,
        "Pretax Income": NaN,
        "Other Income Expense": NaN,
        "Special Income Charges": NaN,
        "Gain On Sale Of Ppe": 0.0,
        "Restructuring And Mergern Acquisition": 0.0,
        "Net Non Operating Interest Income Expense": NaN,
        "Interest Expense Non Operating": NaN,
        "Operating Income": NaN,
        "Operating Expense": NaN,
        "Selling General And Administration": NaN,
        "Selling And Marketing Expense": NaN,
        "General And Administrative Expense": NaN,
        "Other Gand A": NaN,
        "Rent And Landing Fees": NaN,
        "Salaries And Wages": NaN,
        "Gross Profit": NaN,
        "Cost Of Revenue": NaN,
        "Total Revenue": NaN,
        "Operating Revenue": NaN
    },
    "2022-09-30": {
        "Tax Effect Of Unusual Items": NaN,
        "Tax Rate For Calcs": NaN,
        "Normalized EBITDA": NaN,
        "Total Unusual Items": NaN,
        "Total Unusual Items Excluding Goodwill": NaN,
        "Net Income From Continuing Operation Net Minority Interest": NaN,
        "Reconciled Depreciation": NaN,
        "Reconciled Cost Of Revenue": NaN,
        "EBITDA": NaN,
        "EBIT": NaN,
        "Net Interest Income": NaN,
        "Interest Expense": NaN,
        "Normalized Income": NaN,
        "Net Income From Continuing And Discontinued Operation": NaN,
        "Total Expenses": NaN,
        "Rent Expense Supplemental": NaN,
        "Total Operating Income As Reported": NaN,
        "Diluted Average Shares": NaN,
        "Basic Average Shares": NaN,
        "Diluted EPS": NaN,
        "Basic EPS": NaN,
        "Diluted NI Availto Com Stockholders": NaN,
        "Net Income Common Stockholders": NaN,
        "Net Income": NaN,
        "Net Income Including Noncontrolling Interests": NaN,
        "Net Income Continuous Operations": NaN,
        "Tax Provision": NaN,
        "Pretax Income": NaN,
        "Other Income Expense": NaN,
        "Special Income Charges": NaN,
        "Gain On Sale Of Ppe": 0.0,
        "Restructuring And Mergern Acquisition": NaN,
        "Net Non Operating Interest Income Expense": NaN,
        "Interest Expense Non Operating": NaN,
        "Operating Income": NaN,
        "Operating Expense": NaN,
        "Selling General And Administration": NaN,
        "Selling And Marketing Expense": NaN,
        "General And Administrative Expense": NaN,
        "Other Gand A": NaN,
        "Rent And Landing Fees": NaN,
        "Salaries And Wages": NaN,
        "Gross Profit": NaN,
        "Cost Of Revenue": NaN,
        "Total Revenue": NaN,
        "Operating Revenue": NaN
    },
    "2022-06-30": {
        "Tax Effect Of Unusual Items": 0.0,
        "Tax Rate For Calcs": 0.240326,
        "Normalized EBITDA": 23522000.0,
        "Total Unusual Items": 0.0,
        "Total Unusual Items Excluding Goodwill": 0.0,
        "Net Income From Continuing Operation Net Minority Interest": 17414000.0,
        "Reconciled Depreciation": 4667000.0,
        "Reconciled Cost Of Revenue": 201563000.0,
        "EBITDA": 23522000.0,
        "EBIT": 23522000.0,
        "Net Interest Income": -599000.0,
        "Interest Expense": 599000.0,
        "Normalized Income": 17414000.0,
        "Net Income From Continuing And Discontinued Operation": 17414000.0,
        "Total Expenses": 234226000.0,
        "Rent Expense Supplemental": 273000.0,
        "Total Operating Income As Reported": 24413000.0,
        "Diluted Average Shares": 11608547.0,
        "Basic Average Shares": 11550782.0,
        "Diluted EPS": 1.5,
        "Basic EPS": 1.51,
        "Diluted NI Availto Com Stockholders": 17414000.0,
        "Net Income Common Stockholders": 17414000.0,
        "Net Income": 17414000.0,
        "Net Income Including Noncontrolling Interests": 17414000.0,
        "Net Income Continuous Operations": 17414000.0,
        "Tax Provision": 5509000.0,
        "Pretax Income": 22923000.0,
        "Other Income Expense": 1855000.0,
        "Special Income Charges": 0.0,
        "Gain On Sale Of Ppe": 0.0,
        "Net Non Operating Interest Income Expense": -599000.0,
        "Interest Expense Non Operating": 599000.0,
        "Operating Income": 23522000.0,
        "Operating Expense": 32663000.0,
        "Selling General And Administration": 32663000.0,
        "Selling And Marketing Expense": 19986000.0,
        "General And Administrative Expense": 12677000.0,
        "Other Gand A": 11786000.0,
        "Rent And Landing Fees": 273000.0,
        "Salaries And Wages": 618000.0,
        "Gross Profit": 56185000.0,
        "Cost Of Revenue": 201563000.0,
        "Total Revenue": 257748000.0,
        "Operating Revenue": 257748000.0
    },
    "2022-03-31": {
        "Diluted EPS": 1.02,
        "Total Revenue": 219,
        "Gross Profit": 39,
        "Operating Income": 17,
        "EBIT": 22,
        "Net Income": 12
    },
    "2021-12-31": {
        "Diluted EPS": 1.14,
        "Total Revenue": 253,
        "Gross Profit": 52,
        "Operating Income": 18,
        "EBIT": 23,
        "Net Income": 13
    },
    "2021-09-30": {
        "Diluted EPS": 1.66,
        "Total Revenue": 226,
        "Gross Profit": 52,
        "Operating Income": 27,
        "EBIT": 32,
        "Net Income": 19
    },
    "2021-06-30": {
        "Diluted EPS": 1.07,
        "Total Revenue": 207,
        "Gross Profit": 47,
        "Operating Income": 17,
        "EBIT": 22,
        "Net Income": 12
    },
    "2021-03-31": {
        "Diluted EPS": 1.27,
        "Total Revenue": 208,
        "Gross Profit": 46,
        "Operating Income": 21,
        "EBIT": 26,
        "Net Income": 15
    },
    "2020-12-31": {
        "Diluted EPS": 1.72,
        "Total Revenue": 234,
        "Gross Profit": 53,
        "Operating Income": 28,
        "EBIT": 33,
        "Net Income": 20
    },
    "2020-09-30": {
        "Diluted EPS": 1.11,
        "Total Revenue": 210,
        "Gross Profit": 39,
        "Operating Income": 19,
        "EBIT": 23,
        "Net Income": 13
    },
    "2020-06-30": {
        "Diluted EPS": 0.88,
        "Total Revenue": 204,
        "Gross Profit": 41,
        "Operating Income": 16,
        "EBIT": 20,
        "Net Income": 10
    },
    "2020-03-31": {
        "Diluted EPS": 1.17,
        "Total Revenue": 212,
        "Gross Profit": 43,
        "Operating Income": 19,
        "EBIT": 24,
        "Net Income": 13
    },
    "2019-12-31": {
        "Diluted EPS": 1.52,
        "Total Revenue": 246,
        "Gross Profit": 50,
        "Operating Income": 24,
        "EBIT": 29,
        "Net Income": 17
    },
    "2019-09-30": {
        "Diluted EPS": 1.12,
        "Total Revenue": 218,
        "Gross Profit": 42,
        "Operating Income": 19,
        "EBIT": 23,
        "Net Income": 13
    },
    "2019-06-30": {
        "Diluted EPS": 0.98,
        "Total Revenue": 217,
        "Gross Profit": 44,
        "Operating Income": 16,
        "EBIT": 21,
        "Net Income": 11
    },
    "2019-03-31": {
        "Diluted EPS": 0.9,
        "Total Revenue": 202,
        "Gross Profit": 39,
        "Operating Income": 15,
        "EBIT": 20,
        "Net Income": 10
    },
    "2018-12-31": {
        "Diluted EPS": 0.98,
        "Total Revenue": 253,
        "Gross Profit": 43,
        "Operating Income": 17,
        "EBIT": 21,
        "Net Income": 11
    },
    "2018-09-30": {
        "Diluted EPS": 0.57,
        "Total Revenue": 204,
        "Gross Profit": 33,
        "Operating Income": 10,
        "EBIT": 14,
        "Net Income": 7
    },
    "2018-06-30": {
        "Diluted EPS": 0.48,
        "Total Revenue": 212,
        "Gross Profit": 33,
        "Operating Income": 10,
        "EBIT": 15,
        "Net Income": 6
    },
    "2018-03-31": {
        "Diluted EPS": 0.75,
        "Total Revenue": 203,
        "Gross Profit": 33,
        "Operating Income": 14,
        "EBIT": 18,
        "Net Income": 9
    },
    "2017-12-31": {
        "Diluted EPS": 0.67,
        "Total Revenue": 259,
        "Gross Profit": 38,
        "Operating Income": 14,
        "EBIT": 18,
        "Net Income": 8
    },
    "2017-09-30": {
        "Diluted EPS": 0.94,
        "Total Revenue": 216,
        "Gross Profit": 35,
        "Operating Income": 18,
        "EBIT": 21,
        "Net Income": 11
    },
    "2017-06-30": {
        "Diluted EPS": 0.6,
        "Total Revenue": 202,
        "Gross Profit": 34,
        "Operating Income": 12,
        "EBIT": 16,
        "Net Income": 7
    },
    "2017-03-31": {
        "Diluted EPS": 0.55,
        "Total Revenue": 173,
        "Gross Profit": 28,
        "Operating Income": 11,
        "EBIT": 15,
        "Net Income": 6
    },
    "2016-12-31": {
        "Diluted EPS": 1.13,
        "Total Revenue": 249,
        "Gross Profit": 43,
        "Operating Income": 20,
        "EBIT": 24,
        "Net Income": 13
    },
    "2016-09-30": {
        "Diluted EPS": 0.89,
        "Total Revenue": 222,
        "Gross Profit": 36,
        "Operating Income": 17,
        "EBIT": 21,
        "Net Income": 10
    },
    "2016-06-30": {
        "Diluted EPS": 0.63,
        "Total Revenue": 232,
        "Gross Profit": 34,
        "Operating Income": 14,
        "EBIT": 18,
        "Net Income": 7
    },
    "2016-03-31": {
        "Diluted EPS": 0.27,
        "Total Revenue": 216,
        "Gross Profit": 26,
        "Operating Income": 5,
        "EBIT": 10,
        "Net Income": 3
    },
    "2015-12-31": {
        "Diluted EPS": 1.07,
        "Total Revenue": 279,
        "Gross Profit": 45,
        "Operating Income": 20,
        "EBIT": 24,
        "Net Income": 12
    },
    "2015-09-30": {
        "Diluted EPS": 0.71,
        "Total Revenue": 226,
        "Gross Profit": 33,
        "Operating Income": 14,
        "EBIT": 18,
        "Net Income": 8
    },
    "2015-06-30": {
        "Diluted EPS": 0.75,
        "Total Revenue": 221,
        "Gross Profit": 34,
        "Operating Income": 14,
        "EBIT": 18,
        "Net Income": 8
    },
    "2015-03-31": {
        "Diluted EPS": 0.58,
        "Total Revenue": 209,
        "Gross Profit": 30,
        "Operating Income": 11,
        "EBIT": 16,
        "Net Income": 7
    },
    "2014-12-31": {
        "Diluted EPS": 0.75,
        "Total Revenue": 251,
        "Gross Profit": 37,
        "Operating Income": 15,
        "EBIT": 19,
        "Net Income": 8
    },
    "2014-09-30": {
        "Diluted EPS": 0.53,
        "Total Revenue": 205,
        "Gross Profit": 31,
        "Operating Income": 12,
        "EBIT": 16,
        "Net Income": 6
    },
    "2014-06-30": {
        "Diluted EPS": 0.59,
        "Total Revenue": 203,
        "Gross Profit": 34,
        "Operating Income": 12,
        "EBIT": 16,
        "Net Income": 7
    },
    "2014-03-31": {
        "Diluted EPS": 0.33,
        "Total Revenue": 174,
        "Gross Profit": 23,
        "Operating Income": 6,
        "EBIT": 10,
        "Net Income": 4
    },
    "2013-12-31": {
        "Diluted EPS": 0.83,
        "Total Revenue": 225,
        "Gross Profit": 37,
        "Operating Income": 16,
        "EBIT": 20,
        "Net Income": 9
    },
    "2013-09-30": {
        "Diluted EPS": 0.61,
        "Total Revenue": 177,
        "Gross Profit": 29,
        "Operating Income": 12,
        "EBIT": 16,
        "Net Income": 7
    },
    "2013-06-30": {
        "Diluted EPS": 0.5,
        "Total Revenue": 177,
        "Gross Profit": 30,
        "Operating Income": 10,
        "EBIT": 14,
        "Net Income": 6
    },
    "2013-03-31": {
        "Diluted EPS": 0.03,
        "Total Revenue": 164,
        "Gross Profit": 23,
        "Operating Income": 3,
        "EBIT": 8,
        "Net Income": 0
    },
    "2012-12-31": {
        "Diluted EPS": 0.76,
        "Total Revenue": 216,
        "Gross Profit": 37,
        "Operating Income": 14,
        "EBIT": 19,
        "Net Income": 8
    },
    "2012-09-30": {
        "Diluted EPS": 0.69,
        "Total Revenue": 178,
        "Gross Profit": 31,
        "Operating Income": 14,
        "EBIT": 18,
        "Net Income": 8
    },
    "2012-06-30": {
        "Diluted EPS": 0.35,
        "Total Revenue": 167,
        "Gross Profit": 28,
        "Operating Income": 8,
        "EBIT": 12,
        "Net Income": 4
    },
    "2012-03-31": {
        "Diluted EPS": 0.13,
        "Total Revenue": 154,
        "Gross Profit": 22,
        "Operating Income": 4,
        "EBIT": 8,
        "Net Income": 1
    },
    "2011-12-31": {
        "Diluted EPS": 0.87,
        "Total Revenue": 223,
        "Gross Profit": 35,
        "Operating Income": 16,
        "EBIT": 20,
        "Net Income": 9
    },
    "2011-09-30": {
        "Diluted EPS": 0.23,
        "Total Revenue": 157,
        "Gross Profit": 22,
        "Operating Income": 5,
        "EBIT": 10,
        "Net Income": 2
    },
    "2011-06-30": {
        "Diluted EPS": 0.21,
        "Total Revenue": 166,
        "Gross Profit": 26,
        "Operating Income": 5,
        "EBIT": 15,
        "Net Income": 2
    },
    "2011-03-31": {
        "Diluted EPS": -0.53,
        "Total Revenue": 137,
        "Gross Profit": 10,
        "Operating Income": -8,
        "EBIT": -3,
        "Net Income": -6
    },
    "2010-12-31": {
        "Diluted EPS": 0.48,
        "Total Revenue": 224,
        "Gross Profit": 27,
        "Operating Income": 10,
        "EBIT": 14,
        "Net Income": 5
    },
    "2010-09-30": {
        "Diluted EPS": 0.1,
        "Total Revenue": 147,
        "Gross Profit": 21,
        "Operating Income": 3,
        "EBIT": 8,
        "Net Income": 1
    },
    "2010-06-30": {
        "Diluted EPS": 0.25,
        "Total Revenue": 142,
        "Gross Profit": 25,
        "Operating Income": 7,
        "EBIT": 11,
        "Net Income": 3
    },
    "2010-03-31": {
        "Diluted EPS": -0.18,
        "Total Revenue": 113,
        "Gross Profit": 14,
        "Operating Income": -2,
        "EBIT": 2,
        "Net Income": -2
    },
    "2009-12-31": {
        "Diluted EPS": 0.82,
        "Total Revenue": 180,
        "Gross Profit": 33,
        "Operating Income": 15,
        "EBIT": 19,
        "Net Income": 9
    },
    "2009-09-30": {
        "Diluted EPS": 0.45,
        "Total Revenue": 127,
        "Gross Profit": 24,
        "Operating Income": 9,
        "EBIT": 13,
        "Net Income": 5
    },
    "2009-06-30": {
        "Diluted EPS": 0.37,
        "Total Revenue": 127,
        "Gross Profit": 20,
        "Operating Income": 7,
        "EBIT": 11,
        "Net Income": 4
    },
    "2009-03-31": {
        "Diluted EPS": -0.23,
        "Total Revenue": 114,
        "Gross Profit": 13,
        "Operating Income": -1,
        "EBIT": 3,
        "Net Income": -2
    },
    "2023-06-30": {
        "Tax Effect Of Unusual Items": NaN,
        "Tax Rate For Calcs": NaN,
        "Normalized EBITDA": NaN,
        "Total Unusual Items": 0.0,
        "Total Unusual Items Excluding Goodwill": 0.0,
        "Net Income From Continuing Operation Net Minority Interest": NaN,
        "Reconciled Depreciation": NaN,
        "Reconciled Cost Of Revenue": NaN,
        "EBITDA": NaN,
        "EBIT": NaN,
        "Net Interest Income": NaN,
        "Interest Expense": NaN,
        "Normalized Income": NaN,
        "Net Income From Continuing And Discontinued Operation": NaN,
        "Total Expenses": NaN,
        "Rent Expense Supplemental": NaN,
        "Total Operating Income As Reported": NaN,
        "Diluted Average Shares": NaN,
        "Basic Average Shares": NaN,
        "Diluted EPS": NaN,
        "Basic EPS": NaN,
        "Diluted NI Availto Com Stockholders": NaN,
        "Net Income Common Stockholders": NaN,
        "Net Income": NaN,
        "Net Income Including Noncontrolling Interests": NaN,
        "Net Income Continuous Operations": NaN,
        "Tax Provision": NaN,
        "Pretax Income": NaN,
        "Other Income Expense": NaN,
        "Special Income Charges": 0.0,
        "Gain On Sale Of Ppe": 0.0,
        "Restructuring And Mergern Acquisition": NaN,
        "Net Non Operating Interest Income Expense": NaN,
        "Interest Expense Non Operating": NaN,
        "Operating Income": NaN,
        "Operating Expense": NaN,
        "Selling General And Administration": NaN,
        "Selling And Marketing Expense": NaN,
        "General And Administrative Expense": NaN,
        "Other Gand A": NaN,
        "Rent And Landing Fees": NaN,
        "Salaries And Wages": NaN,
        "Gross Profit": NaN,
        "Cost Of Revenue": NaN,
        "Total Revenue": NaN,
        "Operating Revenue": NaN
    },
    "2023-09-30": {
        "Tax Effect Of Unusual Items": NaN,
        "Tax Rate For Calcs": NaN,
        "Normalized EBITDA": NaN,
        "Total Unusual Items": NaN,
        "Total Unusual Items Excluding Goodwill": NaN,
        "Net Income From Continuing Operation Net Minority Interest": NaN,
        "Reconciled Depreciation": NaN,
        "Reconciled Cost Of Revenue": NaN,
        "EBITDA": NaN,
        "EBIT": NaN,
        "Net Interest Income": NaN,
        "Interest Expense": NaN,
        "Normalized Income": NaN,
        "Net Income From Continuing And Discontinued Operation": NaN,
        "Total Expenses": NaN,
        "Rent Expense Supplemental": NaN,
        "Total Operating Income As Reported": NaN,
        "Diluted Average Shares": 11674742.0,
        "Basic Average Shares": 11594960.0,
        "Diluted EPS": 1.51,
        "Basic EPS": 1.52,
        "Diluted NI Availto Com Stockholders": NaN,
        "Net Income Common Stockholders": NaN,
        "Net Income": NaN,
        "Net Income Including Noncontrolling Interests": NaN,
        "Net Income Continuous Operations": NaN,
        "Tax Provision": NaN,
        "Pretax Income": NaN,
        "Other Income Expense": NaN,
        "Special Income Charges": NaN,
        "Restructuring And Mergern Acquisition": NaN,
        "Net Non Operating Interest Income Expense": NaN,
        "Interest Expense Non Operating": NaN,
        "Operating Income": NaN,
        "Operating Expense": NaN,
        "Selling General And Administration": NaN,
        "Selling And Marketing Expense": NaN,
        "General And Administrative Expense": NaN,
        "Other Gand A": NaN,
        "Rent And Landing Fees": NaN,
        "Salaries And Wages": NaN,
        "Gross Profit": NaN,
        "Cost Of Revenue": NaN,
        "Total Revenue": NaN,
        "Operating Revenue": NaN
    },
    "2023-12-31": {
        "Tax Effect Of Unusual Items": NaN,
        "Tax Rate For Calcs": NaN,
        "Normalized EBITDA": NaN,
        "Total Unusual Items": NaN,
        "Total Unusual Items Excluding Goodwill": NaN,
        "Net Income From Continuing Operation Net Minority Interest": NaN,
        "Reconciled Depreciation": NaN,
        "Reconciled Cost Of Revenue": NaN,
        "EBITDA": NaN,
        "EBIT": NaN,
        "Net Interest Income": NaN,
        "Interest Expense": NaN,
        "Normalized Income": NaN,
        "Net Income From Continuing And Discontinued Operation": NaN,
        "Total Expenses": NaN,
        "Rent Expense Supplemental": NaN,
        "Total Operating Income As Reported": NaN,
        "Diluted Average Shares": NaN,
        "Basic Average Shares": NaN,
        "Diluted EPS": NaN,
        "Basic EPS": NaN,
        "Diluted NI Availto Com Stockholders": NaN,
        "Net Income Common Stockholders": NaN,
        "Net Income": NaN,
        "Net Income Including Noncontrolling Interests": NaN,
        "Net Income Continuous Operations": NaN,
        "Tax Provision": NaN,
        "Pretax Income": NaN,
        "Other Income Expense": NaN,
        "Other Non Operating Income Expenses": NaN,
        "Special Income Charges": NaN,
        "Restructuring And Mergern Acquisition": NaN,
        "Net Non Operating Interest Income Expense": NaN,
        "Interest Expense Non Operating": NaN,
        "Operating Income": NaN,
        "Operating Expense": NaN,
        "Selling General And Administration": NaN,
        "Selling And Marketing Expense": NaN,
        "General And Administrative Expense": NaN,
        "Other Gand A": NaN,
        "Rent And Landing Fees": NaN,
        "Salaries And Wages": 350000.0,
        "Gross Profit": NaN,
        "Cost Of Revenue": NaN,
        "Total Revenue": NaN,
        "Operating Revenue": NaN
    },
    "2024-03-31": {
        "Tax Effect Of Unusual Items": NaN,
        "Tax Rate For Calcs": NaN,
        "Normalized EBITDA": NaN,
        "Total Unusual Items": 0.0,
        "Total Unusual Items Excluding Goodwill": 0.0,
        "Net Income From Continuing Operation Net Minority Interest": NaN,
        "Reconciled Depreciation": NaN,
        "Reconciled Cost Of Revenue": NaN,
        "EBITDA": NaN,
        "EBIT": NaN,
        "Net Interest Income": NaN,
        "Interest Expense": NaN,
        "Normalized Income": NaN,
        "Net Income From Continuing And Discontinued Operation": NaN,
        "Total Expenses": NaN,
        "Rent Expense Supplemental": NaN,
        "Total Operating Income As Reported": NaN,
        "Diluted Average Shares": NaN,
        "Basic Average Shares": NaN,
        "Diluted EPS": NaN,
        "Basic EPS": NaN,
        "Diluted NI Availto Com Stockholders": NaN,
        "Net Income Common Stockholders": NaN,
        "Net Income": NaN,
        "Net Income Including Noncontrolling Interests": NaN,
        "Net Income Continuous Operations": NaN,
        "Tax Provision": NaN,
        "Pretax Income": NaN,
        "Other Income Expense": NaN,
        "Other Non Operating Income Expenses": NaN,
        "Special Income Charges": 0.0,
        "Restructuring And Mergern Acquisition": 0.0,
        "Net Non Operating Interest Income Expense": NaN,
        "Interest Expense Non Operating": NaN,
        "Operating Income": NaN,
        "Operating Expense": NaN,
        "Selling General And Administration": NaN,
        "Selling And Marketing Expense": NaN,
        "General And Administrative Expense": NaN,
        "Other Gand A": NaN,
        "Rent And Landing Fees": NaN,
        "Salaries And Wages": 350000.0,
        "Gross Profit": NaN,
        "Cost Of Revenue": NaN,
        "Total Revenue": NaN,
        "Operating Revenue": NaN
    },
    "2024-06-30": {
        "Tax Effect Of Unusual Items": NaN,
        "Tax Rate For Calcs": NaN,
        "Normalized EBITDA": NaN,
        "Total Unusual Items": 0.0,
        "Total Unusual Items Excluding Goodwill": 0.0,
        "Net Income From Continuing Operation Net Minority Interest": NaN,
        "Reconciled Depreciation": NaN,
        "Reconciled Cost Of Revenue": NaN,
        "EBITDA": NaN,
        "EBIT": NaN,
        "Net Interest Income": NaN,
        "Interest Expense": NaN,
        "Normalized Income": NaN,
        "Net Income From Continuing And Discontinued Operation": NaN,
        "Total Expenses": NaN,
        "Rent Expense Supplemental": NaN,
        "Total Operating Income As Reported": NaN,
        "Diluted Average Shares": NaN,
        "Basic Average Shares": NaN,
        "Diluted EPS": NaN,
        "Basic EPS": NaN,
        "Diluted NI Availto Com Stockholders": NaN,
        "Net Income Common Stockholders": NaN,
        "Net Income": NaN,
        "Net Income Including Noncontrolling Interests": NaN,
        "Net Income Continuous Operations": NaN,
        "Tax Provision": NaN,
        "Pretax Income": NaN,
        "Other Income Expense": NaN,
        "Other Non Operating Income Expenses": NaN,
        "Special Income Charges": 0.0,
        "Restructuring And Mergern Acquisition": 0.0,
        "Net Non Operating Interest Income Expense": NaN,
        "Interest Expense Non Operating": NaN,
        "Operating Income": NaN,
        "Operating Expense": NaN,
        "Selling General And Administration": NaN,
        "Selling And Marketing Expense": NaN,
        "General And Administrative Expense": NaN,
        "Other Gand A": NaN,
        "Rent And Landing Fees": NaN,
        "Salaries And Wages": 350000.0,
        "Gross Profit": NaN,
        "Cost Of Revenue": NaN,
        "Total Revenue": NaN,
        "Operating Revenue": NaN
    },
    "2024-09-30": {
        "Tax Effect Of Unusual Items": 0.0,
        "Tax Rate For Calcs": 0.258,
        "Normalized EBITDA": 23864000.0,
        "Total Unusual Items": NaN,
        "Total Unusual Items Excluding Goodwill": NaN,
        "Net Income From Continuing Operation Net Minority Interest": 11659000.0,
        "Reconciled Depreciation": 7629000.0,
        "Reconciled Cost Of Revenue": 229652000.0,
        "EBITDA": 23864000.0,
        "EBIT": 16235000.0,
        "Net Interest Income": -516000.0,
        "Interest Expense": 516000.0,
        "Normalized Income": 11659000.0,
        "Net Income From Continuing And Discontinued Operation": 11659000.0,
        "Total Expenses": 259600000.0,
        "Rent Expense Supplemental": 411000.0,
        "Total Operating Income As Reported": 17007000.0,
        "Diluted Average Shares": 11714362.0,
        "Basic Average Shares": 11630405.0,
        "Diluted EPS": 1.0,
        "Basic EPS": 1.0,
        "Diluted NI Availto Com Stockholders": 11659000.0,
        "Net Income Common Stockholders": 11659000.0,
        "Net Income": 11659000.0,
        "Net Income Including Noncontrolling Interests": 11659000.0,
        "Net Income Continuous Operations": 11659000.0,
        "Tax Provision": 4060000.0,
        "Pretax Income": 15719000.0,
        "Other Income Expense": -361000.0,
        "Other Non Operating Income Expenses": -361000.0,
        "Special Income Charges": NaN,
        "Restructuring And Mergern Acquisition": NaN,
        "Net Non Operating Interest Income Expense": -516000.0,
        "Interest Expense Non Operating": 516000.0,
        "Operating Income": 16596000.0,
        "Operating Expense": 29948000.0,
        "Selling General And Administration": 29948000.0,
        "Selling And Marketing Expense": 19839000.0,
        "General And Administrative Expense": 10109000.0,
        "Other Gand A": 9698000.0,
        "Rent And Landing Fees": 411000.0,
        "Salaries And Wages": 361000.0,
        "Gross Profit": 46544000.0,
        "Cost Of Revenue": 229652000.0,
        "Total Revenue": 276196000.0,
        "Operating Revenue": 276196000.0
    },
    "2024-12-31": {
        "Tax Effect Of Unusual Items": 0.0,
        "Tax Rate For Calcs": 0.24,
        "Normalized EBITDA": 26370000.0,
        "Total Unusual Items": 0.0,
        "Total Unusual Items Excluding Goodwill": 0.0,
        "Net Income From Continuing Operation Net Minority Interest": 13595000.0,
        "Reconciled Depreciation": 7709000.0,
        "Reconciled Cost Of Revenue": 248816000.0,
        "EBITDA": 26370000.0,
        "EBIT": 18661000.0,
        "Net Interest Income": -772000.0,
        "Interest Expense": 772000.0,
        "Normalized Income": 13595000.0,
        "Net Income From Continuing And Discontinued Operation": 13595000.0,
        "Total Expenses": 282045000.0,
        "Rent Expense Supplemental": 347000.0,
        "Total Operating Income As Reported": 19369000.0,
        "Diluted Average Shares": 11710091.0,
        "Basic Average Shares": 11647791.0,
        "Diluted EPS": 1.16,
        "Basic EPS": 1.17,
        "Diluted NI Availto Com Stockholders": 13595000.0,
        "Net Income Common Stockholders": 13595000.0,
        "Net Income": 13595000.0,
        "Net Income Including Noncontrolling Interests": 13595000.0,
        "Net Income Continuous Operations": 13595000.0,
        "Tax Provision": 4294000.0,
        "Pretax Income": 17889000.0,
        "Other Income Expense": -361000.0,
        "Other Non Operating Income Expenses": -361000.0,
        "Special Income Charges": 0.0,
        "Restructuring And Mergern Acquisition": 0.0,
        "Net Non Operating Interest Income Expense": -772000.0,
        "Interest Expense Non Operating": 772000.0,
        "Operating Income": 19022000.0,
        "Operating Expense": 33229000.0,
        "Selling General And Administration": 33229000.0,
        "Selling And Marketing Expense": 22620000.0,
        "General And Administrative Expense": 10609000.0,
        "Other Gand A": 10262000.0,
        "Rent And Landing Fees": 347000.0,
        "Salaries And Wages": 361000.0,
        "Gross Profit": 52251000.0,
        "Cost Of Revenue": 248816000.0,
        "Total Revenue": 301067000.0,
        "Operating Revenue": 301067000.0
    },
    "2025-03-31": {
        "Tax Effect Of Unusual Items": 0.0,
        "Tax Rate For Calcs": 0.229,
        "Normalized EBITDA": 35100000.0,
        "Total Unusual Items": 0.0,
        "Total Unusual Items Excluding Goodwill": 0.0,
        "Net Income From Continuing Operation Net Minority Interest": 20153000.0,
        "Reconciled Depreciation": 7903000.0,
        "Reconciled Cost Of Revenue": 205014000.0,
        "EBITDA": 35100000.0,
        "EBIT": 27197000.0,
        "Net Interest Income": -1055000.0,
        "Interest Expense": 1055000.0,
        "Normalized Income": 20153000.0,
        "Net Income From Continuing And Discontinued Operation": 20153000.0,
        "Total Expenses": 233348000.0,
        "Rent Expense Supplemental": 638000.0,
        "Total Operating Income As Reported": 28197000.0,
        "Diluted Average Shares": 11735709.0,
        "Basic Average Shares": 11669939.0,
        "Diluted EPS": 1.72,
        "Basic EPS": 1.73,
        "Diluted NI Availto Com Stockholders": 20153000.0,
        "Net Income Common Stockholders": 20153000.0,
        "Net Income": 20153000.0,
        "Net Income Including Noncontrolling Interests": 20153000.0,
        "Net Income Continuous Operations": 20153000.0,
        "Tax Provision": 5989000.0,
        "Pretax Income": 26142000.0,
        "Other Income Expense": -362000.0,
        "Other Non Operating Income Expenses": -362000.0,
        "Special Income Charges": 0.0,
        "Restructuring And Mergern Acquisition": 0.0,
        "Net Non Operating Interest Income Expense": -1055000.0,
        "Interest Expense Non Operating": 1055000.0,
        "Operating Income": 27559000.0,
        "Operating Expense": 28334000.0,
        "Selling General And Administration": 28334000.0,
        "Selling And Marketing Expense": 18630000.0,
        "General And Administrative Expense": 9704000.0,
        "Other Gand A": 9066000.0,
        "Rent And Landing Fees": 638000.0,
        "Salaries And Wages": NaN,
        "Gross Profit": 55893000.0,
        "Cost Of Revenue": 205014000.0,
        "Total Revenue": 260907000.0,
        "Operating Revenue": 260907000.0
    },
    "2025-06-30": {
        "Tax Effect Of Unusual Items": 0.0,
        "Tax Rate For Calcs": 0.253271,
        "Normalized EBITDA": 27552000.0,
        "Total Unusual Items": 0.0,
        "Total Unusual Items Excluding Goodwill": 0.0,
        "Net Income From Continuing Operation Net Minority Interest": 13527000.0,
        "Reconciled Depreciation": 8228000.0,
        "Reconciled Cost Of Revenue": 220293000.0,
        "EBITDA": 27552000.0,
        "EBIT": 19324000.0,
        "Net Interest Income": -1209000.0,
        "Interest Expense": 1209000.0,
        "Normalized Income": 13527000.0,
        "Net Income From Continuing And Discontinued Operation": 13527000.0,
        "Total Expenses": 249391000.0,
        "Rent Expense Supplemental": 453000.0,
        "Total Operating Income As Reported": 20138000.0,
        "Diluted Average Shares": 11734572.0,
        "Basic Average Shares": 11670890.0,
        "Diluted EPS": 1.15,
        "Basic EPS": 1.16,
        "Diluted NI Availto Com Stockholders": 13527000.0,
        "Net Income Common Stockholders": 13527000.0,
        "Net Income": 13527000.0,
        "Net Income Including Noncontrolling Interests": 13527000.0,
        "Net Income Continuous Operations": 13527000.0,
        "Tax Provision": 4588000.0,
        "Pretax Income": 18115000.0,
        "Other Income Expense": -361000.0,
        "Other Non Operating Income Expenses": -361000.0,
        "Special Income Charges": 0.0,
        "Restructuring And Mergern Acquisition": 0.0,
        "Net Non Operating Interest Income Expense": -1209000.0,
        "Interest Expense Non Operating": 1209000.0,
        "Operating Income": 19685000.0,
        "Operating Expense": 29098000.0,
        "Selling General And Administration": 29098000.0,
        "Selling And Marketing Expense": 17845000.0,
        "General And Administrative Expense": 11253000.0,
        "Other Gand A": 10800000.0,
        "Rent And Landing Fees": 453000.0,
        "Salaries And Wages": NaN,
        "Gross Profit": 48783000.0,
        "Cost Of Revenue": 220293000.0,
        "Total Revenue": 269076000.0,
        "Operating Revenue": 269076000.0
    },
    "2025-09-30": {
        "Tax Effect Of Unusual Items": 0.0,
        "Tax Rate For Calcs": 0.253,
        "Normalized EBITDA": 34420000.0,
        "Total Unusual Items": NaN,
        "Total Unusual Items Excluding Goodwill": NaN,
        "Net Income From Continuing Operation Net Minority Interest": 18726000.0,
        "Reconciled Depreciation": 8368000.0,
        "Reconciled Cost Of Revenue": 244589000.0,
        "EBITDA": 34420000.0,
        "EBIT": 26052000.0,
        "Net Interest Income": -984000.0,
        "Interest Expense": 984000.0,
        "Normalized Income": 18726000.0,
        "Net Income From Continuing And Discontinued Operation": 18726000.0,
        "Total Expenses": 272242000.0,
        "Rent Expense Supplemental": 576000.0,
        "Total Operating Income As Reported": 27017000.0,
        "Diluted Average Shares": 11747200.0,
        "Basic Average Shares": 11671187.0,
        "Diluted EPS": 1.59,
        "Basic EPS": 1.6,
        "Diluted NI Availto Com Stockholders": 18726000.0,
        "Net Income Common Stockholders": 18726000.0,
        "Net Income": 18726000.0,
        "Net Income Including Noncontrolling Interests": 18726000.0,
        "Net Income Continuous Operations": 18726000.0,
        "Tax Provision": 6342000.0,
        "Pretax Income": 25068000.0,
        "Other Income Expense": -389000.0,
        "Other Non Operating Income Expenses": -389000.0,
        "Special Income Charges": NaN,
        "Restructuring And Mergern Acquisition": NaN,
        "Net Non Operating Interest Income Expense": -984000.0,
        "Interest Expense Non Operating": 984000.0,
        "Operating Income": 26441000.0,
        "Operating Expense": 27653000.0,
        "Selling General And Administration": 27653000.0,
        "Selling And Marketing Expense": 17880000.0,
        "General And Administrative Expense": 9773000.0,
        "Other Gand A": 9197000.0,
        "Rent And Landing Fees": 576000.0,
        "Salaries And Wages": NaN,
        "Gross Profit": 54094000.0,
        "Cost Of Revenue": 244589000.0,
        "Total Revenue": 298683000.0,
        "Operating Revenue": 298683000.0
    }
}