{
    "2023-05-31": {
        "Tax Effect Of Unusual Items": NaN,
        "Tax Rate For Calcs": NaN,
        "Normalized EBITDA": NaN,
        "Net Income From Continuing Operation Net Minority Interest": NaN,
        "Reconciled Depreciation": NaN,
        "Reconciled Cost Of Revenue": NaN,
        "EBITDA": NaN,
        "EBIT": NaN,
        "Net Interest Income": NaN,
        "Interest Expense": NaN,
        "Normalized Income": NaN,
        "Net Income From Continuing And Discontinued Operation": NaN,
        "Total Expenses": NaN,
        "Rent Expense Supplemental": NaN,
        "Diluted Average Shares": NaN,
        "Basic Average Shares": NaN,
        "Diluted EPS": NaN,
        "Basic EPS": NaN,
        "Diluted NI Availto Com Stockholders": NaN,
        "Average Dilution Earnings": -1000.0,
        "Net Income Common Stockholders": NaN,
        "Otherunder Preferred Stock Dividend": 4000.0,
        "Preferred Stock Dividends": NaN,
        "Net Income": NaN,
        "Minority Interests": NaN,
        "Net Income Including Noncontrolling Interests": NaN,
        "Net Income Discontinuous Operations": NaN,
        "Net Income Continuous Operations": NaN,
        "Tax Provision": NaN,
        "Pretax Income": NaN,
        "Other Income Expense": NaN,
        "Other Non Operating Income Expenses": NaN,
        "Net Non Operating Interest Income Expense": NaN,
        "Interest Expense Non Operating": NaN,
        "Operating Income": NaN,
        "Operating Expense": NaN,
        "Other Operating Expenses": NaN,
        "Depreciation Amortization Depletion Income Statement": NaN,
        "Depreciation And Amortization In Income Statement": NaN,
        "Research And Development": 43587000.0,
        "Selling General And Administration": NaN,
        "General And Administrative Expense": NaN,
        "Other Gand A": NaN,
        "Rent And Landing Fees": NaN,
        "Gross Profit": NaN,
        "Cost Of Revenue": NaN,
        "Total Revenue": NaN,
        "Operating Revenue": NaN
    },
    "2023-02-28": {
        "Tax Effect Of Unusual Items": NaN,
        "Tax Rate For Calcs": NaN,
        "Normalized EBITDA": NaN,
        "Net Income From Continuing Operation Net Minority Interest": NaN,
        "Reconciled Depreciation": NaN,
        "Reconciled Cost Of Revenue": NaN,
        "EBITDA": NaN,
        "EBIT": NaN,
        "Net Interest Income": NaN,
        "Interest Expense": NaN,
        "Normalized Income": NaN,
        "Net Income From Continuing And Discontinued Operation": NaN,
        "Total Expenses": NaN,
        "Rent Expense Supplemental": NaN,
        "Diluted Average Shares": NaN,
        "Basic Average Shares": NaN,
        "Diluted EPS": NaN,
        "Basic EPS": NaN,
        "Diluted NI Availto Com Stockholders": NaN,
        "Average Dilution Earnings": NaN,
        "Net Income Common Stockholders": NaN,
        "Otherunder Preferred Stock Dividend": 528000.0,
        "Preferred Stock Dividends": NaN,
        "Net Income": NaN,
        "Minority Interests": NaN,
        "Net Income Including Noncontrolling Interests": NaN,
        "Net Income Discontinuous Operations": NaN,
        "Net Income Continuous Operations": NaN,
        "Tax Provision": NaN,
        "Pretax Income": NaN,
        "Other Income Expense": NaN,
        "Other Non Operating Income Expenses": NaN,
        "Net Non Operating Interest Income Expense": NaN,
        "Interest Expense Non Operating": NaN,
        "Operating Income": NaN,
        "Operating Expense": NaN,
        "Other Operating Expenses": NaN,
        "Depreciation Amortization Depletion Income Statement": NaN,
        "Depreciation And Amortization In Income Statement": NaN,
        "Research And Development": NaN,
        "Selling General And Administration": NaN,
        "General And Administrative Expense": NaN,
        "Other Gand A": NaN,
        "Rent And Landing Fees": NaN,
        "Gross Profit": NaN,
        "Cost Of Revenue": NaN,
        "Total Revenue": NaN,
        "Operating Revenue": NaN
    },
    "2022-11-30": {
        "Tax Effect Of Unusual Items": NaN,
        "Tax Rate For Calcs": NaN,
        "Normalized EBITDA": NaN,
        "Net Income From Continuing Operation Net Minority Interest": NaN,
        "Reconciled Depreciation": NaN,
        "Reconciled Cost Of Revenue": NaN,
        "EBITDA": NaN,
        "EBIT": NaN,
        "Net Interest Income": NaN,
        "Interest Expense": NaN,
        "Normalized Income": NaN,
        "Net Income From Continuing And Discontinued Operation": NaN,
        "Total Expenses": NaN,
        "Rent Expense Supplemental": NaN,
        "Diluted Average Shares": NaN,
        "Basic Average Shares": NaN,
        "Diluted EPS": NaN,
        "Basic EPS": NaN,
        "Diluted NI Availto Com Stockholders": NaN,
        "Average Dilution Earnings": NaN,
        "Net Income Common Stockholders": NaN,
        "Otherunder Preferred Stock Dividend": 353000.0,
        "Preferred Stock Dividends": 2070000.0,
        "Net Income": NaN,
        "Minority Interests": NaN,
        "Net Income Including Noncontrolling Interests": NaN,
        "Net Income Discontinuous Operations": NaN,
        "Net Income Continuous Operations": NaN,
        "Tax Provision": NaN,
        "Pretax Income": NaN,
        "Other Income Expense": NaN,
        "Other Non Operating Income Expenses": NaN,
        "Net Non Operating Interest Income Expense": NaN,
        "Interest Expense Non Operating": NaN,
        "Operating Income": NaN,
        "Operating Expense": NaN,
        "Other Operating Expenses": NaN,
        "Depreciation Amortization Depletion Income Statement": NaN,
        "Depreciation And Amortization In Income Statement": NaN,
        "Research And Development": NaN,
        "Selling General And Administration": NaN,
        "General And Administrative Expense": NaN,
        "Other Gand A": NaN,
        "Rent And Landing Fees": NaN,
        "Gross Profit": NaN,
        "Cost Of Revenue": NaN,
        "Total Revenue": NaN,
        "Operating Revenue": NaN
    },
    "2022-08-31": {
        "Tax Effect Of Unusual Items": NaN,
        "Tax Rate For Calcs": NaN,
        "Normalized EBITDA": NaN,
        "Net Income From Continuing Operation Net Minority Interest": NaN,
        "Reconciled Depreciation": NaN,
        "Reconciled Cost Of Revenue": NaN,
        "EBITDA": NaN,
        "EBIT": NaN,
        "Net Interest Income": NaN,
        "Interest Expense": NaN,
        "Normalized Income": NaN,
        "Net Income From Continuing And Discontinued Operation": NaN,
        "Total Expenses": NaN,
        "Rent Expense Supplemental": NaN,
        "Diluted Average Shares": NaN,
        "Basic Average Shares": NaN,
        "Diluted EPS": NaN,
        "Basic EPS": NaN,
        "Diluted NI Availto Com Stockholders": NaN,
        "Average Dilution Earnings": NaN,
        "Net Income Common Stockholders": NaN,
        "Otherunder Preferred Stock Dividend": NaN,
        "Preferred Stock Dividends": NaN,
        "Net Income": NaN,
        "Minority Interests": NaN,
        "Net Income Including Noncontrolling Interests": NaN,
        "Net Income Discontinuous Operations": NaN,
        "Net Income Continuous Operations": NaN,
        "Tax Provision": NaN,
        "Pretax Income": NaN,
        "Other Income Expense": NaN,
        "Other Non Operating Income Expenses": NaN,
        "Earnings From Equity Interest": -4827000.0,
        "Net Non Operating Interest Income Expense": NaN,
        "Interest Expense Non Operating": NaN,
        "Operating Income": NaN,
        "Operating Expense": NaN,
        "Other Operating Expenses": NaN,
        "Depreciation Amortization Depletion Income Statement": NaN,
        "Depreciation And Amortization In Income Statement": NaN,
        "Research And Development": NaN,
        "Selling General And Administration": NaN,
        "General And Administrative Expense": NaN,
        "Other Gand A": NaN,
        "Rent And Landing Fees": NaN,
        "Gross Profit": NaN,
        "Cost Of Revenue": NaN,
        "Total Revenue": NaN,
        "Operating Revenue": NaN
    },
    "2022-05-31": {
        "Tax Effect Of Unusual Items": 0.0,
        "Tax Rate For Calcs": 0.298323,
        "Normalized EBITDA": 228548000.0,
        "Net Income From Continuing Operation Net Minority Interest": 116085000.0,
        "Reconciled Depreciation": 40307000.0,
        "Reconciled Cost Of Revenue": 812253000.0,
        "EBIT": 188241000.0,
        "Net Interest Income": -249065000.0,
        "Interest Expense": 249065000.0,
        "Normalized Income": 116085000.0,
        "Net Income From Continuing And Discontinued Operation": 116085000.0,
        "Total Expenses": 1180841000.0,
        "Rent Expense Supplemental": NaN,
        "Diluted Average Shares": 251979000.0,
        "Basic Average Shares": 249142000.0,
        "Diluted EPS": 0.45,
        "Basic EPS": 0.46,
        "Diluted NI Availto Com Stockholders": 114014000.0,
        "Average Dilution Earnings": -4000.0,
        "Net Income Common Stockholders": 114014000.0,
        "Otherunder Preferred Stock Dividend": 365000.0,
        "Preferred Stock Dividends": 2071000.0,
        "Net Income": 116085000.0,
        "Minority Interests": -773000.0,
        "Net Income Including Noncontrolling Interests": 116858000.0,
        "Net Income Continuous Operations": 116858000.0,
        "Tax Provision": 49683000.0,
        "Pretax Income": 166541000.0,
        "Other Income Expense": -21700000.0,
        "Other Non Operating Income Expenses": NaN,
        "Earnings From Equity Interest": -21700000.0,
        "Net Non Operating Interest Income Expense": -249065000.0,
        "Interest Expense Non Operating": 249065000.0,
        "Operating Income": 188241000.0,
        "Operating Expense": 368588000.0,
        "Other Operating Expenses": NaN,
        "Depreciation Amortization Depletion Income Statement": 40307000.0,
        "Depreciation And Amortization In Income Statement": 40307000.0,
        "Research And Development": NaN,
        "Selling General And Administration": 328281000.0,
        "General And Administrative Expense": NaN,
        "Other Gand A": NaN,
        "Rent And Landing Fees": NaN,
        "Gross Profit": 556829000.0,
        "Cost Of Revenue": 812253000.0,
        "Total Revenue": 1369082000.0,
        "Operating Revenue": 1369082000.0
    },
    "2022-02-28": {
        "Diluted EPS": 1.23,
        "Total Revenue": NaN,
        "Gross Profit": NaN,
        "Operating Income": 539,
        "EBIT": 586,
        "Net Income": 327
    },
    "2021-11-30": {
        "Diluted EPS": 1.2,
        "Total Revenue": NaN,
        "Gross Profit": NaN,
        "Operating Income": 781,
        "EBIT": 800,
        "Net Income": 325
    },
    "2021-08-31": {
        "Diluted EPS": 1.5,
        "Total Revenue": NaN,
        "Gross Profit": NaN,
        "Operating Income": 650,
        "EBIT": 712,
        "Net Income": 407
    },
    "2021-05-31": {
        "Diluted EPS": 1.3,
        "Total Revenue": NaN,
        "Gross Profit": NaN,
        "Operating Income": 574,
        "EBIT": 636,
        "Net Income": 353
    },
    "2021-02-28": {
        "Diluted EPS": 2.13,
        "Total Revenue": NaN,
        "Gross Profit": NaN,
        "Operating Income": 888,
        "EBIT": 950,
        "Net Income": 582
    },
    "2020-11-30": {
        "Diluted EPS": 1.05,
        "Total Revenue": NaN,
        "Gross Profit": NaN,
        "Operating Income": 719,
        "EBIT": 738,
        "Net Income": 307
    },
    "2020-08-31": {
        "Diluted EPS": 1.07,
        "Total Revenue": NaN,
        "Gross Profit": NaN,
        "Operating Income": 474,
        "EBIT": 534,
        "Net Income": 304
    },
    "2020-05-31": {
        "Diluted EPS": 0.16,
        "Total Revenue": NaN,
        "Gross Profit": NaN,
        "Operating Income": 158,
        "EBIT": 219,
        "Net Income": 45
    },
    "2020-02-29": {
        "Diluted EPS": 0.37,
        "Total Revenue": NaN,
        "Gross Profit": NaN,
        "Operating Income": 285,
        "EBIT": 346,
        "Net Income": 113
    },
    "2019-11-30": {
        "Diluted EPS": 0.6,
        "Total Revenue": NaN,
        "Gross Profit": NaN,
        "Operating Income": 211,
        "EBIT": 271,
        "Net Income": 196
    },
    "2019-08-31": {
        "Diluted EPS": 0.15,
        "Total Revenue": 857,
        "Gross Profit": 771,
        "Operating Income": -8,
        "EBIT": 52,
        "Net Income": 48
    },
    "2019-05-31": {
        "Diluted EPS": 2.14,
        "Total Revenue": NaN,
        "Gross Profit": NaN,
        "Operating Income": 222,
        "EBIT": 274,
        "Net Income": 671
    },
    "2019-02-28": {
        "Diluted EPS": 0.14,
        "Total Revenue": 828,
        "Gross Profit": 762,
        "Operating Income": 74,
        "EBIT": 118,
        "Net Income": 45
    },
    "2018-11-30": {
        "Diluted EPS": 0.19,
        "Total Revenue": -723,
        "Gross Profit": 895,
        "Operating Income": 210,
        "EBIT": 260,
        "Net Income": 48
    },
    "2018-09-30": {
        "Diluted EPS": 0.55,
        "Total Revenue": NaN,
        "Gross Profit": NaN,
        "Operating Income": 298,
        "EBIT": 344,
        "Net Income": 193
    },
    "2018-06-30": {
        "Diluted EPS": 2.03,
        "Total Revenue": 911,
        "Gross Profit": 820,
        "Operating Income": 49,
        "EBIT": 73,
        "Net Income": 726
    },
    "2018-05-31": {
        "Diluted EPS": 2.03,
        "Total Revenue": 911,
        "Gross Profit": 820,
        "Operating Income": 49,
        "EBIT": 94,
        "Net Income": 726
    },
    "2018-03-31": {
        "Diluted EPS": 0.34,
        "Total Revenue": NaN,
        "Gross Profit": 928,
        "Operating Income": 117,
        "EBIT": 161,
        "Net Income": 125
    },
    "2018-02-28": {
        "Diluted EPS": 0.34,
        "Total Revenue": 895,
        "Gross Profit": 814,
        "Operating Income": 48,
        "EBIT": 86,
        "Net Income": 125
    },
    "2017-12-31": {
        "Diluted EPS": -0.73,
        "Total Revenue": -505,
        "Gross Profit": 889,
        "Operating Income": 168,
        "EBIT": 225,
        "Net Income": -272
    },
    "2017-11-30": {
        "Diluted EPS": -0.73,
        "Total Revenue": -505,
        "Gross Profit": 889,
        "Operating Income": 168,
        "EBIT": 225,
        "Net Income": -272
    },
    "2017-09-30": {
        "Diluted EPS": 0.27,
        "Total Revenue": 857,
        "Gross Profit": 786,
        "Operating Income": 38,
        "EBIT": 112,
        "Net Income": 99
    },
    "2017-06-30": {
        "Diluted EPS": 0.16,
        "Total Revenue": 857,
        "Gross Profit": 787,
        "Operating Income": 77,
        "EBIT": 95,
        "Net Income": 58
    },
    "2017-03-31": {
        "Diluted EPS": 0.75,
        "Total Revenue": NaN,
        "Gross Profit": NaN,
        "Operating Income": 573,
        "EBIT": 590,
        "Net Income": 281
    },
    "2016-12-31": {
        "Diluted EPS": 0.38,
        "Total Revenue": NaN,
        "Gross Profit": 495,
        "Operating Income": -103,
        "EBIT": -82,
        "Net Income": 137
    },
    "2016-09-30": {
        "Diluted EPS": 0.41,
        "Total Revenue": NaN,
        "Gross Profit": 987,
        "Operating Income": 254,
        "EBIT": 397,
        "Net Income": 154
    },
    "2016-06-30": {
        "Diluted EPS": 0.15,
        "Total Revenue": NaN,
        "Gross Profit": 849,
        "Operating Income": 131,
        "EBIT": 197,
        "Net Income": 57
    },
    "2016-03-31": {
        "Diluted EPS": -0.6,
        "Total Revenue": NaN,
        "Gross Profit": 367,
        "Operating Income": -282,
        "EBIT": -345,
        "Net Income": -223
    },
    "2015-12-31": {
        "Diluted EPS": 0.18,
        "Total Revenue": NaN,
        "Gross Profit": 729,
        "Operating Income": 66,
        "EBIT": 177,
        "Net Income": 56
    },
    "2015-09-30": {
        "Diluted EPS": -0.47,
        "Total Revenue": NaN,
        "Gross Profit": 429,
        "Operating Income": -251,
        "EBIT": -91,
        "Net Income": -173
    },
    "2015-06-30": {
        "Diluted EPS": 0.04,
        "Total Revenue": NaN,
        "Gross Profit": 789,
        "Operating Income": 29,
        "EBIT": 104,
        "Net Income": 16
    },
    "2015-03-31": {
        "Diluted EPS": 0.99,
        "Total Revenue": NaN,
        "Gross Profit": NaN,
        "Operating Income": 602,
        "EBIT": 544,
        "Net Income": 381
    },
    "2014-12-31": {
        "Diluted EPS": -0.02,
        "Total Revenue": NaN,
        "Gross Profit": 653,
        "Operating Income": -11,
        "EBIT": 104,
        "Net Income": -10
    },
    "2014-09-30": {
        "Diluted EPS": 0.14,
        "Total Revenue": NaN,
        "Gross Profit": NaN,
        "Operating Income": 145,
        "EBIT": 271,
        "Net Income": 55
    },
    "2014-06-30": {
        "Diluted EPS": 0.17,
        "Total Revenue": NaN,
        "Gross Profit": 811,
        "Operating Income": 137,
        "EBIT": 196,
        "Net Income": 65
    },
    "2014-03-31": {
        "Diluted EPS": 0.25,
        "Total Revenue": NaN,
        "Gross Profit": 997,
        "Operating Income": 187,
        "EBIT": 148,
        "Net Income": 94
    },
    "2013-12-31": {
        "Diluted EPS": -0.17,
        "Total Revenue": NaN,
        "Gross Profit": NaN,
        "Operating Income": 105,
        "EBIT": 199,
        "Net Income": 9
    },
    "2013-09-30": {
        "Diluted EPS": 0.01,
        "Total Revenue": NaN,
        "Gross Profit": 630,
        "Operating Income": 67,
        "EBIT": 190,
        "Net Income": 3
    },
    "2013-06-30": {
        "Diluted EPS": 0.14,
        "Total Revenue": NaN,
        "Gross Profit": 754,
        "Operating Income": 82,
        "EBIT": 137,
        "Net Income": 53
    },
    "2013-03-31": {
        "Diluted EPS": 1.08,
        "Total Revenue": NaN,
        "Gross Profit": 467,
        "Operating Income": 323,
        "EBIT": 276,
        "Net Income": 305
    },
    "2012-12-31": {
        "Diluted EPS": 1.85,
        "Total Revenue": NaN,
        "Gross Profit": NaN,
        "Operating Income": NaN,
        "EBIT": NaN,
        "Net Income": 454
    },
    "2012-09-30": {
        "Diluted EPS": 0.43,
        "Total Revenue": NaN,
        "Gross Profit": 332,
        "Operating Income": 172,
        "EBIT": 327,
        "Net Income": 107
    },
    "2012-06-30": {
        "Diluted EPS": -0.81,
        "Total Revenue": NaN,
        "Gross Profit": -135,
        "Operating Income": -288,
        "EBIT": -222,
        "Net Income": -197
    },
    "2012-03-31": {
        "Diluted EPS": 1.97,
        "Total Revenue": NaN,
        "Gross Profit": 562,
        "Operating Income": 356,
        "EBIT": 301,
        "Net Income": 491
    },
    "2011-12-31": {
        "Diluted EPS": -7.53,
        "Total Revenue": -980,
        "Gross Profit": -919,
        "Operating Income": -968,
        "EBIT": -893,
        "Net Income": NaN
    },
    "2011-09-30": {
        "Diluted EPS": -1.19,
        "Total Revenue": 200,
        "Gross Profit": 123,
        "Operating Income": 17,
        "EBIT": 116,
        "Net Income": -291
    },
    "2011-06-30": {
        "Diluted EPS": 0.75,
        "Total Revenue": 753,
        "Gross Profit": 650,
        "Operating Income": 519,
        "EBIT": 572,
        "Net Income": 186
    },
    "2011-03-31": {
        "Diluted EPS": 0.04,
        "Total Revenue": 284,
        "Gross Profit": 187,
        "Operating Income": 80,
        "EBIT": 60,
        "Net Income": 11
    },
    "2010-12-31": {
        "Diluted EPS": 6.87,
        "Total Revenue": 469,
        "Gross Profit": 468,
        "Operating Income": 313,
        "EBIT": 513,
        "Net Income": NaN
    },
    "2010-09-30": {
        "Diluted EPS": 1.17,
        "Total Revenue": 186,
        "Gross Profit": 83,
        "Operating Income": -59,
        "EBIT": 53,
        "Net Income": 288
    },
    "2010-06-30": {
        "Diluted EPS": -0.97,
        "Total Revenue": 289,
        "Gross Profit": 183,
        "Operating Income": 80,
        "EBIT": 138,
        "Net Income": -235
    },
    "2010-03-31": {
        "Diluted EPS": 0.78,
        "Total Revenue": 259,
        "Gross Profit": 162,
        "Operating Income": 48,
        "EBIT": 26,
        "Net Income": 191
    },
    "2009-12-31": {
        "Diluted EPS": 0.0,
        "Total Revenue": -103,
        "Gross Profit": 69,
        "Operating Income": 8,
        "EBIT": NaN,
        "Net Income": -91
    },
    "2009-09-30": {
        "Diluted EPS": 1.5,
        "Total Revenue": 143,
        "Gross Profit": 68,
        "Operating Income": -37,
        "EBIT": 58,
        "Net Income": 370
    },
    "2009-06-30": {
        "Diluted EPS": 1.67,
        "Total Revenue": 284,
        "Gross Profit": 95,
        "Operating Income": -131,
        "EBIT": -76,
        "Net Income": 411
    },
    "2009-03-31": {
        "Diluted EPS": -0.59,
        "Total Revenue": 250,
        "Gross Profit": 57,
        "Operating Income": -81,
        "EBIT": -91,
        "Net Income": -140
    },
    "2023-08-31": {
        "Tax Effect Of Unusual Items": NaN,
        "Tax Rate For Calcs": NaN,
        "Normalized EBITDA": NaN,
        "Net Income From Continuing Operation Net Minority Interest": NaN,
        "Reconciled Depreciation": NaN,
        "Reconciled Cost Of Revenue": NaN,
        "EBITDA": NaN,
        "EBIT": NaN,
        "Net Interest Income": NaN,
        "Interest Expense": NaN,
        "Normalized Income": NaN,
        "Net Income From Continuing And Discontinued Operation": NaN,
        "Total Expenses": NaN,
        "Rent Expense Supplemental": NaN,
        "Diluted Average Shares": NaN,
        "Basic Average Shares": NaN,
        "Diluted EPS": NaN,
        "Basic EPS": NaN,
        "Diluted NI Availto Com Stockholders": NaN,
        "Average Dilution Earnings": 0.0,
        "Net Income Common Stockholders": NaN,
        "Otherunder Preferred Stock Dividend": 6369000.0,
        "Preferred Stock Dividends": NaN,
        "Net Income": NaN,
        "Minority Interests": NaN,
        "Net Income Including Noncontrolling Interests": NaN,
        "Net Income Discontinuous Operations": NaN,
        "Net Income Continuous Operations": NaN,
        "Tax Provision": NaN,
        "Pretax Income": NaN,
        "Other Income Expense": NaN,
        "Other Non Operating Income Expenses": NaN,
        "Net Non Operating Interest Income Expense": NaN,
        "Interest Expense Non Operating": NaN,
        "Operating Income": NaN,
        "Operating Expense": NaN,
        "Other Operating Expenses": NaN,
        "Depreciation Amortization Depletion Income Statement": NaN,
        "Depreciation And Amortization In Income Statement": NaN,
        "Research And Development": 41467000.0,
        "Selling General And Administration": NaN,
        "General And Administrative Expense": NaN,
        "Other Gand A": NaN,
        "Rent And Landing Fees": NaN,
        "Gross Profit": NaN,
        "Cost Of Revenue": NaN,
        "Total Revenue": NaN,
        "Operating Revenue": NaN
    },
    "2023-11-30": {
        "Tax Effect Of Unusual Items": NaN,
        "Tax Rate For Calcs": NaN,
        "Normalized EBITDA": NaN,
        "Net Income From Continuing Operation Net Minority Interest": NaN,
        "Reconciled Depreciation": NaN,
        "Reconciled Cost Of Revenue": NaN,
        "EBITDA": NaN,
        "EBIT": NaN,
        "Net Interest Income": NaN,
        "Interest Expense": NaN,
        "Normalized Income": NaN,
        "Net Income From Continuing And Discontinued Operation": NaN,
        "Total Expenses": NaN,
        "Rent Expense Supplemental": NaN,
        "Diluted Average Shares": NaN,
        "Basic Average Shares": NaN,
        "Diluted EPS": NaN,
        "Basic EPS": NaN,
        "Diluted NI Availto Com Stockholders": NaN,
        "Average Dilution Earnings": 0.0,
        "Net Income Common Stockholders": NaN,
        "Otherunder Preferred Stock Dividend": 7385000.0,
        "Preferred Stock Dividends": NaN,
        "Net Income": NaN,
        "Minority Interests": NaN,
        "Net Income Including Noncontrolling Interests": NaN,
        "Net Income Discontinuous Operations": NaN,
        "Net Income Continuous Operations": NaN,
        "Tax Provision": NaN,
        "Pretax Income": NaN,
        "Other Income Expense": NaN,
        "Other Non Operating Income Expenses": NaN,
        "Net Non Operating Interest Income Expense": NaN,
        "Interest Expense Non Operating": NaN,
        "Operating Income": NaN,
        "Operating Expense": NaN,
        "Other Operating Expenses": NaN,
        "Depreciation Amortization Depletion Income Statement": NaN,
        "Depreciation And Amortization In Income Statement": NaN,
        "Research And Development": NaN,
        "Selling General And Administration": NaN,
        "General And Administrative Expense": NaN,
        "Other Gand A": NaN,
        "Rent And Landing Fees": NaN,
        "Gross Profit": NaN,
        "Cost Of Revenue": NaN,
        "Total Revenue": NaN,
        "Operating Revenue": NaN
    },
    "2024-02-29": {
        "Tax Effect Of Unusual Items": NaN,
        "Tax Rate For Calcs": NaN,
        "Normalized EBITDA": NaN,
        "Net Income From Continuing Operation Net Minority Interest": NaN,
        "Reconciled Depreciation": NaN,
        "Reconciled Cost Of Revenue": NaN,
        "EBITDA": NaN,
        "EBIT": NaN,
        "Net Interest Income": NaN,
        "Interest Expense": NaN,
        "Normalized Income": NaN,
        "Net Income From Continuing And Discontinued Operation": NaN,
        "Total Expenses": NaN,
        "Rent Expense Supplemental": NaN,
        "Diluted Average Shares": NaN,
        "Basic Average Shares": NaN,
        "Diluted EPS": NaN,
        "Basic EPS": NaN,
        "Diluted NI Availto Com Stockholders": NaN,
        "Average Dilution Earnings": 0.0,
        "Net Income Common Stockholders": NaN,
        "Otherunder Preferred Stock Dividend": NaN,
        "Preferred Stock Dividends": NaN,
        "Net Income": NaN,
        "Minority Interests": NaN,
        "Net Income Including Noncontrolling Interests": NaN,
        "Net Income Discontinuous Operations": NaN,
        "Net Income Continuous Operations": NaN,
        "Tax Provision": NaN,
        "Pretax Income": NaN,
        "Other Income Expense": NaN,
        "Other Non Operating Income Expenses": NaN,
        "Net Non Operating Interest Income Expense": NaN,
        "Interest Expense Non Operating": NaN,
        "Operating Income": NaN,
        "Operating Expense": NaN,
        "Other Operating Expenses": NaN,
        "Depreciation Amortization Depletion Income Statement": NaN,
        "Depreciation And Amortization In Income Statement": NaN,
        "Research And Development": 57651000.0,
        "Selling General And Administration": NaN,
        "General And Administrative Expense": NaN,
        "Other Gand A": NaN,
        "Rent And Landing Fees": NaN,
        "Gross Profit": NaN,
        "Cost Of Revenue": NaN,
        "Total Revenue": NaN,
        "Operating Revenue": NaN
    },
    "2024-05-31": {
        "Tax Effect Of Unusual Items": 0.0,
        "Tax Rate For Calcs": 0.321,
        "Normalized EBITDA": 1137551000.0,
        "Net Income From Continuing Operation Net Minority Interest": 159437000.0,
        "Reconciled Depreciation": 49523000.0,
        "Reconciled Cost Of Revenue": 1010414000.0,
        "EBITDA": 1137551000.0,
        "EBIT": 1087605000.0,
        "Net Interest Income": -859851000.0,
        "Interest Expense": 859851000.0,
        "Normalized Income": 159437000.0,
        "Net Income From Continuing And Discontinued Operation": 159477000.0,
        "Total Expenses": 1387177000.0,
        "Rent Expense Supplemental": 29327000.0,
        "Diluted Average Shares": 226146000.0,
        "Basic Average Shares": 219971000.0,
        "Diluted EPS": 0.64,
        "Basic EPS": 0.66,
        "Diluted NI Availto Com Stockholders": 145736000.0,
        "Average Dilution Earnings": 0.0,
        "Net Income Common Stockholders": 145736000.0,
        "Otherunder Preferred Stock Dividend": 1045000.0,
        "Preferred Stock Dividends": 13741000.0,
        "Net Income": 159477000.0,
        "Minority Interests": 4790000.0,
        "Net Income Including Noncontrolling Interests": 154687000.0,
        "Net Income Discontinuous Operations": 40000.0,
        "Net Income Continuous Operations": 154647000.0,
        "Tax Provision": 73107000.0,
        "Pretax Income": 227754000.0,
        "Other Income Expense": -41514000.0,
        "Other Non Operating Income Expenses": -41514000.0,
        "Net Non Operating Interest Income Expense": -859851000.0,
        "Interest Expense Non Operating": 859851000.0,
        "Operating Income": 1129119000.0,
        "Operating Expense": 377186000.0,
        "Other Operating Expenses": 18552000.0,
        "Depreciation Amortization Depletion Income Statement": 49946000.0,
        "Depreciation And Amortization In Income Statement": 49946000.0,
        "Research And Development": 68630000.0,
        "Selling General And Administration": 240058000.0,
        "General And Administrative Expense": 240058000.0,
        "Other Gand A": 210731000.0,
        "Rent And Landing Fees": 29327000.0,
        "Gross Profit": 1506305000.0,
        "Cost Of Revenue": 1009991000.0,
        "Total Revenue": 2516296000.0,
        "Operating Revenue": 2318056000.0
    },
    "2024-08-31": {
        "Tax Effect Of Unusual Items": 0.0,
        "Tax Rate For Calcs": 0.309,
        "Normalized EBITDA": 1212586000.0,
        "Net Income From Continuing Operation Net Minority Interest": 181550000.0,
        "Reconciled Depreciation": 47862000.0,
        "Reconciled Cost Of Revenue": 1025732000.0,
        "EBITDA": 1212586000.0,
        "EBIT": 1164724000.0,
        "Net Interest Income": -912037000.0,
        "Interest Expense": 912037000.0,
        "Normalized Income": 181550000.0,
        "Net Income From Continuing And Discontinued Operation": 187913000.0,
        "Total Expenses": 1387424000.0,
        "Rent Expense Supplemental": 30078000.0,
        "Diluted Average Shares": 221699000.0,
        "Basic Average Shares": 214452000.0,
        "Diluted EPS": 0.75,
        "Basic EPS": 0.78,
        "Diluted NI Availto Com Stockholders": 167128000.0,
        "Average Dilution Earnings": NaN,
        "Net Income Common Stockholders": 167128000.0,
        "Otherunder Preferred Stock Dividend": NaN,
        "Preferred Stock Dividends": 20785000.0,
        "Net Income": 187913000.0,
        "Minority Interests": 6874000.0,
        "Net Income Including Noncontrolling Interests": 181039000.0,
        "Net Income Discontinuous Operations": 6363000.0,
        "Net Income Continuous Operations": 174676000.0,
        "Tax Provision": 78011000.0,
        "Pretax Income": 252687000.0,
        "Other Income Expense": -43441000.0,
        "Other Non Operating Income Expenses": -43441000.0,
        "Net Non Operating Interest Income Expense": -912037000.0,
        "Interest Expense Non Operating": 912037000.0,
        "Operating Income": 1208165000.0,
        "Operating Expense": 359807000.0,
        "Other Operating Expenses": 14017000.0,
        "Depreciation Amortization Depletion Income Statement": 45977000.0,
        "Depreciation And Amortization In Income Statement": 45977000.0,
        "Research And Development": 68152000.0,
        "Selling General And Administration": 231661000.0,
        "General And Administrative Expense": 231661000.0,
        "Other Gand A": 201583000.0,
        "Rent And Landing Fees": 30078000.0,
        "Gross Profit": 1567972000.0,
        "Cost Of Revenue": 1027617000.0,
        "Total Revenue": 2595589000.0,
        "Operating Revenue": 2471010000.0
    },
    "2024-11-30": {
        "Tax Effect Of Unusual Items": 0.0,
        "Tax Rate For Calcs": 0.282478,
        "Normalized EBITDA": 1255768000.0,
        "Net Income From Continuing Operation Net Minority Interest": 227008000.0,
        "Reconciled Depreciation": 56266000.0,
        "Reconciled Cost Of Revenue": 1184707000.0,
        "EBITDA": 1255768000.0,
        "EBIT": 1199502000.0,
        "Net Interest Income": -894639000.0,
        "Interest Expense": 894639000.0,
        "Normalized Income": 227008000.0,
        "Net Income From Continuing And Discontinued Operation": 232163000.0,
        "Total Expenses": 1593680000.0,
        "Rent Expense Supplemental": 31053000.0,
        "Diluted Average Shares": NaN,
        "Basic Average Shares": NaN,
        "Diluted EPS": NaN,
        "Basic EPS": NaN,
        "Diluted NI Availto Com Stockholders": 206554000.0,
        "Average Dilution Earnings": NaN,
        "Net Income Common Stockholders": 206554000.0,
        "Otherunder Preferred Stock Dividend": NaN,
        "Preferred Stock Dividends": 25609000.0,
        "Net Income": 232163000.0,
        "Minority Interests": 8262000.0,
        "Net Income Including Noncontrolling Interests": 223901000.0,
        "Net Income Discontinuous Operations": 5155000.0,
        "Net Income Continuous Operations": 218746000.0,
        "Tax Provision": 86117000.0,
        "Pretax Income": 304863000.0,
        "Other Income Expense": -58060000.0,
        "Other Non Operating Income Expenses": -58060000.0,
        "Net Non Operating Interest Income Expense": -894639000.0,
        "Interest Expense Non Operating": 894639000.0,
        "Operating Income": 1257562000.0,
        "Operating Expense": 403908000.0,
        "Other Operating Expenses": 300898000.0,
        "Depreciation Amortization Depletion Income Statement": 51201000.0,
        "Depreciation And Amortization In Income Statement": 51201000.0,
        "Research And Development": NaN,
        "Selling General And Administration": 246242000.0,
        "General And Administrative Expense": 246242000.0,
        "Other Gand A": 215189000.0,
        "Rent And Landing Fees": 31053000.0,
        "Gross Profit": 1661470000.0,
        "Cost Of Revenue": 1189772000.0,
        "Total Revenue": 2851242000.0,
        "Operating Revenue": 2616704000.0
    },
    "2025-02-28": {
        "Tax Effect Of Unusual Items": 0.0,
        "Tax Rate For Calcs": 0.094,
        "Normalized EBITDA": 1063905000.0,
        "Net Income From Continuing Operation Net Minority Interest": 143832000.0,
        "Reconciled Depreciation": 32995000.0,
        "Reconciled Cost Of Revenue": 990124000.0,
        "EBITDA": 1063905000.0,
        "EBIT": 1030910000.0,
        "Net Interest Income": -879845000.0,
        "Interest Expense": 879845000.0,
        "Normalized Income": 143832000.0,
        "Net Income From Continuing And Discontinued Operation": 143832000.0,
        "Total Expenses": 1355396000.0,
        "Rent Expense Supplemental": 30199000.0,
        "Diluted Average Shares": 222448000.0,
        "Basic Average Shares": 214536000.0,
        "Diluted EPS": 0.57,
        "Basic EPS": 0.6,
        "Diluted NI Availto Com Stockholders": 127793000.0,
        "Average Dilution Earnings": NaN,
        "Net Income Common Stockholders": 127793000.0,
        "Otherunder Preferred Stock Dividend": NaN,
        "Preferred Stock Dividends": 16039000.0,
        "Net Income": 143832000.0,
        "Minority Interests": 6983000.0,
        "Net Income Including Noncontrolling Interests": 136849000.0,
        "Net Income Discontinuous Operations": 0.0,
        "Net Income Continuous Operations": 136849000.0,
        "Tax Provision": 14216000.0,
        "Pretax Income": 151065000.0,
        "Other Income Expense": -86558000.0,
        "Other Non Operating Income Expenses": -86558000.0,
        "Net Non Operating Interest Income Expense": -879845000.0,
        "Interest Expense Non Operating": 879845000.0,
        "Operating Income": 1117468000.0,
        "Operating Expense": 363265000.0,
        "Other Operating Expenses": 17846000.0,
        "Depreciation Amortization Depletion Income Statement": 30988000.0,
        "Depreciation And Amortization In Income Statement": 30988000.0,
        "Research And Development": 72291000.0,
        "Selling General And Administration": 242140000.0,
        "General And Administrative Expense": 242140000.0,
        "Other Gand A": 211941000.0,
        "Rent And Landing Fees": 30199000.0,
        "Gross Profit": 1480733000.0,
        "Cost Of Revenue": 992131000.0,
        "Total Revenue": 2472864000.0,
        "Operating Revenue": 2355619000.0
    },
    "2025-05-31": {
        "Tax Effect Of Unusual Items": 0.0,
        "Tax Rate For Calcs": 0.323,
        "Normalized EBITDA": 1050228000.0,
        "Net Income From Continuing Operation Net Minority Interest": 99063000.0,
        "Reconciled Depreciation": 55459000.0,
        "Reconciled Cost Of Revenue": 1024339000.0,
        "EBITDA": 1050228000.0,
        "EBIT": 994769000.0,
        "Net Interest Income": -859868000.0,
        "Interest Expense": 859868000.0,
        "Normalized Income": 99063000.0,
        "Net Income From Continuing And Discontinued Operation": 99063000.0,
        "Total Expenses": 1429070000.0,
        "Rent Expense Supplemental": 30711000.0,
        "Diluted Average Shares": 221897000.0,
        "Basic Average Shares": 215097000.0,
        "Diluted EPS": 0.4,
        "Basic EPS": 0.41,
        "Diluted NI Availto Com Stockholders": 88017000.0,
        "Average Dilution Earnings": NaN,
        "Net Income Common Stockholders": 88017000.0,
        "Otherunder Preferred Stock Dividend": NaN,
        "Preferred Stock Dividends": 11046000.0,
        "Net Income": 99063000.0,
        "Minority Interests": 7668000.0,
        "Net Income Including Noncontrolling Interests": 91395000.0,
        "Net Income Discontinuous Operations": 0.0,
        "Net Income Continuous Operations": 91395000.0,
        "Tax Provision": 43506000.0,
        "Pretax Income": 134901000.0,
        "Other Income Expense": -70476000.0,
        "Other Non Operating Income Expenses": -70476000.0,
        "Net Non Operating Interest Income Expense": -859868000.0,
        "Interest Expense Non Operating": 859868000.0,
        "Operating Income": 1065245000.0,
        "Operating Expense": 401525000.0,
        "Other Operating Expenses": 14525000.0,
        "Depreciation Amortization Depletion Income Statement": 52253000.0,
        "Depreciation And Amortization In Income Statement": 52253000.0,
        "Research And Development": 80070000.0,
        "Selling General And Administration": 254677000.0,
        "General And Administrative Expense": 254677000.0,
        "Other Gand A": 223966000.0,
        "Rent And Landing Fees": 30711000.0,
        "Gross Profit": 1466770000.0,
        "Cost Of Revenue": 1027545000.0,
        "Total Revenue": 2494315000.0,
        "Operating Revenue": 2379110000.0
    },
    "2025-08-31": {
        "Tax Effect Of Unusual Items": NaN,
        "Tax Rate For Calcs": NaN,
        "Normalized EBITDA": NaN,
        "Net Income From Continuing Operation Net Minority Interest": NaN,
        "Reconciled Depreciation": NaN,
        "Reconciled Cost Of Revenue": NaN,
        "EBITDA": NaN,
        "EBIT": NaN,
        "Net Interest Income": NaN,
        "Interest Expense": NaN,
        "Normalized Income": NaN,
        "Net Income From Continuing And Discontinued Operation": NaN,
        "Total Expenses": NaN,
        "Rent Expense Supplemental": NaN,
        "Diluted Average Shares": 222715000.0,
        "Basic Average Shares": 215293000.0,
        "Diluted EPS": 1.01,
        "Basic EPS": 1.04,
        "Diluted NI Availto Com Stockholders": NaN,
        "Average Dilution Earnings": NaN,
        "Net Income Common Stockholders": NaN,
        "Otherunder Preferred Stock Dividend": NaN,
        "Preferred Stock Dividends": NaN,
        "Net Income": NaN,
        "Minority Interests": NaN,
        "Net Income Including Noncontrolling Interests": NaN,
        "Net Income Discontinuous Operations": NaN,
        "Net Income Continuous Operations": NaN,
        "Tax Provision": NaN,
        "Pretax Income": NaN,
        "Other Income Expense": NaN,
        "Other Non Operating Income Expenses": NaN,
        "Net Non Operating Interest Income Expense": NaN,
        "Interest Expense Non Operating": NaN,
        "Operating Income": NaN,
        "Operating Expense": NaN,
        "Other Operating Expenses": NaN,
        "Depreciation Amortization Depletion Income Statement": NaN,
        "Depreciation And Amortization In Income Statement": NaN,
        "Research And Development": NaN,
        "Selling General And Administration": NaN,
        "General And Administrative Expense": NaN,
        "Other Gand A": NaN,
        "Rent And Landing Fees": NaN,
        "Gross Profit": NaN,
        "Cost Of Revenue": NaN,
        "Total Revenue": NaN,
        "Operating Revenue": NaN
    }
}