{
    "2023-03-31": {
        "Tax Effect Of Unusual Items": NaN,
        "Tax Rate For Calcs": NaN,
        "Normalized EBITDA": NaN,
        "Total Unusual Items": NaN,
        "Total Unusual Items Excluding Goodwill": NaN,
        "Net Income From Continuing Operation Net Minority Interest": NaN,
        "Reconciled Depreciation": NaN,
        "Reconciled Cost Of Revenue": NaN,
        "EBITDA": NaN,
        "EBIT": NaN,
        "Net Interest Income": NaN,
        "Interest Expense": NaN,
        "Normalized Income": NaN,
        "Net Income From Continuing And Discontinued Operation": NaN,
        "Total Expenses": NaN,
        "Total Operating Income As Reported": NaN,
        "Diluted Average Shares": NaN,
        "Basic Average Shares": NaN,
        "Diluted EPS": NaN,
        "Basic EPS": NaN,
        "Diluted NI Availto Com Stockholders": NaN,
        "Net Income Common Stockholders": NaN,
        "Net Income": NaN,
        "Net Income Including Noncontrolling Interests": NaN,
        "Net Income Discontinuous Operations": NaN,
        "Net Income Continuous Operations": NaN,
        "Tax Provision": NaN,
        "Pretax Income": NaN,
        "Other Income Expense": NaN,
        "Other Non Operating Income Expenses": NaN,
        "Special Income Charges": NaN,
        "Gain On Sale Of Business": NaN,
        "Other Special Charges": -1215000.0,
        "Impairment Of Capital Assets": NaN,
        "Restructuring And Mergern Acquisition": NaN,
        "Gain On Sale Of Security": NaN,
        "Net Non Operating Interest Income Expense": NaN,
        "Interest Expense Non Operating": NaN,
        "Operating Income": NaN,
        "Operating Expense": NaN,
        "Other Operating Expenses": NaN,
        "Selling General And Administration": NaN,
        "Selling And Marketing Expense": 185507000.0,
        "General And Administrative Expense": NaN,
        "Other Gand A": NaN,
        "Salaries And Wages": NaN,
        "Gross Profit": NaN,
        "Cost Of Revenue": NaN,
        "Total Revenue": NaN,
        "Operating Revenue": NaN
    },
    "2022-12-31": {
        "Tax Effect Of Unusual Items": NaN,
        "Tax Rate For Calcs": NaN,
        "Normalized EBITDA": NaN,
        "Total Unusual Items": NaN,
        "Total Unusual Items Excluding Goodwill": NaN,
        "Net Income From Continuing Operation Net Minority Interest": NaN,
        "Reconciled Depreciation": NaN,
        "Reconciled Cost Of Revenue": NaN,
        "EBITDA": NaN,
        "EBIT": NaN,
        "Net Interest Income": NaN,
        "Interest Expense": NaN,
        "Normalized Income": NaN,
        "Net Income From Continuing And Discontinued Operation": NaN,
        "Total Expenses": NaN,
        "Total Operating Income As Reported": NaN,
        "Diluted Average Shares": NaN,
        "Basic Average Shares": NaN,
        "Diluted EPS": NaN,
        "Basic EPS": NaN,
        "Diluted NI Availto Com Stockholders": NaN,
        "Net Income Common Stockholders": NaN,
        "Net Income": NaN,
        "Net Income Including Noncontrolling Interests": NaN,
        "Net Income Discontinuous Operations": NaN,
        "Net Income Continuous Operations": NaN,
        "Tax Provision": NaN,
        "Pretax Income": NaN,
        "Other Income Expense": NaN,
        "Other Non Operating Income Expenses": NaN,
        "Special Income Charges": NaN,
        "Gain On Sale Of Ppe": 8322000.0,
        "Gain On Sale Of Business": NaN,
        "Other Special Charges": -10500000.0,
        "Write Off": -9501000.0,
        "Impairment Of Capital Assets": 0.0,
        "Restructuring And Mergern Acquisition": NaN,
        "Gain On Sale Of Security": NaN,
        "Net Non Operating Interest Income Expense": NaN,
        "Interest Expense Non Operating": NaN,
        "Operating Income": NaN,
        "Operating Expense": NaN,
        "Other Operating Expenses": NaN,
        "Selling General And Administration": NaN,
        "Selling And Marketing Expense": 200215000.0,
        "General And Administrative Expense": NaN,
        "Other Gand A": NaN,
        "Salaries And Wages": NaN,
        "Gross Profit": NaN,
        "Cost Of Revenue": NaN,
        "Total Revenue": NaN,
        "Operating Revenue": NaN
    },
    "2022-09-30": {
        "Tax Effect Of Unusual Items": NaN,
        "Tax Rate For Calcs": NaN,
        "Normalized EBITDA": NaN,
        "Total Unusual Items": NaN,
        "Total Unusual Items Excluding Goodwill": NaN,
        "Net Income From Continuing Operation Net Minority Interest": NaN,
        "Reconciled Depreciation": NaN,
        "Reconciled Cost Of Revenue": NaN,
        "EBITDA": NaN,
        "EBIT": NaN,
        "Net Interest Income": NaN,
        "Interest Expense": NaN,
        "Normalized Income": NaN,
        "Net Income From Continuing And Discontinued Operation": NaN,
        "Total Expenses": NaN,
        "Total Operating Income As Reported": NaN,
        "Diluted Average Shares": NaN,
        "Basic Average Shares": NaN,
        "Diluted EPS": NaN,
        "Basic EPS": NaN,
        "Diluted NI Availto Com Stockholders": NaN,
        "Net Income Common Stockholders": NaN,
        "Net Income": NaN,
        "Net Income Including Noncontrolling Interests": NaN,
        "Net Income Discontinuous Operations": NaN,
        "Net Income Continuous Operations": NaN,
        "Tax Provision": NaN,
        "Pretax Income": NaN,
        "Other Income Expense": NaN,
        "Other Non Operating Income Expenses": NaN,
        "Special Income Charges": NaN,
        "Gain On Sale Of Ppe": -76000.0,
        "Gain On Sale Of Business": 0.0,
        "Other Special Charges": NaN,
        "Write Off": 6579000.0,
        "Impairment Of Capital Assets": 54885000.0,
        "Restructuring And Mergern Acquisition": NaN,
        "Gain On Sale Of Security": NaN,
        "Net Non Operating Interest Income Expense": NaN,
        "Interest Expense Non Operating": NaN,
        "Operating Income": NaN,
        "Operating Expense": NaN,
        "Other Operating Expenses": NaN,
        "Selling General And Administration": NaN,
        "Selling And Marketing Expense": NaN,
        "General And Administrative Expense": NaN,
        "Other Gand A": NaN,
        "Salaries And Wages": NaN,
        "Gross Profit": NaN,
        "Cost Of Revenue": NaN,
        "Total Revenue": NaN,
        "Operating Revenue": NaN
    },
    "2022-06-30": {
        "Tax Effect Of Unusual Items": -1320655.737705,
        "Tax Rate For Calcs": 0.24918,
        "Normalized EBITDA": 86500000.0,
        "Total Unusual Items": -5300000.0,
        "Total Unusual Items Excluding Goodwill": -5300000.0,
        "Net Income From Continuing Operation Net Minority Interest": 45800000.0,
        "Reconciled Depreciation": 32513000.0,
        "Reconciled Cost Of Revenue": 1084800000.0,
        "EBITDA": 81200000.0,
        "EBIT": 81200000.0,
        "Net Interest Income": -20200000.0,
        "Interest Expense": 20200000.0,
        "Normalized Income": 49779344.262295,
        "Net Income From Continuing And Discontinued Operation": 45800000.0,
        "Total Expenses": 1265300000.0,
        "Total Operating Income As Reported": 60400000.0,
        "Diluted Average Shares": 87967049.0,
        "Basic Average Shares": 87219078.0,
        "Diluted EPS": 0.52,
        "Basic EPS": 0.53,
        "Diluted NI Availto Com Stockholders": 45800000.0,
        "Net Income Common Stockholders": 45800000.0,
        "Net Income": 45800000.0,
        "Net Income Including Noncontrolling Interests": 45800000.0,
        "Net Income Discontinuous Operations": NaN,
        "Net Income Continuous Operations": 45800000.0,
        "Tax Provision": 15200000.0,
        "Pretax Income": 61000000.0,
        "Other Income Expense": 15600000.0,
        "Other Non Operating Income Expenses": 20900000.0,
        "Special Income Charges": -5300000.0,
        "Gain On Sale Of Ppe": -55000.0,
        "Other Special Charges": -4843000.0,
        "Write Off": 5300000.0,
        "Impairment Of Capital Assets": NaN,
        "Restructuring And Mergern Acquisition": NaN,
        "Gain On Sale Of Security": 7096000.0,
        "Net Non Operating Interest Income Expense": -20200000.0,
        "Interest Expense Non Operating": 20200000.0,
        "Operating Income": 65700000.0,
        "Operating Expense": 180500000.0,
        "Other Operating Expenses": -414000.0,
        "Selling General And Administration": 180500000.0,
        "Selling And Marketing Expense": 180500000.0,
        "General And Administrative Expense": -1435000.0,
        "Salaries And Wages": -1435000.0,
        "Gross Profit": 246200000.0,
        "Cost Of Revenue": 1084800000.0,
        "Total Revenue": 1331000000.0,
        "Operating Revenue": 1331000000.0
    },
    "2022-03-31": {
        "Diluted EPS": -0.01,
        "Total Revenue": NaN,
        "Gross Profit": 203,
        "Operating Income": 10,
        "EBIT": 44,
        "Net Income": -1
    },
    "2021-12-31": {
        "Diluted EPS": 0.46,
        "Total Revenue": NaN,
        "Gross Profit": 219,
        "Operating Income": 68,
        "EBIT": 103,
        "Net Income": 42
    },
    "2021-09-30": {
        "Diluted EPS": 0.41,
        "Total Revenue": NaN,
        "Gross Profit": 228,
        "Operating Income": 54,
        "EBIT": 88,
        "Net Income": 41
    },
    "2021-06-30": {
        "Diluted EPS": 0.6,
        "Total Revenue": NaN,
        "Gross Profit": 292,
        "Operating Income": 102,
        "EBIT": 138,
        "Net Income": 61
    },
    "2021-03-31": {
        "Diluted EPS": 0.25,
        "Total Revenue": NaN,
        "Gross Profit": 236,
        "Operating Income": 43,
        "EBIT": 78,
        "Net Income": 25
    },
    "2020-12-31": {
        "Diluted EPS": 0.42,
        "Total Revenue": NaN,
        "Gross Profit": 244,
        "Operating Income": 62,
        "EBIT": 97,
        "Net Income": 43
    },
    "2020-09-30": {
        "Diluted EPS": 0.25,
        "Total Revenue": NaN,
        "Gross Profit": 245,
        "Operating Income": 62,
        "EBIT": 96,
        "Net Income": 25
    },
    "2020-06-30": {
        "Diluted EPS": 0.23,
        "Total Revenue": 992,
        "Gross Profit": 219,
        "Operating Income": 50,
        "EBIT": 83,
        "Net Income": 23
    },
    "2020-03-31": {
        "Diluted EPS": -0.0,
        "Total Revenue": 979,
        "Gross Profit": 194,
        "Operating Income": 15,
        "EBIT": 49,
        "Net Income": 0
    },
    "2019-12-31": {
        "Diluted EPS": 0.07,
        "Total Revenue": NaN,
        "Gross Profit": 200,
        "Operating Income": 38,
        "EBIT": 73,
        "Net Income": 8
    },
    "2019-09-30": {
        "Diluted EPS": 0.17,
        "Total Revenue": NaN,
        "Gross Profit": 224,
        "Operating Income": 54,
        "EBIT": 90,
        "Net Income": 17
    },
    "2019-06-30": {
        "Diluted EPS": 0.22,
        "Total Revenue": NaN,
        "Gross Profit": 240,
        "Operating Income": 58,
        "EBIT": 92,
        "Net Income": 22
    },
    "2019-03-31": {
        "Diluted EPS": 0.16,
        "Total Revenue": NaN,
        "Gross Profit": 208,
        "Operating Income": 40,
        "EBIT": 72,
        "Net Income": 16
    },
    "2018-12-31": {
        "Diluted EPS": 0.37,
        "Total Revenue": NaN,
        "Gross Profit": 223,
        "Operating Income": 51,
        "EBIT": 87,
        "Net Income": 38
    },
    "2018-09-30": {
        "Diluted EPS": 0.27,
        "Total Revenue": NaN,
        "Gross Profit": 241,
        "Operating Income": 7,
        "EBIT": 39,
        "Net Income": 29
    },
    "2018-06-30": {
        "Diluted EPS": 0.32,
        "Total Revenue": NaN,
        "Gross Profit": 248,
        "Operating Income": 70,
        "EBIT": 101,
        "Net Income": 35
    },
    "2018-03-31": {
        "Diluted EPS": 0.37,
        "Total Revenue": 946,
        "Gross Profit": 206,
        "Operating Income": 38,
        "EBIT": 67,
        "Net Income": 40
    },
    "2017-12-31": {
        "Diluted EPS": -0.87,
        "Total Revenue": 976,
        "Gross Profit": 207,
        "Operating Income": 47,
        "EBIT": 79,
        "Net Income": -96
    },
    "2017-09-30": {
        "Diluted EPS": 0.47,
        "Total Revenue": 991,
        "Gross Profit": 228,
        "Operating Income": 86,
        "EBIT": 115,
        "Net Income": 51
    },
    "2017-06-30": {
        "Diluted EPS": 0.43,
        "Total Revenue": 949,
        "Gross Profit": 231,
        "Operating Income": 87,
        "EBIT": 114,
        "Net Income": 47
    },
    "2017-03-31": {
        "Diluted EPS": -0.05,
        "Total Revenue": 848,
        "Gross Profit": 182,
        "Operating Income": 41,
        "EBIT": 74,
        "Net Income": -4
    },
    "2016-12-31": {
        "Diluted EPS": -1.3,
        "Total Revenue": 973,
        "Gross Profit": 200,
        "Operating Income": 45,
        "EBIT": 77,
        "Net Income": -30
    },
    "2016-09-30": {
        "Diluted EPS": 0.54,
        "Total Revenue": 932,
        "Gross Profit": 206,
        "Operating Income": 72,
        "EBIT": 98,
        "Net Income": 16
    },
    "2016-06-30": {
        "Diluted EPS": 0.81,
        "Total Revenue": 965,
        "Gross Profit": 212,
        "Operating Income": 69,
        "EBIT": 96,
        "Net Income": 15
    },
    "2016-03-31": {
        "Diluted EPS": -1.13,
        "Total Revenue": 797,
        "Gross Profit": 158,
        "Operating Income": 23,
        "EBIT": 50,
        "Net Income": -20
    },
    "2015-12-31": {
        "Diluted EPS": 0.0,
        "Total Revenue": NaN,
        "Gross Profit": NaN,
        "Operating Income": NaN,
        "EBIT": NaN,
        "Net Income": NaN
    },
    "2015-09-30": {
        "Diluted EPS": -17.46,
        "Total Revenue": 874,
        "Gross Profit": 184,
        "Operating Income": 51,
        "EBIT": 51,
        "Net Income": -310
    },
    "2014-12-31": {
        "Diluted EPS": 0.0,
        "Total Revenue": NaN,
        "Gross Profit": NaN,
        "Operating Income": NaN,
        "EBIT": NaN,
        "Net Income": NaN
    },
    "2013-12-31": {
        "Diluted EPS": 0.0,
        "Total Revenue": NaN,
        "Gross Profit": NaN,
        "Operating Income": NaN,
        "EBIT": NaN,
        "Net Income": NaN
    },
    "2023-06-30": {
        "Tax Effect Of Unusual Items": NaN,
        "Tax Rate For Calcs": NaN,
        "Normalized EBITDA": NaN,
        "Total Unusual Items": NaN,
        "Total Unusual Items Excluding Goodwill": NaN,
        "Net Income From Continuing Operation Net Minority Interest": NaN,
        "Reconciled Depreciation": NaN,
        "Reconciled Cost Of Revenue": NaN,
        "EBITDA": NaN,
        "EBIT": NaN,
        "Net Interest Income": NaN,
        "Interest Expense": NaN,
        "Normalized Income": NaN,
        "Net Income From Continuing And Discontinued Operation": NaN,
        "Total Expenses": NaN,
        "Total Operating Income As Reported": NaN,
        "Diluted Average Shares": NaN,
        "Basic Average Shares": NaN,
        "Diluted EPS": NaN,
        "Basic EPS": NaN,
        "Diluted NI Availto Com Stockholders": NaN,
        "Net Income Common Stockholders": NaN,
        "Net Income": NaN,
        "Net Income Including Noncontrolling Interests": NaN,
        "Net Income Discontinuous Operations": NaN,
        "Net Income Continuous Operations": NaN,
        "Tax Provision": NaN,
        "Pretax Income": NaN,
        "Other Income Expense": NaN,
        "Other Non Operating Income Expenses": NaN,
        "Special Income Charges": NaN,
        "Gain On Sale Of Business": NaN,
        "Other Special Charges": NaN,
        "Impairment Of Capital Assets": NaN,
        "Restructuring And Mergern Acquisition": NaN,
        "Gain On Sale Of Security": NaN,
        "Net Non Operating Interest Income Expense": NaN,
        "Interest Expense Non Operating": NaN,
        "Operating Income": NaN,
        "Operating Expense": NaN,
        "Other Operating Expenses": NaN,
        "Selling General And Administration": NaN,
        "Selling And Marketing Expense": 162477000.0,
        "General And Administrative Expense": NaN,
        "Other Gand A": NaN,
        "Salaries And Wages": NaN,
        "Gross Profit": NaN,
        "Cost Of Revenue": NaN,
        "Total Revenue": NaN,
        "Operating Revenue": NaN
    },
    "2023-09-30": {
        "Tax Effect Of Unusual Items": NaN,
        "Tax Rate For Calcs": NaN,
        "Normalized EBITDA": NaN,
        "Total Unusual Items": NaN,
        "Total Unusual Items Excluding Goodwill": NaN,
        "Net Income From Continuing Operation Net Minority Interest": NaN,
        "Reconciled Depreciation": NaN,
        "Reconciled Cost Of Revenue": NaN,
        "EBITDA": NaN,
        "EBIT": NaN,
        "Net Interest Income": NaN,
        "Interest Expense": NaN,
        "Normalized Income": NaN,
        "Net Income From Continuing And Discontinued Operation": NaN,
        "Total Expenses": NaN,
        "Total Operating Income As Reported": NaN,
        "Diluted Average Shares": NaN,
        "Basic Average Shares": NaN,
        "Diluted EPS": NaN,
        "Basic EPS": NaN,
        "Diluted NI Availto Com Stockholders": NaN,
        "Net Income Common Stockholders": NaN,
        "Net Income": NaN,
        "Net Income Including Noncontrolling Interests": NaN,
        "Net Income Discontinuous Operations": NaN,
        "Net Income Continuous Operations": NaN,
        "Tax Provision": NaN,
        "Pretax Income": NaN,
        "Other Income Expense": NaN,
        "Other Non Operating Income Expenses": NaN,
        "Special Income Charges": NaN,
        "Gain On Sale Of Business": 3109000.0,
        "Other Special Charges": NaN,
        "Impairment Of Capital Assets": NaN,
        "Restructuring And Mergern Acquisition": NaN,
        "Gain On Sale Of Security": NaN,
        "Net Non Operating Interest Income Expense": NaN,
        "Interest Expense Non Operating": NaN,
        "Operating Income": NaN,
        "Operating Expense": NaN,
        "Other Operating Expenses": NaN,
        "Selling General And Administration": NaN,
        "Selling And Marketing Expense": 162820000.0,
        "General And Administrative Expense": NaN,
        "Other Gand A": NaN,
        "Salaries And Wages": NaN,
        "Gross Profit": NaN,
        "Cost Of Revenue": NaN,
        "Total Revenue": NaN,
        "Operating Revenue": NaN
    },
    "2023-12-31": {
        "Tax Effect Of Unusual Items": NaN,
        "Tax Rate For Calcs": NaN,
        "Normalized EBITDA": NaN,
        "Total Unusual Items": NaN,
        "Total Unusual Items Excluding Goodwill": NaN,
        "Net Income From Continuing Operation Net Minority Interest": NaN,
        "Reconciled Depreciation": NaN,
        "Reconciled Cost Of Revenue": NaN,
        "EBITDA": NaN,
        "EBIT": NaN,
        "Net Interest Income": NaN,
        "Interest Expense": NaN,
        "Normalized Income": NaN,
        "Net Income From Continuing And Discontinued Operation": NaN,
        "Total Expenses": NaN,
        "Total Operating Income As Reported": NaN,
        "Diluted Average Shares": NaN,
        "Basic Average Shares": NaN,
        "Diluted EPS": NaN,
        "Basic EPS": NaN,
        "Diluted NI Availto Com Stockholders": NaN,
        "Net Income Common Stockholders": NaN,
        "Net Income": NaN,
        "Net Income Including Noncontrolling Interests": NaN,
        "Net Income Discontinuous Operations": NaN,
        "Net Income Continuous Operations": NaN,
        "Tax Provision": NaN,
        "Pretax Income": NaN,
        "Other Income Expense": NaN,
        "Other Non Operating Income Expenses": NaN,
        "Special Income Charges": NaN,
        "Gain On Sale Of Business": 8281000.0,
        "Other Special Charges": NaN,
        "Write Off": NaN,
        "Impairment Of Capital Assets": NaN,
        "Restructuring And Mergern Acquisition": NaN,
        "Gain On Sale Of Security": NaN,
        "Net Non Operating Interest Income Expense": NaN,
        "Interest Expense Non Operating": NaN,
        "Operating Income": NaN,
        "Operating Expense": NaN,
        "Other Operating Expenses": NaN,
        "Selling General And Administration": NaN,
        "Selling And Marketing Expense": 177220000.0,
        "General And Administrative Expense": NaN,
        "Other Gand A": NaN,
        "Salaries And Wages": NaN,
        "Gross Profit": NaN,
        "Cost Of Revenue": NaN,
        "Total Revenue": NaN,
        "Operating Revenue": NaN
    },
    "2024-03-31": {
        "Tax Effect Of Unusual Items": NaN,
        "Tax Rate For Calcs": NaN,
        "Normalized EBITDA": NaN,
        "Total Unusual Items": NaN,
        "Total Unusual Items Excluding Goodwill": NaN,
        "Net Income From Continuing Operation Net Minority Interest": NaN,
        "Reconciled Depreciation": NaN,
        "Reconciled Cost Of Revenue": NaN,
        "EBITDA": NaN,
        "EBIT": NaN,
        "Net Interest Income": NaN,
        "Interest Expense": NaN,
        "Normalized Income": NaN,
        "Net Income From Continuing And Discontinued Operation": NaN,
        "Total Expenses": NaN,
        "Total Operating Income As Reported": NaN,
        "Diluted Average Shares": NaN,
        "Basic Average Shares": NaN,
        "Diluted EPS": NaN,
        "Basic EPS": NaN,
        "Diluted NI Availto Com Stockholders": NaN,
        "Net Income Common Stockholders": NaN,
        "Net Income": NaN,
        "Net Income Including Noncontrolling Interests": NaN,
        "Net Income Discontinuous Operations": 0.0,
        "Net Income Continuous Operations": NaN,
        "Tax Provision": NaN,
        "Pretax Income": NaN,
        "Other Income Expense": NaN,
        "Other Non Operating Income Expenses": NaN,
        "Special Income Charges": NaN,
        "Gain On Sale Of Business": NaN,
        "Other Special Charges": -3153000.0,
        "Write Off": NaN,
        "Impairment Of Capital Assets": NaN,
        "Restructuring And Mergern Acquisition": NaN,
        "Gain On Sale Of Security": NaN,
        "Net Non Operating Interest Income Expense": NaN,
        "Interest Expense Non Operating": NaN,
        "Operating Income": NaN,
        "Operating Expense": NaN,
        "Other Operating Expenses": -657000.0,
        "Selling General And Administration": NaN,
        "Selling And Marketing Expense": NaN,
        "General And Administrative Expense": NaN,
        "Other Gand A": NaN,
        "Salaries And Wages": NaN,
        "Gross Profit": NaN,
        "Cost Of Revenue": NaN,
        "Total Revenue": NaN,
        "Operating Revenue": NaN
    },
    "2024-06-30": {
        "Tax Effect Of Unusual Items": -3002580.0,
        "Tax Rate For Calcs": 0.21,
        "Normalized EBITDA": 50183000.0,
        "Total Unusual Items": -14298000.0,
        "Total Unusual Items Excluding Goodwill": -14298000.0,
        "Net Income From Continuing Operation Net Minority Interest": -18491000.0,
        "Reconciled Depreciation": 28249000.0,
        "Reconciled Cost Of Revenue": 795971000.0,
        "EBITDA": 35885000.0,
        "EBIT": 7636000.0,
        "Net Interest Income": -16564000.0,
        "Interest Expense": 16564000.0,
        "Normalized Income": -7195580.0,
        "Net Income From Continuing And Discontinued Operation": -18491000.0,
        "Total Expenses": 964664000.0,
        "Total Operating Income As Reported": 5148000.0,
        "Diluted Average Shares": 85271699.0,
        "Basic Average Shares": 84511647.0,
        "Diluted EPS": -0.22,
        "Basic EPS": -0.218905,
        "Diluted NI Availto Com Stockholders": -18491000.0,
        "Net Income Common Stockholders": -18491000.0,
        "Net Income": -18491000.0,
        "Net Income Including Noncontrolling Interests": -18491000.0,
        "Net Income Discontinuous Operations": 0.0,
        "Net Income Continuous Operations": -18491000.0,
        "Tax Provision": 9563000.0,
        "Pretax Income": -8928000.0,
        "Other Income Expense": -13716000.0,
        "Other Non Operating Income Expenses": 582000.0,
        "Special Income Charges": -14045000.0,
        "Gain On Sale Of Business": 2402000.0,
        "Other Special Charges": NaN,
        "Write Off": 0.0,
        "Impairment Of Capital Assets": 0.0,
        "Restructuring And Mergern Acquisition": 16447000.0,
        "Gain On Sale Of Security": -253000.0,
        "Net Non Operating Interest Income Expense": -16564000.0,
        "Interest Expense Non Operating": 16564000.0,
        "Operating Income": 21352000.0,
        "Operating Expense": 168693000.0,
        "Other Operating Expenses": -270000.0,
        "Selling General And Administration": 168963000.0,
        "Selling And Marketing Expense": NaN,
        "General And Administrative Expense": 168963000.0,
        "Other Gand A": 168450000.0,
        "Salaries And Wages": 513000.0,
        "Gross Profit": 190045000.0,
        "Cost Of Revenue": 795971000.0,
        "Total Revenue": 986016000.0,
        "Operating Revenue": 986016000.0
    },
    "2024-09-30": {
        "Tax Effect Of Unusual Items": -18043830.0,
        "Tax Rate For Calcs": 0.21,
        "Normalized EBITDA": 64405000.0,
        "Total Unusual Items": -85923000.0,
        "Total Unusual Items Excluding Goodwill": -85923000.0,
        "Net Income From Continuing Operation Net Minority Interest": -72962000.0,
        "Reconciled Depreciation": 27874000.0,
        "Reconciled Cost Of Revenue": 754845000.0,
        "EBITDA": -21518000.0,
        "EBIT": -49392000.0,
        "Net Interest Income": -16319000.0,
        "Interest Expense": 16319000.0,
        "Normalized Income": -5082830.0,
        "Net Income From Continuing And Discontinued Operation": -74402000.0,
        "Total Expenses": 898623000.0,
        "Total Operating Income As Reported": -52408000.0,
        "Diluted Average Shares": 84617518.0,
        "Basic Average Shares": 84617518.0,
        "Diluted EPS": -0.88,
        "Basic EPS": -0.879251,
        "Diluted NI Availto Com Stockholders": -74402000.0,
        "Net Income Common Stockholders": -74402000.0,
        "Net Income": -74402000.0,
        "Net Income Including Noncontrolling Interests": -74402000.0,
        "Net Income Discontinuous Operations": -1440000.0,
        "Net Income Continuous Operations": -72962000.0,
        "Tax Provision": 7251000.0,
        "Pretax Income": -65711000.0,
        "Other Income Expense": -85485000.0,
        "Other Non Operating Income Expenses": 438000.0,
        "Special Income Charges": -89444000.0,
        "Gain On Sale Of Business": 0.0,
        "Other Special Charges": 459000.0,
        "Write Off": NaN,
        "Impairment Of Capital Assets": 63445000.0,
        "Restructuring And Mergern Acquisition": 25540000.0,
        "Gain On Sale Of Security": 3521000.0,
        "Net Non Operating Interest Income Expense": -16319000.0,
        "Interest Expense Non Operating": 16319000.0,
        "Operating Income": 36093000.0,
        "Operating Expense": 143778000.0,
        "Other Operating Expenses": NaN,
        "Selling General And Administration": 143778000.0,
        "Selling And Marketing Expense": NaN,
        "General And Administrative Expense": 143778000.0,
        "Other Gand A": 143294000.0,
        "Salaries And Wages": 484000.0,
        "Gross Profit": 179871000.0,
        "Cost Of Revenue": 754845000.0,
        "Total Revenue": 934716000.0,
        "Operating Revenue": 934716000.0
    },
    "2024-12-31": {
        "Tax Effect Of Unusual Items": -6508110.0,
        "Tax Rate For Calcs": 0.21,
        "Normalized EBITDA": 12869000.0,
        "Total Unusual Items": -30991000.0,
        "Total Unusual Items Excluding Goodwill": -30991000.0,
        "Net Income From Continuing Operation Net Minority Interest": -68397000.0,
        "Reconciled Depreciation": 28234000.0,
        "Reconciled Cost Of Revenue": 749256000.0,
        "EBITDA": -18122000.0,
        "EBIT": -46356000.0,
        "Net Interest Income": -18662000.0,
        "Interest Expense": 18662000.0,
        "Normalized Income": -43914110.0,
        "Net Income From Continuing And Discontinued Operation": -68397000.0,
        "Total Expenses": 907727000.0,
        "Total Operating Income As Reported": -50903000.0,
        "Diluted Average Shares": 84653408.0,
        "Basic Average Shares": 84653408.0,
        "Diluted EPS": -0.81,
        "Basic EPS": -0.808001,
        "Diluted NI Availto Com Stockholders": -68397000.0,
        "Net Income Common Stockholders": -68397000.0,
        "Net Income": -68397000.0,
        "Net Income Including Noncontrolling Interests": -68397000.0,
        "Net Income Discontinuous Operations": 0.0,
        "Net Income Continuous Operations": -68397000.0,
        "Tax Provision": 3379000.0,
        "Pretax Income": -65018000.0,
        "Other Income Expense": -34363000.0,
        "Other Non Operating Income Expenses": -3372000.0,
        "Special Income Charges": -31444000.0,
        "Gain On Sale Of Business": 6569000.0,
        "Other Special Charges": 0.0,
        "Write Off": NaN,
        "Impairment Of Capital Assets": 31356000.0,
        "Restructuring And Mergern Acquisition": 8046000.0,
        "Gain On Sale Of Security": 453000.0,
        "Net Non Operating Interest Income Expense": -18662000.0,
        "Interest Expense Non Operating": 18662000.0,
        "Operating Income": -11993000.0,
        "Operating Expense": 158471000.0,
        "Other Operating Expenses": -5000.0,
        "Selling General And Administration": 158476000.0,
        "Selling And Marketing Expense": NaN,
        "General And Administrative Expense": 158476000.0,
        "Other Gand A": 157979000.0,
        "Salaries And Wages": 497000.0,
        "Gross Profit": 146478000.0,
        "Cost Of Revenue": 749256000.0,
        "Total Revenue": 895734000.0,
        "Operating Revenue": 895734000.0
    },
    "2025-03-31": {
        "Tax Effect Of Unusual Items": -29716680.0,
        "Tax Rate For Calcs": 0.21,
        "Normalized EBITDA": -5799000.0,
        "Total Unusual Items": -141508000.0,
        "Total Unusual Items Excluding Goodwill": -141508000.0,
        "Net Income From Continuing Operation Net Minority Interest": -190138000.0,
        "Reconciled Depreciation": 27295000.0,
        "Reconciled Cost Of Revenue": 663923000.0,
        "EBITDA": -147307000.0,
        "EBIT": -174602000.0,
        "Net Interest Income": -14918000.0,
        "Interest Expense": 14918000.0,
        "Normalized Income": -78346680.0,
        "Net Income From Continuing And Discontinued Operation": -190138000.0,
        "Total Expenses": 809554000.0,
        "Total Operating Income As Reported": -184951000.0,
        "Diluted Average Shares": 85217425.0,
        "Basic Average Shares": 85217425.0,
        "Diluted EPS": -2.12,
        "Basic EPS": -2.109897,
        "Diluted NI Availto Com Stockholders": -190138000.0,
        "Net Income Common Stockholders": -190138000.0,
        "Net Income": -190138000.0,
        "Net Income Including Noncontrolling Interests": -190138000.0,
        "Net Income Discontinuous Operations": NaN,
        "Net Income Continuous Operations": -190138000.0,
        "Tax Provision": 618000.0,
        "Pretax Income": -189520000.0,
        "Other Income Expense": -141054000.0,
        "Other Non Operating Income Expenses": 454000.0,
        "Special Income Charges": -149645000.0,
        "Gain On Sale Of Business": NaN,
        "Other Special Charges": -2622000.0,
        "Write Off": NaN,
        "Impairment Of Capital Assets": 137721000.0,
        "Restructuring And Mergern Acquisition": 14546000.0,
        "Gain On Sale Of Security": 8137000.0,
        "Net Non Operating Interest Income Expense": -14918000.0,
        "Interest Expense Non Operating": 14918000.0,
        "Operating Income": -33548000.0,
        "Operating Expense": 145631000.0,
        "Other Operating Expenses": -3000.0,
        "Selling General And Administration": 145634000.0,
        "Selling And Marketing Expense": NaN,
        "General And Administrative Expense": 145634000.0,
        "Other Gand A": 144767000.0,
        "Salaries And Wages": 867000.0,
        "Gross Profit": 112083000.0,
        "Cost Of Revenue": 663923000.0,
        "Total Revenue": 776006000.0,
        "Operating Revenue": 776006000.0
    },
    "2025-06-30": {
        "Tax Effect Of Unusual Items": -493351.81311,
        "Tax Rate For Calcs": 0.136022,
        "Normalized EBITDA": 21732000.0,
        "Total Unusual Items": -3627000.0,
        "Total Unusual Items Excluding Goodwill": -3627000.0,
        "Net Income From Continuing Operation Net Minority Interest": -22301000.0,
        "Reconciled Depreciation": 27430000.0,
        "Reconciled Cost Of Revenue": 680331000.0,
        "EBITDA": 18105000.0,
        "EBIT": -9325000.0,
        "Net Interest Income": -16487000.0,
        "Interest Expense": 16487000.0,
        "Normalized Income": -19167351.81311,
        "Net Income From Continuing And Discontinued Operation": -21525000.0,
        "Total Expenses": 829569000.0,
        "Total Operating Income As Reported": -13924000.0,
        "Diluted Average Shares": 85338335.0,
        "Basic Average Shares": 85338335.0,
        "Diluted EPS": -0.251938,
        "Basic EPS": -0.251938,
        "Diluted NI Availto Com Stockholders": -21525000.0,
        "Net Income Common Stockholders": -21525000.0,
        "Net Income": -21525000.0,
        "Net Income Including Noncontrolling Interests": -21525000.0,
        "Net Income Discontinuous Operations": 776000.0,
        "Net Income Continuous Operations": -22301000.0,
        "Tax Provision": -3511000.0,
        "Pretax Income": -25812000.0,
        "Other Income Expense": -3485000.0,
        "Other Non Operating Income Expenses": 142000.0,
        "Special Income Charges": -4837000.0,
        "Gain On Sale Of Business": 0.0,
        "Other Special Charges": -4005000.0,
        "Write Off": 0.0,
        "Impairment Of Capital Assets": 0.0,
        "Restructuring And Mergern Acquisition": 8842000.0,
        "Gain On Sale Of Security": 1210000.0,
        "Net Non Operating Interest Income Expense": -16487000.0,
        "Interest Expense Non Operating": 16487000.0,
        "Operating Income": -5840000.0,
        "Operating Expense": 149238000.0,
        "Other Operating Expenses": -134000.0,
        "Selling General And Administration": 149372000.0,
        "Selling And Marketing Expense": NaN,
        "General And Administrative Expense": 149372000.0,
        "Other Gand A": 148480000.0,
        "Salaries And Wages": 892000.0,
        "Gross Profit": 143398000.0,
        "Cost Of Revenue": 680331000.0,
        "Total Revenue": 823729000.0,
        "Operating Revenue": 823729000.0
    }
}