{
    "2023-03-31": {
        "Tax Effect Of Unusual Items": NaN,
        "Tax Rate For Calcs": NaN,
        "Normalized EBITDA": NaN,
        "Net Income From Continuing Operation Net Minority Interest": NaN,
        "Reconciled Cost Of Revenue": NaN,
        "EBITDA": NaN,
        "EBIT": NaN,
        "Net Interest Income": NaN,
        "Interest Income": 360000.0,
        "Normalized Income": NaN,
        "Net Income From Continuing And Discontinued Operation": NaN,
        "Total Expenses": NaN,
        "Total Operating Income As Reported": NaN,
        "Diluted Average Shares": NaN,
        "Basic Average Shares": NaN,
        "Diluted EPS": NaN,
        "Basic EPS": NaN,
        "Diluted NI Availto Com Stockholders": NaN,
        "Net Income Common Stockholders": NaN,
        "Net Income": NaN,
        "Minority Interests": NaN,
        "Net Income Including Noncontrolling Interests": NaN,
        "Net Income Continuous Operations": NaN,
        "Earnings From Equity Interest Net Of Tax": NaN,
        "Tax Provision": NaN,
        "Pretax Income": NaN,
        "Other Income Expense": NaN,
        "Other Non Operating Income Expenses": NaN,
        "Net Non Operating Interest Income Expense": NaN,
        "Interest Income Non Operating": 360000.0,
        "Operating Income": NaN,
        "Operating Expense": NaN,
        "Provision For Doubtful Accounts": NaN,
        "Research And Development": NaN,
        "Selling General And Administration": NaN,
        "Selling And Marketing Expense": NaN,
        "General And Administrative Expense": NaN,
        "Other Gand A": NaN,
        "Gross Profit": NaN,
        "Cost Of Revenue": NaN,
        "Total Revenue": NaN,
        "Operating Revenue": NaN
    },
    "2022-12-31": {
        "Tax Effect Of Unusual Items": 0.0,
        "Tax Rate For Calcs": 0.25,
        "Normalized EBITDA": 346488000.0,
        "Net Income From Continuing Operation Net Minority Interest": 532937000.0,
        "Reconciled Cost Of Revenue": 195098000.0,
        "EBITDA": 346488000.0,
        "EBIT": 346488000.0,
        "Net Interest Income": -945000.0,
        "Interest Income": NaN,
        "Normalized Income": 532937000.0,
        "Net Income From Continuing And Discontinued Operation": 532937000.0,
        "Total Expenses": 707904000.0,
        "Total Operating Income As Reported": 346488000.0,
        "Diluted Average Shares": 53447371.0,
        "Basic Average Shares": 53447371.0,
        "Diluted EPS": 9.96,
        "Basic EPS": 9.96,
        "Diluted NI Availto Com Stockholders": 532937000.0,
        "Net Income Common Stockholders": 532937000.0,
        "Net Income": 532937000.0,
        "Minority Interests": -761000.0,
        "Net Income Including Noncontrolling Interests": 533698000.0,
        "Net Income Continuous Operations": 533698000.0,
        "Earnings From Equity Interest Net Of Tax": -108000.0,
        "Tax Provision": -49995000.0,
        "Pretax Income": 483811000.0,
        "Other Income Expense": 138268000.0,
        "Other Non Operating Income Expenses": 36325000.0,
        "Net Non Operating Interest Income Expense": -945000.0,
        "Interest Income Non Operating": NaN,
        "Operating Income": 346488000.0,
        "Operating Expense": 512806000.0,
        "Provision For Doubtful Accounts": 15073000.0,
        "Research And Development": 64442000.0,
        "Selling General And Administration": 433291000.0,
        "Selling And Marketing Expense": 373971000.0,
        "General And Administrative Expense": 59320000.0,
        "Other Gand A": 59320000.0,
        "Gross Profit": 859294000.0,
        "Cost Of Revenue": 195098000.0,
        "Total Revenue": 1054392000.0,
        "Operating Revenue": 664703000.0
    },
    "2022-09-30": {
        "Tax Effect Of Unusual Items": NaN,
        "Tax Rate For Calcs": NaN,
        "Normalized EBITDA": NaN,
        "Net Income From Continuing Operation Net Minority Interest": NaN,
        "Reconciled Cost Of Revenue": NaN,
        "EBITDA": NaN,
        "EBIT": NaN,
        "Net Interest Income": NaN,
        "Interest Income": 610000.0,
        "Normalized Income": NaN,
        "Net Income From Continuing And Discontinued Operation": NaN,
        "Total Expenses": NaN,
        "Total Operating Income As Reported": NaN,
        "Diluted Average Shares": 53774018.0,
        "Basic Average Shares": 53774018.0,
        "Diluted EPS": 4.6,
        "Basic EPS": 4.6,
        "Diluted NI Availto Com Stockholders": NaN,
        "Net Income Common Stockholders": NaN,
        "Net Income": NaN,
        "Minority Interests": NaN,
        "Net Income Including Noncontrolling Interests": NaN,
        "Net Income Continuous Operations": NaN,
        "Earnings From Equity Interest Net Of Tax": NaN,
        "Tax Provision": NaN,
        "Pretax Income": NaN,
        "Other Income Expense": NaN,
        "Other Non Operating Income Expenses": NaN,
        "Net Non Operating Interest Income Expense": NaN,
        "Interest Income Non Operating": 610000.0,
        "Operating Income": NaN,
        "Operating Expense": NaN,
        "Provision For Doubtful Accounts": NaN,
        "Research And Development": NaN,
        "Selling General And Administration": NaN,
        "Selling And Marketing Expense": NaN,
        "General And Administrative Expense": NaN,
        "Other Gand A": NaN,
        "Gross Profit": NaN,
        "Cost Of Revenue": NaN,
        "Total Revenue": NaN,
        "Operating Revenue": NaN
    },
    "2022-06-30": {
        "Tax Effect Of Unusual Items": 0.0,
        "Tax Rate For Calcs": 0.246679,
        "Normalized EBITDA": 344467000.0,
        "Total Unusual Items": NaN,
        "Total Unusual Items Excluding Goodwill": NaN,
        "Net Income From Continuing Operation Net Minority Interest": 253886000.0,
        "Reconciled Cost Of Revenue": 128283000.0,
        "EBITDA": 344467000.0,
        "EBIT": 344467000.0,
        "Net Interest Income": 339000.0,
        "Interest Expense": NaN,
        "Interest Income": 339000.0,
        "Normalized Income": 253886000.0,
        "Net Income From Continuing And Discontinued Operation": 253886000.0,
        "Total Expenses": 467087000.0,
        "Total Operating Income As Reported": 344467000.0,
        "Diluted Average Shares": 54017572.0,
        "Basic Average Shares": 54017572.0,
        "Diluted EPS": 4.72,
        "Basic EPS": 4.72,
        "Diluted NI Availto Com Stockholders": 253886000.0,
        "Net Income Common Stockholders": 253886000.0,
        "Net Income": 253886000.0,
        "Minority Interests": 67000.0,
        "Net Income Including Noncontrolling Interests": 253819000.0,
        "Net Income Continuous Operations": 253819000.0,
        "Earnings From Equity Interest Net Of Tax": 2447000.0,
        "Tax Provision": 82313000.0,
        "Pretax Income": 333685000.0,
        "Other Income Expense": -11121000.0,
        "Other Non Operating Income Expenses": -11121000.0,
        "Special Income Charges": NaN,
        "Gain On Sale Of Business": NaN,
        "Write Off": NaN,
        "Net Non Operating Interest Income Expense": 339000.0,
        "Interest Expense Non Operating": NaN,
        "Interest Income Non Operating": 339000.0,
        "Operating Income": 344467000.0,
        "Operating Expense": 338804000.0,
        "Other Operating Expenses": NaN,
        "Provision For Doubtful Accounts": 7042000.0,
        "Research And Development": 54128000.0,
        "Selling General And Administration": 277634000.0,
        "Selling And Marketing Expense": 235030000.0,
        "General And Administrative Expense": 42604000.0,
        "Other Gand A": 42604000.0,
        "Gross Profit": 683271000.0,
        "Cost Of Revenue": 128283000.0,
        "Total Revenue": 811554000.0,
        "Operating Revenue": 811554000.0
    },
    "2022-03-31": {
        "Diluted EPS": 0.42,
        "Total Revenue": 81,
        "Gross Profit": 66,
        "Operating Income": 29,
        "EBIT": 29,
        "Net Income": 23
    },
    "2021-12-31": {
        "Diluted EPS": 0.36,
        "Total Revenue": 61,
        "Gross Profit": 47,
        "Operating Income": 3,
        "EBIT": 3,
        "Net Income": 20
    },
    "2021-09-30": {
        "Diluted EPS": 0.36,
        "Total Revenue": 90,
        "Gross Profit": 74,
        "Operating Income": 24,
        "EBIT": 24,
        "Net Income": 20
    },
    "2021-06-30": {
        "Diluted EPS": 0.36,
        "Total Revenue": 76,
        "Gross Profit": 63,
        "Operating Income": 23,
        "EBIT": 23,
        "Net Income": 20
    },
    "2021-03-31": {
        "Diluted EPS": 0.28,
        "Total Revenue": 52,
        "Gross Profit": 43,
        "Operating Income": 17,
        "EBIT": 17,
        "Net Income": 14
    },
    "2020-12-31": {
        "Diluted EPS": 0.24,
        "Total Revenue": 61,
        "Gross Profit": 50,
        "Operating Income": 10,
        "EBIT": 10,
        "Net Income": 15
    },
    "2020-09-30": {
        "Diluted EPS": 0.24,
        "Total Revenue": 59,
        "Gross Profit": 50,
        "Operating Income": 22,
        "EBIT": 22,
        "Net Income": 13
    },
    "2020-06-30": {
        "Diluted EPS": 0.12,
        "Total Revenue": 35,
        "Gross Profit": 27,
        "Operating Income": 7,
        "EBIT": 7,
        "Net Income": 6
    },
    "2020-03-31": {
        "Diluted EPS": 0.12,
        "Total Revenue": 44,
        "Gross Profit": 35,
        "Operating Income": 7,
        "EBIT": 7,
        "Net Income": 6
    },
    "2019-12-31": {
        "Diluted EPS": 0.0,
        "Total Revenue": 47,
        "Gross Profit": 37,
        "Operating Income": -6,
        "EBIT": -6,
        "Net Income": 2
    },
    "2019-09-30": {
        "Diluted EPS": 0.2,
        "Total Revenue": 71,
        "Gross Profit": 57,
        "Operating Income": 12,
        "EBIT": 12,
        "Net Income": 11
    },
    "2019-06-30": {
        "Diluted EPS": 0.48,
        "Total Revenue": 93,
        "Gross Profit": 74,
        "Operating Income": 27,
        "EBIT": 27,
        "Net Income": 25
    },
    "2019-03-31": {
        "Diluted EPS": 0.76,
        "Total Revenue": 109,
        "Gross Profit": 91,
        "Operating Income": 44,
        "EBIT": 44,
        "Net Income": 38
    },
    "2018-12-31": {
        "Diluted EPS": 0.0,
        "Total Revenue": NaN,
        "Gross Profit": NaN,
        "Operating Income": NaN,
        "EBIT": NaN,
        "Net Income": NaN
    },
    "2023-06-30": {
        "Tax Effect Of Unusual Items": NaN,
        "Tax Rate For Calcs": NaN,
        "Normalized EBITDA": NaN,
        "Net Income From Continuing Operation Net Minority Interest": NaN,
        "Reconciled Cost Of Revenue": NaN,
        "EBITDA": NaN,
        "EBIT": NaN,
        "Net Interest Income": NaN,
        "Interest Income": 1623000.0,
        "Normalized Income": NaN,
        "Net Income From Continuing And Discontinued Operation": NaN,
        "Total Expenses": NaN,
        "Total Operating Income As Reported": NaN,
        "Diluted Average Shares": NaN,
        "Basic Average Shares": NaN,
        "Diluted EPS": NaN,
        "Basic EPS": NaN,
        "Diluted NI Availto Com Stockholders": NaN,
        "Net Income Common Stockholders": NaN,
        "Net Income": NaN,
        "Minority Interests": NaN,
        "Net Income Including Noncontrolling Interests": NaN,
        "Net Income Continuous Operations": NaN,
        "Earnings From Equity Interest Net Of Tax": NaN,
        "Tax Provision": NaN,
        "Pretax Income": NaN,
        "Other Income Expense": NaN,
        "Other Non Operating Income Expenses": NaN,
        "Net Non Operating Interest Income Expense": NaN,
        "Interest Income Non Operating": 1623000.0,
        "Operating Income": NaN,
        "Operating Expense": NaN,
        "Provision For Doubtful Accounts": NaN,
        "Research And Development": NaN,
        "Selling General And Administration": NaN,
        "Selling And Marketing Expense": NaN,
        "General And Administrative Expense": NaN,
        "Other Gand A": NaN,
        "Gross Profit": NaN,
        "Cost Of Revenue": NaN,
        "Total Revenue": NaN,
        "Operating Revenue": NaN
    },
    "2023-09-30": {
        "Tax Effect Of Unusual Items": NaN,
        "Tax Rate For Calcs": NaN,
        "Normalized EBITDA": NaN,
        "Net Income From Continuing Operation Net Minority Interest": NaN,
        "Reconciled Cost Of Revenue": NaN,
        "EBITDA": NaN,
        "EBIT": NaN,
        "Net Interest Income": NaN,
        "Interest Income": 2957000.0,
        "Normalized Income": NaN,
        "Net Income From Continuing And Discontinued Operation": NaN,
        "Total Expenses": NaN,
        "Total Operating Income As Reported": NaN,
        "Diluted Average Shares": NaN,
        "Basic Average Shares": NaN,
        "Diluted EPS": NaN,
        "Basic EPS": NaN,
        "Diluted NI Availto Com Stockholders": NaN,
        "Net Income Common Stockholders": NaN,
        "Net Income": NaN,
        "Minority Interests": NaN,
        "Net Income Including Noncontrolling Interests": NaN,
        "Net Income Continuous Operations": NaN,
        "Earnings From Equity Interest Net Of Tax": NaN,
        "Tax Provision": NaN,
        "Pretax Income": NaN,
        "Other Income Expense": NaN,
        "Other Non Operating Income Expenses": NaN,
        "Net Non Operating Interest Income Expense": NaN,
        "Interest Income Non Operating": 2957000.0,
        "Operating Income": NaN,
        "Operating Expense": NaN,
        "Provision For Doubtful Accounts": NaN,
        "Research And Development": NaN,
        "Selling General And Administration": NaN,
        "Selling And Marketing Expense": NaN,
        "General And Administrative Expense": NaN,
        "Other Gand A": NaN,
        "Gross Profit": NaN,
        "Cost Of Revenue": NaN,
        "Total Revenue": NaN,
        "Operating Revenue": NaN
    },
    "2023-12-31": {
        "Tax Effect Of Unusual Items": NaN,
        "Tax Rate For Calcs": NaN,
        "Normalized EBITDA": NaN,
        "Net Income From Continuing Operation Net Minority Interest": NaN,
        "Reconciled Cost Of Revenue": NaN,
        "EBITDA": NaN,
        "EBIT": NaN,
        "Net Interest Income": NaN,
        "Interest Income": NaN,
        "Normalized Income": NaN,
        "Net Income From Continuing And Discontinued Operation": NaN,
        "Total Expenses": NaN,
        "Total Operating Income As Reported": NaN,
        "Diluted Average Shares": NaN,
        "Basic Average Shares": NaN,
        "Diluted EPS": NaN,
        "Basic EPS": NaN,
        "Diluted NI Availto Com Stockholders": NaN,
        "Net Income Common Stockholders": NaN,
        "Net Income": NaN,
        "Minority Interests": NaN,
        "Net Income Including Noncontrolling Interests": NaN,
        "Net Income Continuous Operations": NaN,
        "Earnings From Equity Interest Net Of Tax": 2012000.0,
        "Tax Provision": NaN,
        "Pretax Income": NaN,
        "Other Income Expense": NaN,
        "Other Non Operating Income Expenses": NaN,
        "Net Non Operating Interest Income Expense": NaN,
        "Interest Income Non Operating": NaN,
        "Operating Income": NaN,
        "Operating Expense": NaN,
        "Provision For Doubtful Accounts": NaN,
        "Research And Development": NaN,
        "Selling General And Administration": NaN,
        "Selling And Marketing Expense": NaN,
        "General And Administrative Expense": NaN,
        "Other Gand A": NaN,
        "Gross Profit": NaN,
        "Cost Of Revenue": NaN,
        "Total Revenue": NaN,
        "Operating Revenue": NaN
    },
    "2024-03-31": {
        "Tax Effect Of Unusual Items": 0.0,
        "Tax Rate For Calcs": 0.143854,
        "Normalized EBITDA": 316446000.0,
        "Net Income From Continuing Operation Net Minority Interest": 273070000.0,
        "Reconciled Cost Of Revenue": 666974000.0,
        "EBITDA": 316446000.0,
        "EBIT": 316446000.0,
        "Net Interest Income": 1916000.0,
        "Interest Income": 1916000.0,
        "Normalized Income": 273070000.0,
        "Net Income From Continuing And Discontinued Operation": 273070000.0,
        "Total Expenses": 1158894000.0,
        "Total Operating Income As Reported": 316446000.0,
        "Diluted Average Shares": 53032486.0,
        "Basic Average Shares": 53032486.0,
        "Diluted EPS": 5.16,
        "Basic EPS": 5.16,
        "Diluted NI Availto Com Stockholders": 273070000.0,
        "Net Income Common Stockholders": 273070000.0,
        "Net Income": 273070000.0,
        "Minority Interests": 3000.0,
        "Net Income Including Noncontrolling Interests": 273067000.0,
        "Net Income Continuous Operations": 273067000.0,
        "Earnings From Equity Interest Net Of Tax": 0.0,
        "Tax Provision": 45882000.0,
        "Pretax Income": 318949000.0,
        "Other Income Expense": 587000.0,
        "Other Non Operating Income Expenses": 587000.0,
        "Net Non Operating Interest Income Expense": 1916000.0,
        "Interest Income Non Operating": 1916000.0,
        "Operating Income": 316446000.0,
        "Operating Expense": 491920000.0,
        "Provision For Doubtful Accounts": 2617000.0,
        "Research And Development": 83270000.0,
        "Selling General And Administration": 406033000.0,
        "Selling And Marketing Expense": 359818000.0,
        "General And Administrative Expense": 46215000.0,
        "Other Gand A": 46215000.0,
        "Gross Profit": 808366000.0,
        "Cost Of Revenue": 666974000.0,
        "Total Revenue": 1475340000.0,
        "Operating Revenue": 1475340000.0
    },
    "2024-06-30": {
        "Tax Effect Of Unusual Items": 0.0,
        "Tax Rate For Calcs": 0.197799,
        "Normalized EBITDA": 227063000.0,
        "Net Income From Continuing Operation Net Minority Interest": 238271000.0,
        "Reconciled Cost Of Revenue": 608158000.0,
        "EBITDA": 227063000.0,
        "EBIT": 227063000.0,
        "Net Interest Income": 4318000.0,
        "Interest Income": 4318000.0,
        "Normalized Income": 238271000.0,
        "Net Income From Continuing And Discontinued Operation": 238271000.0,
        "Total Expenses": 1249264000.0,
        "Total Operating Income As Reported": 227063000.0,
        "Diluted Average Shares": 53083168.0,
        "Basic Average Shares": 53083168.0,
        "Diluted EPS": 4.48,
        "Basic EPS": 4.48,
        "Diluted NI Availto Com Stockholders": 238271000.0,
        "Net Income Common Stockholders": 238271000.0,
        "Net Income": 238271000.0,
        "Minority Interests": 3000.0,
        "Net Income Including Noncontrolling Interests": 238268000.0,
        "Net Income Continuous Operations": 238268000.0,
        "Earnings From Equity Interest Net Of Tax": 0.0,
        "Tax Provision": 58750000.0,
        "Pretax Income": 297018000.0,
        "Other Income Expense": 65637000.0,
        "Other Non Operating Income Expenses": 65637000.0,
        "Net Non Operating Interest Income Expense": 4318000.0,
        "Interest Income Non Operating": 4318000.0,
        "Operating Income": 227063000.0,
        "Operating Expense": 641106000.0,
        "Provision For Doubtful Accounts": -3262000.0,
        "Research And Development": 92819000.0,
        "Selling General And Administration": 551549000.0,
        "Selling And Marketing Expense": 486553000.0,
        "General And Administrative Expense": 64996000.0,
        "Other Gand A": 64996000.0,
        "Gross Profit": 868169000.0,
        "Cost Of Revenue": 608158000.0,
        "Total Revenue": 1476327000.0,
        "Operating Revenue": 1476327000.0
    },
    "2024-09-30": {
        "Tax Effect Of Unusual Items": 0.0,
        "Tax Rate For Calcs": 0.166677,
        "Normalized EBITDA": 311865000.0,
        "Net Income From Continuing Operation Net Minority Interest": 269612000.0,
        "Reconciled Cost Of Revenue": 419056000.0,
        "EBITDA": 311865000.0,
        "EBIT": 311865000.0,
        "Net Interest Income": 2934000.0,
        "Interest Income": 2934000.0,
        "Normalized Income": 269612000.0,
        "Net Income From Continuing And Discontinued Operation": 269612000.0,
        "Total Expenses": 1133007000.0,
        "Total Operating Income As Reported": 311865000.0,
        "Diluted Average Shares": 53168249.0,
        "Basic Average Shares": 53168249.0,
        "Diluted EPS": 5.08,
        "Basic EPS": 5.08,
        "Diluted NI Availto Com Stockholders": 269612000.0,
        "Net Income Common Stockholders": 269612000.0,
        "Net Income": 269612000.0,
        "Minority Interests": -2000.0,
        "Net Income Including Noncontrolling Interests": 269614000.0,
        "Net Income Continuous Operations": 269614000.0,
        "Earnings From Equity Interest Net Of Tax": 0.0,
        "Tax Provision": 53927000.0,
        "Pretax Income": 323541000.0,
        "Other Income Expense": 8742000.0,
        "Other Non Operating Income Expenses": 8742000.0,
        "Net Non Operating Interest Income Expense": 2934000.0,
        "Interest Income Non Operating": 2934000.0,
        "Operating Income": 311865000.0,
        "Operating Expense": 713951000.0,
        "Provision For Doubtful Accounts": 11638000.0,
        "Research And Development": 95925000.0,
        "Selling General And Administration": 606388000.0,
        "Selling And Marketing Expense": 550289000.0,
        "General And Administrative Expense": 56099000.0,
        "Other Gand A": 56099000.0,
        "Gross Profit": 1025816000.0,
        "Cost Of Revenue": 419056000.0,
        "Total Revenue": 1444872000.0,
        "Operating Revenue": 1444872000.0
    },
    "2024-12-31": {
        "Tax Effect Of Unusual Items": 0.0,
        "Tax Rate For Calcs": 0.225766,
        "Normalized EBITDA": 392641000.0,
        "Net Income From Continuing Operation Net Minority Interest": 275525000.0,
        "Reconciled Cost Of Revenue": 339323000.0,
        "EBITDA": 392641000.0,
        "EBIT": 392641000.0,
        "Net Interest Income": 9113000.0,
        "Interest Income": NaN,
        "Normalized Income": 275525000.0,
        "Net Income From Continuing And Discontinued Operation": 275525000.0,
        "Total Expenses": 1011852000.0,
        "Total Operating Income As Reported": 392641000.0,
        "Diluted Average Shares": 53147345.0,
        "Basic Average Shares": 53147345.0,
        "Diluted EPS": 5.2,
        "Basic EPS": 5.2,
        "Diluted NI Availto Com Stockholders": 275525000.0,
        "Net Income Common Stockholders": 275525000.0,
        "Net Income": 275525000.0,
        "Minority Interests": 6000.0,
        "Net Income Including Noncontrolling Interests": 275519000.0,
        "Net Income Continuous Operations": 275519000.0,
        "Earnings From Equity Interest Net Of Tax": 0.0,
        "Tax Provision": 80341000.0,
        "Pretax Income": 355860000.0,
        "Other Income Expense": -45894000.0,
        "Other Non Operating Income Expenses": 20460000.0,
        "Net Non Operating Interest Income Expense": 9113000.0,
        "Interest Income Non Operating": NaN,
        "Operating Income": 392641000.0,
        "Operating Expense": 672529000.0,
        "Provision For Doubtful Accounts": 1211000.0,
        "Research And Development": 100427000.0,
        "Selling General And Administration": 570891000.0,
        "Selling And Marketing Expense": 517208000.0,
        "General And Administrative Expense": 53683000.0,
        "Other Gand A": 53683000.0,
        "Gross Profit": 1065170000.0,
        "Cost Of Revenue": 339323000.0,
        "Total Revenue": 1404493000.0,
        "Operating Revenue": 972942000.0
    },
    "2025-03-31": {
        "Tax Effect Of Unusual Items": 0.0,
        "Tax Rate For Calcs": 0.186561,
        "Normalized EBITDA": 606647000.0,
        "Net Income From Continuing Operation Net Minority Interest": 539484000.0,
        "Reconciled Cost Of Revenue": 336011000.0,
        "EBITDA": 606647000.0,
        "EBIT": 606647000.0,
        "Net Interest Income": 4175000.0,
        "Interest Income": 4175000.0,
        "Normalized Income": 539484000.0,
        "Net Income From Continuing And Discontinued Operation": 539484000.0,
        "Total Expenses": 1168929000.0,
        "Total Operating Income As Reported": 606647000.0,
        "Diluted Average Shares": 53369546.0,
        "Basic Average Shares": 53369546.0,
        "Diluted EPS": 10.12,
        "Basic EPS": 10.12,
        "Diluted NI Availto Com Stockholders": 539484000.0,
        "Net Income Common Stockholders": 539484000.0,
        "Net Income": 539484000.0,
        "Minority Interests": 2000.0,
        "Net Income Including Noncontrolling Interests": 539482000.0,
        "Net Income Continuous Operations": 539482000.0,
        "Earnings From Equity Interest Net Of Tax": NaN,
        "Tax Provision": 123729000.0,
        "Pretax Income": 663211000.0,
        "Other Income Expense": 52389000.0,
        "Other Non Operating Income Expenses": 52389000.0,
        "Net Non Operating Interest Income Expense": 4175000.0,
        "Interest Income Non Operating": 4175000.0,
        "Operating Income": 606647000.0,
        "Operating Expense": 832918000.0,
        "Provision For Doubtful Accounts": 17541000.0,
        "Research And Development": 88088000.0,
        "Selling General And Administration": 727289000.0,
        "Selling And Marketing Expense": 674494000.0,
        "General And Administrative Expense": 52795000.0,
        "Other Gand A": 52795000.0,
        "Gross Profit": 1439565000.0,
        "Cost Of Revenue": 336011000.0,
        "Total Revenue": 1775576000.0,
        "Operating Revenue": 1775576000.0
    }
}