{
    "2023-03-31": {
        "Tax Effect Of Unusual Items": NaN,
        "Tax Rate For Calcs": NaN,
        "Normalized EBITDA": NaN,
        "Total Unusual Items": NaN,
        "Total Unusual Items Excluding Goodwill": NaN,
        "Net Income From Continuing Operation Net Minority Interest": NaN,
        "Reconciled Depreciation": NaN,
        "Reconciled Cost Of Revenue": NaN,
        "EBITDA": NaN,
        "EBIT": NaN,
        "Net Interest Income": NaN,
        "Interest Expense": NaN,
        "Normalized Income": NaN,
        "Net Income From Continuing And Discontinued Operation": NaN,
        "Total Expenses": NaN,
        "Total Operating Income As Reported": NaN,
        "Diluted Average Shares": NaN,
        "Basic Average Shares": NaN,
        "Diluted EPS": NaN,
        "Basic EPS": NaN,
        "Diluted NI Availto Com Stockholders": NaN,
        "Net Income Common Stockholders": NaN,
        "Otherunder Preferred Stock Dividend": NaN,
        "Net Income": NaN,
        "Minority Interests": NaN,
        "Net Income Including Noncontrolling Interests": NaN,
        "Net Income Continuous Operations": NaN,
        "Tax Provision": NaN,
        "Pretax Income": NaN,
        "Other Income Expense": NaN,
        "Other Non Operating Income Expenses": NaN,
        "Earnings From Equity Interest": NaN,
        "Gain On Sale Of Security": NaN,
        "Net Non Operating Interest Income Expense": NaN,
        "Interest Expense Non Operating": NaN,
        "Operating Income": NaN,
        "Operating Expense": NaN,
        "Other Operating Expenses": NaN,
        "Depreciation Amortization Depletion Income Statement": NaN,
        "Depreciation And Amortization In Income Statement": NaN,
        "Selling General And Administration": NaN,
        "Selling And Marketing Expense": NaN,
        "General And Administrative Expense": NaN,
        "Other Gand A": NaN,
        "Salaries And Wages": 55500000.0,
        "Gross Profit": NaN,
        "Cost Of Revenue": NaN,
        "Total Revenue": NaN,
        "Operating Revenue": NaN
    },
    "2022-12-31": {
        "Tax Effect Of Unusual Items": NaN,
        "Tax Rate For Calcs": NaN,
        "Normalized EBITDA": NaN,
        "Total Unusual Items": NaN,
        "Total Unusual Items Excluding Goodwill": NaN,
        "Net Income From Continuing Operation Net Minority Interest": NaN,
        "Reconciled Depreciation": NaN,
        "Reconciled Cost Of Revenue": NaN,
        "EBITDA": NaN,
        "EBIT": NaN,
        "Net Interest Income": NaN,
        "Interest Expense": NaN,
        "Normalized Income": NaN,
        "Net Income From Continuing And Discontinued Operation": NaN,
        "Total Expenses": NaN,
        "Total Operating Income As Reported": NaN,
        "Diluted Average Shares": NaN,
        "Basic Average Shares": NaN,
        "Diluted EPS": NaN,
        "Basic EPS": NaN,
        "Diluted NI Availto Com Stockholders": NaN,
        "Net Income Common Stockholders": NaN,
        "Otherunder Preferred Stock Dividend": NaN,
        "Net Income": NaN,
        "Minority Interests": NaN,
        "Net Income Including Noncontrolling Interests": NaN,
        "Net Income Continuous Operations": NaN,
        "Tax Provision": NaN,
        "Pretax Income": NaN,
        "Other Income Expense": NaN,
        "Other Non Operating Income Expenses": NaN,
        "Special Income Charges": -35800000.0,
        "Impairment Of Capital Assets": 35800000.0,
        "Earnings From Equity Interest": NaN,
        "Gain On Sale Of Security": NaN,
        "Net Non Operating Interest Income Expense": NaN,
        "Interest Expense Non Operating": NaN,
        "Operating Income": NaN,
        "Operating Expense": NaN,
        "Other Operating Expenses": NaN,
        "Depreciation Amortization Depletion Income Statement": NaN,
        "Depreciation And Amortization In Income Statement": NaN,
        "Selling General And Administration": NaN,
        "Selling And Marketing Expense": NaN,
        "General And Administrative Expense": NaN,
        "Other Gand A": NaN,
        "Salaries And Wages": 47500000.0,
        "Gross Profit": NaN,
        "Cost Of Revenue": NaN,
        "Total Revenue": NaN,
        "Operating Revenue": NaN
    },
    "2022-09-30": {
        "Tax Effect Of Unusual Items": NaN,
        "Tax Rate For Calcs": NaN,
        "Normalized EBITDA": NaN,
        "Total Unusual Items": NaN,
        "Total Unusual Items Excluding Goodwill": NaN,
        "Net Income From Continuing Operation Net Minority Interest": NaN,
        "Reconciled Depreciation": NaN,
        "Reconciled Cost Of Revenue": NaN,
        "EBITDA": NaN,
        "EBIT": NaN,
        "Net Interest Income": NaN,
        "Interest Expense": NaN,
        "Normalized Income": NaN,
        "Net Income From Continuing And Discontinued Operation": NaN,
        "Total Expenses": NaN,
        "Total Operating Income As Reported": NaN,
        "Diluted Average Shares": NaN,
        "Basic Average Shares": NaN,
        "Diluted EPS": NaN,
        "Basic EPS": NaN,
        "Diluted NI Availto Com Stockholders": NaN,
        "Net Income Common Stockholders": NaN,
        "Otherunder Preferred Stock Dividend": 3500000.0,
        "Net Income": NaN,
        "Minority Interests": NaN,
        "Net Income Including Noncontrolling Interests": NaN,
        "Net Income Continuous Operations": NaN,
        "Tax Provision": NaN,
        "Pretax Income": NaN,
        "Other Income Expense": NaN,
        "Other Non Operating Income Expenses": NaN,
        "Special Income Charges": 0.0,
        "Impairment Of Capital Assets": 0.0,
        "Earnings From Equity Interest": NaN,
        "Gain On Sale Of Security": NaN,
        "Net Non Operating Interest Income Expense": NaN,
        "Interest Expense Non Operating": NaN,
        "Operating Income": NaN,
        "Operating Expense": NaN,
        "Other Operating Expenses": NaN,
        "Depreciation Amortization Depletion Income Statement": NaN,
        "Depreciation And Amortization In Income Statement": NaN,
        "Selling General And Administration": NaN,
        "Selling And Marketing Expense": NaN,
        "General And Administrative Expense": NaN,
        "Other Gand A": NaN,
        "Salaries And Wages": 41100000.0,
        "Gross Profit": NaN,
        "Cost Of Revenue": NaN,
        "Total Revenue": NaN,
        "Operating Revenue": NaN
    },
    "2022-06-30": {
        "Tax Effect Of Unusual Items": -43840000.0,
        "Tax Rate For Calcs": 0.4,
        "Normalized EBITDA": 150100000.0,
        "Total Unusual Items": -109600000.0,
        "Total Unusual Items Excluding Goodwill": -109600000.0,
        "Net Income From Continuing Operation Net Minority Interest": 93900000.0,
        "Reconciled Depreciation": 7700000.0,
        "Reconciled Cost Of Revenue": 145000000.0,
        "EBITDA": 40500000.0,
        "EBIT": 32800000.0,
        "Net Interest Income": -3200000.0,
        "Interest Expense": 3200000.0,
        "Normalized Income": 159660000.0,
        "Net Income From Continuing And Discontinued Operation": 93900000.0,
        "Total Expenses": 411600000.0,
        "Total Operating Income As Reported": 143900000.0,
        "Diluted Average Shares": 162200000.0,
        "Basic Average Shares": 161900000.0,
        "Diluted EPS": 0.57,
        "Basic EPS": 0.58,
        "Diluted NI Availto Com Stockholders": 93900000.0,
        "Net Income Common Stockholders": 93900000.0,
        "Otherunder Preferred Stock Dividend": NaN,
        "Net Income": 93900000.0,
        "Minority Interests": 101000000.0,
        "Net Income Including Noncontrolling Interests": -7100000.0,
        "Net Income Continuous Operations": -7100000.0,
        "Tax Provision": 36700000.0,
        "Pretax Income": 29600000.0,
        "Other Income Expense": -111100000.0,
        "Other Non Operating Income Expenses": -1700000.0,
        "Special Income Charges": 0.0,
        "Impairment Of Capital Assets": 0.0,
        "Earnings From Equity Interest": 200000.0,
        "Gain On Sale Of Security": -109600000.0,
        "Net Non Operating Interest Income Expense": -3200000.0,
        "Interest Expense Non Operating": 3200000.0,
        "Operating Income": 143900000.0,
        "Operating Expense": 266600000.0,
        "Other Operating Expenses": 10300000.0,
        "Depreciation Amortization Depletion Income Statement": 7700000.0,
        "Depreciation And Amortization In Income Statement": 7700000.0,
        "Selling General And Administration": 258900000.0,
        "Selling And Marketing Expense": 135600000.0,
        "General And Administrative Expense": 123300000.0,
        "Other Gand A": 82600000.0,
        "Salaries And Wages": 40700000.0,
        "Gross Profit": 410500000.0,
        "Cost Of Revenue": 145000000.0,
        "Total Revenue": 555500000.0,
        "Operating Revenue": 506500000.0
    },
    "2023-06-30": {
        "Tax Effect Of Unusual Items": NaN,
        "Tax Rate For Calcs": NaN,
        "Normalized EBITDA": NaN,
        "Total Unusual Items": NaN,
        "Total Unusual Items Excluding Goodwill": NaN,
        "Net Income From Continuing Operation Net Minority Interest": NaN,
        "Reconciled Depreciation": NaN,
        "Reconciled Cost Of Revenue": NaN,
        "EBITDA": NaN,
        "EBIT": NaN,
        "Net Interest Income": NaN,
        "Interest Expense": NaN,
        "Normalized Income": NaN,
        "Net Income From Continuing And Discontinued Operation": NaN,
        "Total Expenses": NaN,
        "Total Operating Income As Reported": NaN,
        "Diluted Average Shares": NaN,
        "Basic Average Shares": NaN,
        "Diluted EPS": NaN,
        "Basic EPS": NaN,
        "Diluted NI Availto Com Stockholders": NaN,
        "Net Income Common Stockholders": NaN,
        "Otherunder Preferred Stock Dividend": 2700000.0,
        "Net Income": NaN,
        "Minority Interests": NaN,
        "Net Income Including Noncontrolling Interests": NaN,
        "Net Income Continuous Operations": NaN,
        "Tax Provision": NaN,
        "Pretax Income": NaN,
        "Other Income Expense": NaN,
        "Other Non Operating Income Expenses": NaN,
        "Earnings From Equity Interest": NaN,
        "Gain On Sale Of Security": NaN,
        "Net Non Operating Interest Income Expense": NaN,
        "Interest Expense Non Operating": NaN,
        "Operating Income": NaN,
        "Operating Expense": NaN,
        "Other Operating Expenses": NaN,
        "Depreciation Amortization Depletion Income Statement": NaN,
        "Depreciation And Amortization In Income Statement": NaN,
        "Selling General And Administration": NaN,
        "Selling And Marketing Expense": NaN,
        "General And Administrative Expense": NaN,
        "Other Gand A": NaN,
        "Salaries And Wages": 37600000.0,
        "Gross Profit": NaN,
        "Cost Of Revenue": NaN,
        "Total Revenue": NaN,
        "Operating Revenue": NaN
    },
    "2022-03-31": {
        "Diluted EPS": 0.61,
        "Total Revenue": 620,
        "Gross Profit": 620,
        "Operating Income": 157,
        "EBIT": 152,
        "Net Income": 101
    },
    "2021-12-31": {
        "Diluted EPS": 0.76,
        "Total Revenue": 697,
        "Gross Profit": 697,
        "Operating Income": 155,
        "EBIT": 274,
        "Net Income": 127
    },
    "2021-09-30": {
        "Diluted EPS": 1.14,
        "Total Revenue": 687,
        "Gross Profit": 687,
        "Operating Income": 248,
        "EBIT": 245,
        "Net Income": 191
    },
    "2021-06-30": {
        "Diluted EPS": 0.79,
        "Total Revenue": 738,
        "Gross Profit": 738,
        "Operating Income": 225,
        "EBIT": 222,
        "Net Income": 133
    },
    "2021-03-31": {
        "Diluted EPS": 0.88,
        "Total Revenue": 644,
        "Gross Profit": 644,
        "Operating Income": 193,
        "EBIT": 191,
        "Net Income": 151
    },
    "2020-12-31": {
        "Diluted EPS": 0.85,
        "Total Revenue": 657,
        "Gross Profit": 657,
        "Operating Income": 198,
        "EBIT": 743,
        "Net Income": 158
    },
    "2020-09-30": {
        "Diluted EPS": 0.65,
        "Total Revenue": 569,
        "Gross Profit": 569,
        "Operating Income": 157,
        "EBIT": 155,
        "Net Income": 115
    },
    "2020-06-30": {
        "Diluted EPS": 0.55,
        "Total Revenue": 518,
        "Gross Profit": 518,
        "Operating Income": 107,
        "EBIT": -382,
        "Net Income": 100
    },
    "2020-03-31": {
        "Diluted EPS": -1.35,
        "Total Revenue": 555,
        "Gross Profit": 555,
        "Operating Income": -332,
        "EBIT": 158,
        "Net Income": -247
    },
    "2019-12-31": {
        "Diluted EPS": 0.59,
        "Total Revenue": 601,
        "Gross Profit": 601,
        "Operating Income": 154,
        "EBIT": 158,
        "Net Income": 109
    },
    "2019-09-30": {
        "Diluted EPS": 0.58,
        "Total Revenue": 536,
        "Gross Profit": 536,
        "Operating Income": 144,
        "EBIT": 161,
        "Net Income": 109
    },
    "2019-06-30": {
        "Diluted EPS": 0.56,
        "Total Revenue": 536,
        "Gross Profit": 536,
        "Operating Income": 119,
        "EBIT": 127,
        "Net Income": 106
    },
    "2019-03-31": {
        "Diluted EPS": 0.48,
        "Total Revenue": 519,
        "Gross Profit": 519,
        "Operating Income": 125,
        "EBIT": 128,
        "Net Income": 92
    },
    "2018-12-31": {
        "Diluted EPS": 0.54,
        "Total Revenue": 545,
        "Gross Profit": 545,
        "Operating Income": 150,
        "EBIT": 156,
        "Net Income": 105
    },
    "2018-09-30": {
        "Diluted EPS": 0.55,
        "Total Revenue": 581,
        "Gross Profit": 581,
        "Operating Income": 148,
        "EBIT": 157,
        "Net Income": 108
    },
    "2018-06-30": {
        "Diluted EPS": 0.7,
        "Total Revenue": 592,
        "Gross Profit": 592,
        "Operating Income": 175,
        "EBIT": 179,
        "Net Income": 137
    },
    "2018-03-31": {
        "Diluted EPS": 0.82,
        "Total Revenue": 588,
        "Gross Profit": 588,
        "Operating Income": 176,
        "EBIT": 180,
        "Net Income": 161
    },
    "2017-12-31": {
        "Diluted EPS": 2.78,
        "Total Revenue": 622,
        "Gross Profit": 622,
        "Operating Income": 197,
        "EBIT": 207,
        "Net Income": 459
    },
    "2017-09-30": {
        "Diluted EPS": 0.49,
        "Total Revenue": 567,
        "Gross Profit": 567,
        "Operating Income": 138,
        "EBIT": 141,
        "Net Income": 97
    },
    "2017-06-30": {
        "Diluted EPS": 0.28,
        "Total Revenue": 397,
        "Gross Profit": 397,
        "Operating Income": 57,
        "EBIT": 56,
        "Net Income": 41
    },
    "2017-03-31": {
        "Diluted EPS": 0.38,
        "Total Revenue": 233,
        "Gross Profit": 233,
        "Operating Income": 51,
        "EBIT": 47,
        "Net Income": 42
    },
    "2016-12-31": {
        "Diluted EPS": 0.39,
        "Total Revenue": 268,
        "Gross Profit": 268,
        "Operating Income": 49,
        "EBIT": 37,
        "Net Income": 51
    },
    "2016-09-30": {
        "Diluted EPS": 0.46,
        "Total Revenue": 245,
        "Gross Profit": 245,
        "Operating Income": 64,
        "EBIT": 59,
        "Net Income": 53
    },
    "2016-06-30": {
        "Diluted EPS": 0.41,
        "Total Revenue": 257,
        "Gross Profit": 257,
        "Operating Income": 56,
        "EBIT": 29,
        "Net Income": 45
    },
    "2016-03-31": {
        "Diluted EPS": 0.4,
        "Total Revenue": 249,
        "Gross Profit": 249,
        "Operating Income": 63,
        "EBIT": 88,
        "Net Income": 35
    },
    "2015-12-31": {
        "Diluted EPS": 1.59,
        "Total Revenue": 347,
        "Gross Profit": 347,
        "Operating Income": 76,
        "EBIT": 33,
        "Net Income": 215
    },
    "2015-09-30": {
        "Diluted EPS": 0.21,
        "Total Revenue": 274,
        "Gross Profit": 274,
        "Operating Income": 83,
        "EBIT": 107,
        "Net Income": 20
    },
    "2015-06-30": {
        "Diluted EPS": 0.49,
        "Total Revenue": 272,
        "Gross Profit": 272,
        "Operating Income": 82,
        "EBIT": 104,
        "Net Income": 43
    },
    "2015-03-31": {
        "Diluted EPS": 0.49,
        "Total Revenue": 263,
        "Gross Profit": 263,
        "Operating Income": 76,
        "EBIT": 98,
        "Net Income": 43
    },
    "2014-12-31": {
        "Diluted EPS": 0.51,
        "Total Revenue": 255,
        "Gross Profit": 255,
        "Operating Income": 81,
        "EBIT": 96,
        "Net Income": 43
    },
    "2014-09-30": {
        "Diluted EPS": 0.47,
        "Total Revenue": 237,
        "Gross Profit": 237,
        "Operating Income": 72,
        "EBIT": 83,
        "Net Income": 40
    },
    "2014-06-30": {
        "Diluted EPS": 0.4,
        "Total Revenue": 231,
        "Gross Profit": 231,
        "Operating Income": 71,
        "EBIT": 83,
        "Net Income": 36
    },
    "2014-03-31": {
        "Diluted EPS": 0.34,
        "Total Revenue": 230,
        "Gross Profit": 230,
        "Operating Income": 67,
        "EBIT": 81,
        "Net Income": 31
    },
    "2013-12-31": {
        "Diluted EPS": 0.47,
        "Total Revenue": 226,
        "Gross Profit": 226,
        "Operating Income": 67,
        "EBIT": 83,
        "Net Income": 38
    },
    "2013-09-30": {
        "Diluted EPS": 0.36,
        "Total Revenue": 218,
        "Gross Profit": 218,
        "Operating Income": 59,
        "EBIT": 75,
        "Net Income": 33
    },
    "2013-06-30": {
        "Diluted EPS": 0.17,
        "Total Revenue": 216,
        "Gross Profit": 216,
        "Operating Income": 58,
        "EBIT": 75,
        "Net Income": 16
    },
    "2013-03-31": {
        "Diluted EPS": 0.32,
        "Total Revenue": 214,
        "Gross Profit": 214,
        "Operating Income": 55,
        "EBIT": 71,
        "Net Income": 28
    },
    "2012-12-31": {
        "Diluted EPS": 0.34,
        "Total Revenue": 217,
        "Gross Profit": 217,
        "Operating Income": 58,
        "EBIT": 77,
        "Net Income": 31
    },
    "2012-09-30": {
        "Diluted EPS": 0.3,
        "Total Revenue": 209,
        "Gross Profit": 209,
        "Operating Income": 48,
        "EBIT": 67,
        "Net Income": 25
    },
    "2012-06-30": {
        "Diluted EPS": 0.28,
        "Total Revenue": 206,
        "Gross Profit": 206,
        "Operating Income": 52,
        "EBIT": 69,
        "Net Income": 23
    },
    "2012-03-31": {
        "Diluted EPS": 0.25,
        "Total Revenue": 218,
        "Gross Profit": 218,
        "Operating Income": 57,
        "EBIT": 77,
        "Net Income": 23
    },
    "2011-12-31": {
        "Diluted EPS": 0.4,
        "Total Revenue": 216,
        "Gross Profit": 216,
        "Operating Income": 71,
        "EBIT": 84,
        "Net Income": 36
    },
    "2011-09-30": {
        "Diluted EPS": 0.32,
        "Total Revenue": 237,
        "Gross Profit": 237,
        "Operating Income": 74,
        "EBIT": 96,
        "Net Income": 27
    },
    "2011-06-30": {
        "Diluted EPS": 0.49,
        "Total Revenue": 264,
        "Gross Profit": 264,
        "Operating Income": 82,
        "EBIT": 104,
        "Net Income": 42
    },
    "2011-03-31": {
        "Diluted EPS": 0.45,
        "Total Revenue": 265,
        "Gross Profit": 265,
        "Operating Income": 85,
        "EBIT": 106,
        "Net Income": 38
    },
    "2010-12-31": {
        "Diluted EPS": 0.76,
        "Total Revenue": 276,
        "Gross Profit": 276,
        "Operating Income": 96,
        "EBIT": 123,
        "Net Income": 66
    },
    "2010-09-30": {
        "Diluted EPS": 0.38,
        "Total Revenue": 244,
        "Gross Profit": 244,
        "Operating Income": 57,
        "EBIT": 84,
        "Net Income": 33
    },
    "2010-06-30": {
        "Diluted EPS": 0.36,
        "Total Revenue": 249,
        "Gross Profit": 249,
        "Operating Income": 61,
        "EBIT": 89,
        "Net Income": 30
    },
    "2010-03-31": {
        "Diluted EPS": 0.36,
        "Total Revenue": 247,
        "Gross Profit": 247,
        "Operating Income": 67,
        "EBIT": 93,
        "Net Income": 31
    },
    "2009-12-31": {
        "Diluted EPS": 1.1,
        "Total Revenue": 251,
        "Gross Profit": 251,
        "Operating Income": 76,
        "EBIT": 98,
        "Net Income": 37
    },
    "2009-09-30": {
        "Diluted EPS": 0.11,
        "Total Revenue": 228,
        "Gross Profit": 228,
        "Operating Income": 30,
        "EBIT": 54,
        "Net Income": 8
    },
    "2009-06-30": {
        "Diluted EPS": 0.21,
        "Total Revenue": 200,
        "Gross Profit": 200,
        "Operating Income": 47,
        "EBIT": 65,
        "Net Income": 16
    },
    "2009-03-31": {
        "Diluted EPS": -11.06,
        "Total Revenue": 170,
        "Gross Profit": 170,
        "Operating Income": -830,
        "EBIT": 46,
        "Net Income": -818
    },
    "2023-09-30": {
        "Tax Effect Of Unusual Items": NaN,
        "Tax Rate For Calcs": NaN,
        "Normalized EBITDA": NaN,
        "Total Unusual Items": NaN,
        "Total Unusual Items Excluding Goodwill": NaN,
        "Net Income From Continuing Operation Net Minority Interest": NaN,
        "Reconciled Depreciation": NaN,
        "Reconciled Cost Of Revenue": NaN,
        "EBITDA": NaN,
        "EBIT": NaN,
        "Net Interest Income": NaN,
        "Interest Expense": NaN,
        "Normalized Income": NaN,
        "Net Income From Continuing And Discontinued Operation": NaN,
        "Total Expenses": NaN,
        "Total Operating Income As Reported": NaN,
        "Diluted Average Shares": NaN,
        "Basic Average Shares": NaN,
        "Diluted EPS": NaN,
        "Basic EPS": NaN,
        "Diluted NI Availto Com Stockholders": NaN,
        "Net Income Common Stockholders": NaN,
        "Otherunder Preferred Stock Dividend": 2800000.0,
        "Net Income": NaN,
        "Minority Interests": NaN,
        "Net Income Including Noncontrolling Interests": NaN,
        "Net Income Continuous Operations": NaN,
        "Tax Provision": NaN,
        "Pretax Income": NaN,
        "Other Income Expense": NaN,
        "Other Non Operating Income Expenses": NaN,
        "Earnings From Equity Interest": NaN,
        "Gain On Sale Of Security": NaN,
        "Net Non Operating Interest Income Expense": NaN,
        "Interest Expense Non Operating": NaN,
        "Operating Income": NaN,
        "Operating Expense": NaN,
        "Other Operating Expenses": NaN,
        "Depreciation Amortization Depletion Income Statement": NaN,
        "Depreciation And Amortization In Income Statement": NaN,
        "Selling General And Administration": NaN,
        "Selling And Marketing Expense": NaN,
        "General And Administrative Expense": NaN,
        "Other Gand A": NaN,
        "Gross Profit": NaN,
        "Cost Of Revenue": NaN,
        "Total Revenue": NaN,
        "Operating Revenue": NaN
    },
    "2023-12-31": {
        "Tax Effect Of Unusual Items": 4827313.769752,
        "Tax Rate For Calcs": 0.185666,
        "Normalized EBITDA": 159300000.0,
        "Total Unusual Items": 26000000.0,
        "Total Unusual Items Excluding Goodwill": 26000000.0,
        "Net Income From Continuing Operation Net Minority Interest": 121300000.0,
        "Reconciled Depreciation": 4900000.0,
        "Reconciled Cost Of Revenue": 168400000.0,
        "EBITDA": 185300000.0,
        "EBIT": 180400000.0,
        "Net Interest Income": -3200000.0,
        "Interest Expense": 3200000.0,
        "Normalized Income": 100127313.769752,
        "Net Income From Continuing And Discontinued Operation": 121300000.0,
        "Total Expenses": 424800000.0,
        "Total Operating Income As Reported": 143700000.0,
        "Diluted Average Shares": 160200000.0,
        "Basic Average Shares": 160100000.0,
        "Diluted EPS": 0.73579,
        "Basic EPS": 0.73579,
        "Diluted NI Availto Com Stockholders": 129100000.0,
        "Net Income Common Stockholders": 129100000.0,
        "Otherunder Preferred Stock Dividend": NaN,
        "Net Income": 121300000.0,
        "Minority Interests": -23000000.0,
        "Net Income Including Noncontrolling Interests": 144300000.0,
        "Net Income Continuous Operations": 144300000.0,
        "Tax Provision": 32900000.0,
        "Pretax Income": 177200000.0,
        "Other Income Expense": 36700000.0,
        "Other Non Operating Income Expenses": 11900000.0,
        "Earnings From Equity Interest": -1200000.0,
        "Gain On Sale Of Security": 26000000.0,
        "Net Non Operating Interest Income Expense": -3200000.0,
        "Interest Expense Non Operating": 3200000.0,
        "Operating Income": 143700000.0,
        "Operating Expense": 256400000.0,
        "Other Operating Expenses": 41700000.0,
        "Depreciation Amortization Depletion Income Statement": 4900000.0,
        "Depreciation And Amortization In Income Statement": 4900000.0,
        "Selling General And Administration": 209800000.0,
        "Selling And Marketing Expense": 122200000.0,
        "General And Administrative Expense": 87600000.0,
        "Other Gand A": 87600000.0,
        "Gross Profit": 400100000.0,
        "Cost Of Revenue": 168400000.0,
        "Total Revenue": 568500000.0,
        "Operating Revenue": 522400000.0
    },
    "2024-03-31": {
        "Tax Effect Of Unusual Items": NaN,
        "Tax Rate For Calcs": NaN,
        "Normalized EBITDA": NaN,
        "Total Unusual Items": NaN,
        "Total Unusual Items Excluding Goodwill": NaN,
        "Net Income From Continuing Operation Net Minority Interest": NaN,
        "Reconciled Depreciation": NaN,
        "Reconciled Cost Of Revenue": NaN,
        "EBITDA": NaN,
        "EBIT": NaN,
        "Net Interest Income": NaN,
        "Interest Expense": NaN,
        "Normalized Income": NaN,
        "Net Income From Continuing And Discontinued Operation": NaN,
        "Total Expenses": NaN,
        "Total Operating Income As Reported": NaN,
        "Diluted Average Shares": NaN,
        "Basic Average Shares": NaN,
        "Diluted EPS": NaN,
        "Basic EPS": NaN,
        "Diluted NI Availto Com Stockholders": NaN,
        "Net Income Common Stockholders": NaN,
        "Otherunder Preferred Stock Dividend": 3000000.0,
        "Net Income": NaN,
        "Minority Interests": NaN,
        "Net Income Including Noncontrolling Interests": NaN,
        "Net Income Continuous Operations": NaN,
        "Tax Provision": NaN,
        "Pretax Income": NaN,
        "Other Income Expense": NaN,
        "Other Non Operating Income Expenses": NaN,
        "Earnings From Equity Interest": NaN,
        "Gain On Sale Of Security": NaN,
        "Net Non Operating Interest Income Expense": NaN,
        "Interest Expense Non Operating": NaN,
        "Operating Income": NaN,
        "Operating Expense": NaN,
        "Other Operating Expenses": NaN,
        "Depreciation Amortization Depletion Income Statement": NaN,
        "Depreciation And Amortization In Income Statement": NaN,
        "Selling General And Administration": NaN,
        "Selling And Marketing Expense": NaN,
        "General And Administrative Expense": NaN,
        "Other Gand A": NaN,
        "Gross Profit": NaN,
        "Cost Of Revenue": NaN,
        "Total Revenue": NaN,
        "Operating Revenue": NaN
    },
    "2024-06-30": {
        "Tax Effect Of Unusual Items": NaN,
        "Tax Rate For Calcs": NaN,
        "Normalized EBITDA": NaN,
        "Total Unusual Items": NaN,
        "Total Unusual Items Excluding Goodwill": NaN,
        "Net Income From Continuing Operation Net Minority Interest": NaN,
        "Reconciled Depreciation": NaN,
        "Reconciled Cost Of Revenue": NaN,
        "EBITDA": NaN,
        "EBIT": NaN,
        "Net Interest Income": NaN,
        "Interest Expense": NaN,
        "Normalized Income": NaN,
        "Net Income From Continuing And Discontinued Operation": NaN,
        "Total Expenses": NaN,
        "Total Operating Income As Reported": NaN,
        "Diluted Average Shares": NaN,
        "Basic Average Shares": NaN,
        "Diluted EPS": NaN,
        "Basic EPS": NaN,
        "Diluted NI Availto Com Stockholders": NaN,
        "Net Income Common Stockholders": NaN,
        "Otherunder Preferred Stock Dividend": 3200000.0,
        "Net Income": NaN,
        "Minority Interests": NaN,
        "Net Income Including Noncontrolling Interests": NaN,
        "Net Income Continuous Operations": NaN,
        "Tax Provision": NaN,
        "Pretax Income": NaN,
        "Other Income Expense": NaN,
        "Other Non Operating Income Expenses": NaN,
        "Special Income Charges": NaN,
        "Impairment Of Capital Assets": NaN,
        "Earnings From Equity Interest": NaN,
        "Gain On Sale Of Security": NaN,
        "Net Non Operating Interest Income Expense": NaN,
        "Interest Expense Non Operating": NaN,
        "Operating Income": NaN,
        "Operating Expense": NaN,
        "Other Operating Expenses": NaN,
        "Depreciation Amortization Depletion Income Statement": NaN,
        "Depreciation And Amortization In Income Statement": NaN,
        "Selling General And Administration": NaN,
        "Selling And Marketing Expense": NaN,
        "General And Administrative Expense": NaN,
        "Other Gand A": NaN,
        "Gross Profit": NaN,
        "Cost Of Revenue": NaN,
        "Total Revenue": NaN,
        "Operating Revenue": NaN
    },
    "2024-09-30": {
        "Tax Effect Of Unusual Items": 7560000.0,
        "Tax Rate For Calcs": 0.21,
        "Normalized EBITDA": 67600000.0,
        "Total Unusual Items": 36000000.0,
        "Total Unusual Items Excluding Goodwill": 36000000.0,
        "Net Income From Continuing Operation Net Minority Interest": 27300000.0,
        "Reconciled Depreciation": 5500000.0,
        "Reconciled Cost Of Revenue": 194700000.0,
        "EBITDA": 103600000.0,
        "EBIT": 98100000.0,
        "Net Interest Income": -4500000.0,
        "Interest Expense": 4500000.0,
        "Normalized Income": -1140000.0,
        "Net Income From Continuing And Discontinued Operation": 27300000.0,
        "Total Expenses": 460100000.0,
        "Total Operating Income As Reported": 164700000.0,
        "Diluted Average Shares": NaN,
        "Basic Average Shares": NaN,
        "Diluted EPS": NaN,
        "Basic EPS": NaN,
        "Diluted NI Availto Com Stockholders": 26600000.0,
        "Net Income Common Stockholders": 26600000.0,
        "Otherunder Preferred Stock Dividend": 700000.0,
        "Net Income": 27300000.0,
        "Minority Interests": -22700000.0,
        "Net Income Including Noncontrolling Interests": 50000000.0,
        "Net Income Continuous Operations": 50000000.0,
        "Tax Provision": 43600000.0,
        "Pretax Income": 93600000.0,
        "Other Income Expense": -66600000.0,
        "Other Non Operating Income Expenses": -101600000.0,
        "Special Income Charges": NaN,
        "Impairment Of Capital Assets": NaN,
        "Earnings From Equity Interest": -1000000.0,
        "Gain On Sale Of Security": 36000000.0,
        "Net Non Operating Interest Income Expense": -4500000.0,
        "Interest Expense Non Operating": 4500000.0,
        "Operating Income": 164700000.0,
        "Operating Expense": 265400000.0,
        "Other Operating Expenses": 40500000.0,
        "Depreciation Amortization Depletion Income Statement": 5500000.0,
        "Depreciation And Amortization In Income Statement": 5500000.0,
        "Selling General And Administration": 219400000.0,
        "Selling And Marketing Expense": 142000000.0,
        "General And Administrative Expense": 77400000.0,
        "Other Gand A": 77400000.0,
        "Gross Profit": 430100000.0,
        "Cost Of Revenue": 194700000.0,
        "Total Revenue": 624800000.0,
        "Operating Revenue": 572800000.0
    },
    "2024-12-31": {
        "Tax Effect Of Unusual Items": 2282352.941176,
        "Tax Rate For Calcs": 0.285294,
        "Normalized EBITDA": 177800000.0,
        "Total Unusual Items": 8000000.0,
        "Total Unusual Items Excluding Goodwill": 8000000.0,
        "Net Income From Continuing Operation Net Minority Interest": 121800000.0,
        "Reconciled Depreciation": 8600000.0,
        "Reconciled Cost Of Revenue": 222500000.0,
        "EBITDA": 185800000.0,
        "EBIT": 177200000.0,
        "Net Interest Income": -7200000.0,
        "Interest Expense": 7200000.0,
        "Normalized Income": 116082352.941176,
        "Net Income From Continuing And Discontinued Operation": 121800000.0,
        "Total Expenses": 510800000.0,
        "Total Operating Income As Reported": 197500000.0,
        "Diluted Average Shares": 154800000.0,
        "Basic Average Shares": 154200000.0,
        "Diluted EPS": 0.76978,
        "Basic EPS": 0.76978,
        "Diluted NI Availto Com Stockholders": 128600000.0,
        "Net Income Common Stockholders": 128600000.0,
        "Otherunder Preferred Stock Dividend": NaN,
        "Net Income": 121800000.0,
        "Minority Interests": 300000.0,
        "Net Income Including Noncontrolling Interests": 121500000.0,
        "Net Income Continuous Operations": 121500000.0,
        "Tax Provision": 48500000.0,
        "Pretax Income": 170000000.0,
        "Other Income Expense": -20300000.0,
        "Other Non Operating Income Expenses": -27200000.0,
        "Special Income Charges": NaN,
        "Impairment Of Capital Assets": NaN,
        "Earnings From Equity Interest": -1100000.0,
        "Gain On Sale Of Security": 8000000.0,
        "Net Non Operating Interest Income Expense": -7200000.0,
        "Interest Expense Non Operating": 7200000.0,
        "Operating Income": 197500000.0,
        "Operating Expense": 288300000.0,
        "Other Operating Expenses": 39300000.0,
        "Depreciation Amortization Depletion Income Statement": 8600000.0,
        "Depreciation And Amortization In Income Statement": 8600000.0,
        "Selling General And Administration": 240400000.0,
        "Selling And Marketing Expense": 152500000.0,
        "General And Administrative Expense": 87900000.0,
        "Other Gand A": 87900000.0,
        "Gross Profit": 485800000.0,
        "Cost Of Revenue": 222500000.0,
        "Total Revenue": 708300000.0,
        "Operating Revenue": 653800000.0
    },
    "2025-03-31": {
        "Tax Effect Of Unusual Items": -836000.0,
        "Tax Rate For Calcs": 0.22,
        "Normalized EBITDA": 166800000.0,
        "Total Unusual Items": -3800000.0,
        "Total Unusual Items Excluding Goodwill": -3800000.0,
        "Net Income From Continuing Operation Net Minority Interest": 120700000.0,
        "Reconciled Depreciation": 8500000.0,
        "Reconciled Cost Of Revenue": 197600000.0,
        "EBITDA": 163000000.0,
        "EBIT": 154500000.0,
        "Net Interest Income": -5900000.0,
        "Interest Expense": 5900000.0,
        "Normalized Income": 123664000.0,
        "Net Income From Continuing And Discontinued Operation": 120700000.0,
        "Total Expenses": 467800000.0,
        "Total Operating Income As Reported": 153600000.0,
        "Diluted Average Shares": 154500000.0,
        "Basic Average Shares": 153900000.0,
        "Diluted EPS": 0.77,
        "Basic EPS": 0.77,
        "Diluted NI Availto Com Stockholders": 118300000.0,
        "Net Income Common Stockholders": 118300000.0,
        "Otherunder Preferred Stock Dividend": 2400000.0,
        "Net Income": 120700000.0,
        "Minority Interests": 4700000.0,
        "Net Income Including Noncontrolling Interests": 116000000.0,
        "Net Income Continuous Operations": 116000000.0,
        "Tax Provision": 32600000.0,
        "Pretax Income": 148600000.0,
        "Other Income Expense": 900000.0,
        "Other Non Operating Income Expenses": 6400000.0,
        "Special Income Charges": NaN,
        "Impairment Of Capital Assets": NaN,
        "Earnings From Equity Interest": -1700000.0,
        "Gain On Sale Of Security": -3800000.0,
        "Net Non Operating Interest Income Expense": -5900000.0,
        "Interest Expense Non Operating": 5900000.0,
        "Operating Income": 153600000.0,
        "Operating Expense": 270200000.0,
        "Other Operating Expenses": 44100000.0,
        "Depreciation Amortization Depletion Income Statement": 8500000.0,
        "Depreciation And Amortization In Income Statement": 8500000.0,
        "Selling General And Administration": 217600000.0,
        "Selling And Marketing Expense": 142000000.0,
        "General And Administrative Expense": 75600000.0,
        "Other Gand A": 75600000.0,
        "Gross Profit": 423800000.0,
        "Cost Of Revenue": 197600000.0,
        "Total Revenue": 621400000.0,
        "Operating Revenue": 570800000.0
    },
    "2025-06-30": {
        "Tax Effect Of Unusual Items": 11056800.0,
        "Tax Rate For Calcs": 0.204,
        "Normalized EBITDA": 191800000.0,
        "Total Unusual Items": 54200000.0,
        "Total Unusual Items Excluding Goodwill": 54200000.0,
        "Net Income From Continuing Operation Net Minority Interest": 149900000.0,
        "Reconciled Depreciation": 8500000.0,
        "Reconciled Cost Of Revenue": 195900000.0,
        "EBITDA": 246000000.0,
        "EBIT": 237500000.0,
        "Net Interest Income": -5900000.0,
        "Interest Expense": 5900000.0,
        "Normalized Income": 106756800.0,
        "Net Income From Continuing And Discontinued Operation": 149900000.0,
        "Total Expenses": 469400000.0,
        "Total Operating Income As Reported": 163800000.0,
        "Diluted Average Shares": 154400000.0,
        "Basic Average Shares": 153900000.0,
        "Diluted EPS": 0.95,
        "Basic EPS": 0.95,
        "Diluted NI Availto Com Stockholders": 146500000.0,
        "Net Income Common Stockholders": 146500000.0,
        "Otherunder Preferred Stock Dividend": 3400000.0,
        "Net Income": 149900000.0,
        "Minority Interests": -34500000.0,
        "Net Income Including Noncontrolling Interests": 184400000.0,
        "Net Income Continuous Operations": 184400000.0,
        "Tax Provision": 47200000.0,
        "Pretax Income": 231600000.0,
        "Other Income Expense": 73700000.0,
        "Other Non Operating Income Expenses": 21100000.0,
        "Special Income Charges": NaN,
        "Impairment Of Capital Assets": NaN,
        "Earnings From Equity Interest": -1600000.0,
        "Gain On Sale Of Security": 54200000.0,
        "Net Non Operating Interest Income Expense": -5900000.0,
        "Interest Expense Non Operating": 5900000.0,
        "Operating Income": 163800000.0,
        "Operating Expense": 273500000.0,
        "Other Operating Expenses": 39700000.0,
        "Depreciation Amortization Depletion Income Statement": 8500000.0,
        "Depreciation And Amortization In Income Statement": 8500000.0,
        "Selling General And Administration": 225300000.0,
        "Selling And Marketing Expense": 144900000.0,
        "General And Administrative Expense": 80400000.0,
        "Other Gand A": 80400000.0,
        "Gross Profit": 437300000.0,
        "Cost Of Revenue": 195900000.0,
        "Total Revenue": 633200000.0,
        "Operating Revenue": 581800000.0
    },
    "2025-09-30": {
        "Tax Effect Of Unusual Items": 9620000.0,
        "Tax Rate For Calcs": 0.2,
        "Normalized EBITDA": 193600000.0,
        "Total Unusual Items": 48100000.0,
        "Total Unusual Items Excluding Goodwill": 48100000.0,
        "Net Income From Continuing Operation Net Minority Interest": 142100000.0,
        "Reconciled Depreciation": 9400000.0,
        "Reconciled Cost Of Revenue": 222200000.0,
        "EBITDA": 241700000.0,
        "EBIT": 232300000.0,
        "Net Interest Income": -6300000.0,
        "Interest Expense": 6300000.0,
        "Normalized Income": 103620000.0,
        "Net Income From Continuing And Discontinued Operation": 142100000.0,
        "Total Expenses": 520300000.0,
        "Total Operating Income As Reported": 172000000.0,
        "Diluted Average Shares": 151300000.0,
        "Basic Average Shares": 150600000.0,
        "Diluted EPS": 0.92,
        "Basic EPS": 0.92,
        "Diluted NI Availto Com Stockholders": 138800000.0,
        "Net Income Common Stockholders": 138800000.0,
        "Otherunder Preferred Stock Dividend": 3300000.0,
        "Net Income": 142100000.0,
        "Minority Interests": -38900000.0,
        "Net Income Including Noncontrolling Interests": 181000000.0,
        "Net Income Continuous Operations": 181000000.0,
        "Tax Provision": 45000000.0,
        "Pretax Income": 226000000.0,
        "Other Income Expense": 52200000.0,
        "Other Non Operating Income Expenses": 5200000.0,
        "Special Income Charges": -8100000.0,
        "Impairment Of Capital Assets": 8100000.0,
        "Earnings From Equity Interest": -1100000.0,
        "Gain On Sale Of Security": 56200000.0,
        "Net Non Operating Interest Income Expense": -6300000.0,
        "Interest Expense Non Operating": 6300000.0,
        "Operating Income": 180100000.0,
        "Operating Expense": 298100000.0,
        "Other Operating Expenses": 47800000.0,
        "Depreciation Amortization Depletion Income Statement": 9400000.0,
        "Depreciation And Amortization In Income Statement": 9400000.0,
        "Selling General And Administration": 240900000.0,
        "Selling And Marketing Expense": 156300000.0,
        "General And Administrative Expense": 84600000.0,
        "Other Gand A": 84600000.0,
        "Gross Profit": 478200000.0,
        "Cost Of Revenue": 222200000.0,
        "Total Revenue": 700400000.0,
        "Operating Revenue": 645600000.0
    },
    "2025-12-31": {
        "Tax Effect Of Unusual Items": NaN,
        "Tax Rate For Calcs": NaN,
        "Normalized EBITDA": NaN,
        "Total Unusual Items": NaN,
        "Total Unusual Items Excluding Goodwill": NaN,
        "Net Income From Continuing Operation Net Minority Interest": NaN,
        "Reconciled Depreciation": NaN,
        "Reconciled Cost Of Revenue": NaN,
        "EBITDA": NaN,
        "EBIT": NaN,
        "Net Interest Income": NaN,
        "Interest Expense": NaN,
        "Normalized Income": NaN,
        "Net Income From Continuing And Discontinued Operation": NaN,
        "Total Expenses": NaN,
        "Total Operating Income As Reported": NaN,
        "Diluted Average Shares": 150400000.0,
        "Basic Average Shares": 149600000.0,
        "Diluted EPS": 2.62,
        "Basic EPS": 2.63369,
        "Diluted NI Availto Com Stockholders": NaN,
        "Net Income Common Stockholders": NaN,
        "Otherunder Preferred Stock Dividend": NaN,
        "Net Income": NaN,
        "Minority Interests": NaN,
        "Net Income Including Noncontrolling Interests": NaN,
        "Net Income Continuous Operations": NaN,
        "Tax Provision": NaN,
        "Pretax Income": NaN,
        "Other Income Expense": NaN,
        "Other Non Operating Income Expenses": NaN,
        "Special Income Charges": NaN,
        "Impairment Of Capital Assets": NaN,
        "Earnings From Equity Interest": NaN,
        "Gain On Sale Of Security": NaN,
        "Net Non Operating Interest Income Expense": NaN,
        "Interest Expense Non Operating": NaN,
        "Operating Income": NaN,
        "Operating Expense": NaN,
        "Other Operating Expenses": NaN,
        "Depreciation Amortization Depletion Income Statement": NaN,
        "Depreciation And Amortization In Income Statement": NaN,
        "Selling General And Administration": NaN,
        "Selling And Marketing Expense": NaN,
        "General And Administrative Expense": NaN,
        "Other Gand A": NaN,
        "Gross Profit": NaN,
        "Cost Of Revenue": NaN,
        "Total Revenue": NaN,
        "Operating Revenue": NaN
    }
}