{
    "2023-03-31": {
        "Tax Effect Of Unusual Items": NaN,
        "Tax Rate For Calcs": NaN,
        "Normalized EBITDA": NaN,
        "Total Unusual Items": NaN,
        "Total Unusual Items Excluding Goodwill": NaN,
        "Net Income From Continuing Operation Net Minority Interest": NaN,
        "Reconciled Depreciation": NaN,
        "Reconciled Cost Of Revenue": NaN,
        "EBITDA": NaN,
        "EBIT": NaN,
        "Net Interest Income": NaN,
        "Interest Expense": NaN,
        "Normalized Income": NaN,
        "Net Income From Continuing And Discontinued Operation": NaN,
        "Total Expenses": NaN,
        "Total Operating Income As Reported": NaN,
        "Diluted Average Shares": NaN,
        "Basic Average Shares": NaN,
        "Diluted EPS": NaN,
        "Basic EPS": NaN,
        "Diluted NI Availto Com Stockholders": NaN,
        "Net Income Common Stockholders": NaN,
        "Net Income": NaN,
        "Net Income Including Noncontrolling Interests": NaN,
        "Net Income Continuous Operations": NaN,
        "Tax Provision": NaN,
        "Pretax Income": NaN,
        "Other Income Expense": NaN,
        "Other Non Operating Income Expenses": NaN,
        "Special Income Charges": NaN,
        "Other Special Charges": NaN,
        "Impairment Of Capital Assets": NaN,
        "Restructuring And Mergern Acquisition": NaN,
        "Gain On Sale Of Security": 500000.0,
        "Net Non Operating Interest Income Expense": NaN,
        "Interest Expense Non Operating": NaN,
        "Operating Income": NaN,
        "Operating Expense": NaN,
        "Research And Development": NaN,
        "Selling General And Administration": NaN,
        "Gross Profit": NaN,
        "Cost Of Revenue": NaN,
        "Total Revenue": NaN,
        "Operating Revenue": NaN
    },
    "2022-12-31": {
        "Tax Effect Of Unusual Items": NaN,
        "Tax Rate For Calcs": NaN,
        "Normalized EBITDA": NaN,
        "Total Unusual Items": NaN,
        "Total Unusual Items Excluding Goodwill": NaN,
        "Net Income From Continuing Operation Net Minority Interest": NaN,
        "Reconciled Depreciation": NaN,
        "Reconciled Cost Of Revenue": NaN,
        "EBITDA": NaN,
        "EBIT": NaN,
        "Net Interest Income": NaN,
        "Interest Expense": NaN,
        "Normalized Income": NaN,
        "Net Income From Continuing And Discontinued Operation": NaN,
        "Total Expenses": NaN,
        "Total Operating Income As Reported": NaN,
        "Diluted Average Shares": 445900000.0,
        "Basic Average Shares": 445400000.0,
        "Diluted EPS": 0.22,
        "Basic EPS": 0.22,
        "Diluted NI Availto Com Stockholders": NaN,
        "Net Income Common Stockholders": NaN,
        "Net Income": NaN,
        "Net Income Including Noncontrolling Interests": NaN,
        "Net Income Continuous Operations": NaN,
        "Tax Provision": NaN,
        "Pretax Income": NaN,
        "Other Income Expense": NaN,
        "Other Non Operating Income Expenses": NaN,
        "Special Income Charges": NaN,
        "Other Special Charges": NaN,
        "Impairment Of Capital Assets": 0.0,
        "Gain On Sale Of Security": -3000000.0,
        "Net Non Operating Interest Income Expense": NaN,
        "Interest Expense Non Operating": NaN,
        "Operating Income": NaN,
        "Operating Expense": NaN,
        "Research And Development": NaN,
        "Selling General And Administration": NaN,
        "Gross Profit": NaN,
        "Cost Of Revenue": NaN,
        "Total Revenue": NaN,
        "Operating Revenue": NaN
    },
    "2022-09-30": {
        "Tax Effect Of Unusual Items": NaN,
        "Tax Rate For Calcs": NaN,
        "Normalized EBITDA": NaN,
        "Total Unusual Items": NaN,
        "Total Unusual Items Excluding Goodwill": NaN,
        "Net Income From Continuing Operation Net Minority Interest": NaN,
        "Reconciled Depreciation": NaN,
        "Reconciled Cost Of Revenue": NaN,
        "EBITDA": NaN,
        "EBIT": NaN,
        "Net Interest Income": NaN,
        "Interest Expense": NaN,
        "Normalized Income": NaN,
        "Net Income From Continuing And Discontinued Operation": NaN,
        "Total Expenses": NaN,
        "Total Operating Income As Reported": NaN,
        "Diluted Average Shares": 446100000.0,
        "Basic Average Shares": 445500000.0,
        "Diluted EPS": 0.38,
        "Basic EPS": 0.38,
        "Diluted NI Availto Com Stockholders": NaN,
        "Net Income Common Stockholders": NaN,
        "Net Income": NaN,
        "Net Income Including Noncontrolling Interests": NaN,
        "Net Income Continuous Operations": NaN,
        "Tax Provision": NaN,
        "Pretax Income": NaN,
        "Other Income Expense": NaN,
        "Other Non Operating Income Expenses": NaN,
        "Special Income Charges": NaN,
        "Other Special Charges": NaN,
        "Impairment Of Capital Assets": 0.0,
        "Gain On Sale Of Security": NaN,
        "Net Non Operating Interest Income Expense": NaN,
        "Interest Expense Non Operating": NaN,
        "Operating Income": NaN,
        "Operating Expense": NaN,
        "Research And Development": NaN,
        "Selling General And Administration": NaN,
        "Gross Profit": NaN,
        "Cost Of Revenue": NaN,
        "Total Revenue": NaN,
        "Operating Revenue": NaN
    },
    "2022-06-30": {
        "Tax Effect Of Unusual Items": 3059067.357513,
        "Tax Rate For Calcs": 0.231748,
        "Normalized EBITDA": 248400000.0,
        "Total Unusual Items": 13200000.0,
        "Total Unusual Items Excluding Goodwill": 13200000.0,
        "Net Income From Continuing Operation Net Minority Interest": 163100000.0,
        "Reconciled Depreciation": 40500000.0,
        "Reconciled Cost Of Revenue": 661800000.0,
        "EBITDA": 261600000.0,
        "EBIT": 221100000.0,
        "Net Interest Income": -8800000.0,
        "Interest Expense": 8800000.0,
        "Normalized Income": 152959067.357513,
        "Net Income From Continuing And Discontinued Operation": 163100000.0,
        "Total Expenses": 792800000.0,
        "Total Operating Income As Reported": 221300000.0,
        "Diluted Average Shares": 445900000.0,
        "Basic Average Shares": 445400000.0,
        "Diluted EPS": 0.37,
        "Basic EPS": 0.37,
        "Diluted NI Availto Com Stockholders": 163100000.0,
        "Net Income Common Stockholders": 163100000.0,
        "Net Income": 163100000.0,
        "Net Income Including Noncontrolling Interests": 163100000.0,
        "Net Income Continuous Operations": 163100000.0,
        "Tax Provision": 49200000.0,
        "Pretax Income": 212300000.0,
        "Other Income Expense": 13000000.0,
        "Other Non Operating Income Expenses": -200000.0,
        "Special Income Charges": -400000.0,
        "Other Special Charges": 400000.0,
        "Gain On Sale Of Security": 13600000.0,
        "Net Non Operating Interest Income Expense": -8800000.0,
        "Interest Expense Non Operating": 8800000.0,
        "Operating Income": 208100000.0,
        "Operating Expense": 131000000.0,
        "Research And Development": 9400000.0,
        "Selling General And Administration": 121600000.0,
        "Gross Profit": 339100000.0,
        "Cost Of Revenue": 661800000.0,
        "Total Revenue": 1000900000.0,
        "Operating Revenue": 1000900000.0
    },
    "2022-03-31": {
        "Diluted EPS": 0.12,
        "Total Revenue": 968,
        "Gross Profit": 354,
        "Operating Income": 82,
        "EBIT": 82,
        "Net Income": 52
    },
    "2021-12-31": {
        "Diluted EPS": 0.3,
        "Total Revenue": 900,
        "Gross Profit": 323,
        "Operating Income": 202,
        "EBIT": 243,
        "Net Income": 135
    },
    "2021-09-30": {
        "Diluted EPS": 0.34,
        "Total Revenue": 903,
        "Gross Profit": 329,
        "Operating Income": 215,
        "EBIT": 255,
        "Net Income": 150
    },
    "2021-06-30": {
        "Diluted EPS": 0.27,
        "Total Revenue": 843,
        "Gross Profit": 308,
        "Operating Income": 183,
        "EBIT": 221,
        "Net Income": 121
    },
    "2021-03-31": {
        "Diluted EPS": 0.22,
        "Total Revenue": 807,
        "Gross Profit": 291,
        "Operating Income": 145,
        "EBIT": 183,
        "Net Income": 98
    },
    "2020-12-31": {
        "Diluted EPS": 0.15,
        "Total Revenue": 739,
        "Gross Profit": 272,
        "Operating Income": 132,
        "EBIT": 166,
        "Net Income": 69
    },
    "2020-09-30": {
        "Diluted EPS": 0.2,
        "Total Revenue": 737,
        "Gross Profit": 269,
        "Operating Income": 147,
        "EBIT": 178,
        "Net Income": 87
    },
    "2020-06-30": {
        "Diluted EPS": 0.02,
        "Total Revenue": 626,
        "Gross Profit": 220,
        "Operating Income": 50,
        "EBIT": 81,
        "Net Income": 9
    },
    "2020-03-31": {
        "Diluted EPS": 0.01,
        "Total Revenue": 673,
        "Gross Profit": 240,
        "Operating Income": -31,
        "EBIT": 7,
        "Net Income": 6
    },
    "2019-12-31": {
        "Diluted EPS": 0.1,
        "Total Revenue": 617,
        "Gross Profit": 221,
        "Operating Income": 88,
        "EBIT": 118,
        "Net Income": 46
    },
    "2019-09-30": {
        "Diluted EPS": 0.23,
        "Total Revenue": 660,
        "Gross Profit": 240,
        "Operating Income": 153,
        "EBIT": 185,
        "Net Income": 103
    },
    "2019-06-30": {
        "Diluted EPS": 0.2,
        "Total Revenue": 657,
        "Gross Profit": 233,
        "Operating Income": 133,
        "EBIT": 164,
        "Net Income": 87
    },
    "2019-03-31": {
        "Diluted EPS": 0.01,
        "Total Revenue": 625,
        "Gross Profit": 211,
        "Operating Income": 23,
        "EBIT": 53,
        "Net Income": 1
    },
    "2018-12-31": {
        "Diluted EPS": 0.15,
        "Total Revenue": 586,
        "Gross Profit": 192,
        "Operating Income": 98,
        "EBIT": 127,
        "Net Income": 68
    },
    "2018-09-30": {
        "Diluted EPS": 0.16,
        "Total Revenue": 645,
        "Gross Profit": 207,
        "Operating Income": 100,
        "EBIT": 130,
        "Net Income": 70
    },
    "2018-06-30": {
        "Diluted EPS": 0.2,
        "Total Revenue": 651,
        "Gross Profit": 221,
        "Operating Income": 132,
        "EBIT": 160,
        "Net Income": 91
    },
    "2018-03-31": {
        "Diluted EPS": -0.13,
        "Total Revenue": 526,
        "Gross Profit": 191,
        "Operating Income": -96,
        "EBIT": -72,
        "Net Income": -58
    },
    "2017-12-31": {
        "Diluted EPS": 0.18,
        "Total Revenue": 495,
        "Gross Profit": 183,
        "Operating Income": 144,
        "EBIT": 167,
        "Net Income": 80
    },
    "2017-09-30": {
        "Diluted EPS": 0.15,
        "Total Revenue": 526,
        "Gross Profit": 187,
        "Operating Income": 97,
        "EBIT": 121,
        "Net Income": 66
    },
    "2017-06-30": {
        "Diluted EPS": 0.13,
        "Total Revenue": 508,
        "Gross Profit": 169,
        "Operating Income": 84,
        "EBIT": 106,
        "Net Income": 57
    },
    "2017-03-31": {
        "Diluted EPS": 0.1,
        "Total Revenue": 494,
        "Gross Profit": 161,
        "Operating Income": 78,
        "EBIT": 99,
        "Net Income": 45
    },
    "2016-12-31": {
        "Diluted EPS": 0.2,
        "Total Revenue": 454,
        "Gross Profit": 155,
        "Operating Income": 109,
        "EBIT": 131,
        "Net Income": 88
    },
    "2016-09-30": {
        "Diluted EPS": 0.13,
        "Total Revenue": 496,
        "Gross Profit": 182,
        "Operating Income": 89,
        "EBIT": 109,
        "Net Income": 57
    },
    "2016-06-30": {
        "Diluted EPS": 0.19,
        "Total Revenue": 478,
        "Gross Profit": 177,
        "Operating Income": 118,
        "EBIT": 137,
        "Net Income": 87
    },
    "2016-03-31": {
        "Diluted EPS": 0.07,
        "Total Revenue": 436,
        "Gross Profit": 160,
        "Operating Income": 56,
        "EBIT": 81,
        "Net Income": 29
    },
    "2015-12-31": {
        "Diluted EPS": 0.06,
        "Total Revenue": 414,
        "Gross Profit": 150,
        "Operating Income": 52,
        "EBIT": 71,
        "Net Income": 25
    },
    "2015-09-30": {
        "Diluted EPS": 0.29,
        "Total Revenue": 450,
        "Gross Profit": 165,
        "Operating Income": 161,
        "EBIT": 179,
        "Net Income": 130
    },
    "2015-06-30": {
        "Diluted EPS": 0.13,
        "Total Revenue": 428,
        "Gross Profit": 158,
        "Operating Income": 85,
        "EBIT": 103,
        "Net Income": 60
    },
    "2015-03-31": {
        "Diluted EPS": 0.06,
        "Total Revenue": 411,
        "Gross Profit": 153,
        "Operating Income": 46,
        "EBIT": 65,
        "Net Income": 28
    },
    "2014-12-31": {
        "Diluted EPS": 0.24,
        "Total Revenue": 388,
        "Gross Profit": 135,
        "Operating Income": 72,
        "EBIT": 89,
        "Net Income": 108
    },
    "2014-09-30": {
        "Diluted EPS": 0.29,
        "Total Revenue": 440,
        "Gross Profit": 151,
        "Operating Income": 146,
        "EBIT": 163,
        "Net Income": 127
    },
    "2014-06-30": {
        "Diluted EPS": 0.06,
        "Total Revenue": 417,
        "Gross Profit": 140,
        "Operating Income": 72,
        "EBIT": 89,
        "Net Income": 29
    },
    "2014-03-31": {
        "Diluted EPS": -0.42,
        "Total Revenue": 376,
        "Gross Profit": 126,
        "Operating Income": -140,
        "EBIT": -125,
        "Net Income": -187
    },
    "2013-12-31": {
        "Diluted EPS": 0.21,
        "Total Revenue": 353,
        "Gross Profit": 122,
        "Operating Income": 59,
        "EBIT": 75,
        "Net Income": 92
    },
    "2013-09-30": {
        "Diluted EPS": 0.12,
        "Total Revenue": 392,
        "Gross Profit": 133,
        "Operating Income": 72,
        "EBIT": 87,
        "Net Income": 52
    },
    "2013-06-30": {
        "Diluted EPS": 0.32,
        "Total Revenue": 372,
        "Gross Profit": 126,
        "Operating Income": 62,
        "EBIT": 78,
        "Net Income": 142
    },
    "2013-03-31": {
        "Diluted EPS": -0.16,
        "Total Revenue": 327,
        "Gross Profit": 102,
        "Operating Income": -125,
        "EBIT": -112,
        "Net Income": -70
    },
    "2012-12-31": {
        "Diluted EPS": 0.07,
        "Total Revenue": 320,
        "Gross Profit": 96,
        "Operating Income": 27,
        "EBIT": 45,
        "Net Income": 32
    },
    "2012-09-30": {
        "Diluted EPS": 0.03,
        "Total Revenue": 334,
        "Gross Profit": 111,
        "Operating Income": 45,
        "EBIT": 60,
        "Net Income": 15
    },
    "2012-06-30": {
        "Diluted EPS": 0.16,
        "Total Revenue": 340,
        "Gross Profit": 110,
        "Operating Income": 83,
        "EBIT": 98,
        "Net Income": 69
    },
    "2012-03-31": {
        "Diluted EPS": 1.1,
        "Total Revenue": 309,
        "Gross Profit": 96,
        "Operating Income": 38,
        "EBIT": 55,
        "Net Income": 481
    },
    "2011-12-31": {
        "Diluted EPS": -0.01,
        "Total Revenue": 283,
        "Gross Profit": 91,
        "Operating Income": 35,
        "EBIT": 52,
        "Net Income": -5
    },
    "2011-09-30": {
        "Diluted EPS": 0.29,
        "Total Revenue": 332,
        "Gross Profit": 113,
        "Operating Income": 57,
        "EBIT": 71,
        "Net Income": 127
    },
    "2011-06-30": {
        "Diluted EPS": 0.0,
        "Total Revenue": 314,
        "Gross Profit": 108,
        "Operating Income": 56,
        "EBIT": 72,
        "Net Income": 1
    },
    "2011-03-31": {
        "Diluted EPS": -0.0,
        "Total Revenue": 288,
        "Gross Profit": 97,
        "Operating Income": 46,
        "EBIT": 62,
        "Net Income": -2
    },
    "2010-12-31": {
        "Diluted EPS": -0.06,
        "Total Revenue": 273,
        "Gross Profit": 85,
        "Operating Income": 30,
        "EBIT": 45,
        "Net Income": -26
    },
    "2010-09-30": {
        "Diluted EPS": -0.97,
        "Total Revenue": 288,
        "Gross Profit": 93,
        "Operating Income": 52,
        "EBIT": 67,
        "Net Income": -424
    },
    "2010-06-30": {
        "Diluted EPS": 0.24,
        "Total Revenue": 318,
        "Gross Profit": 117,
        "Operating Income": 64,
        "EBIT": 79,
        "Net Income": 105
    },
    "2010-03-31": {
        "Diluted EPS": -0.01,
        "Total Revenue": 275,
        "Gross Profit": 91,
        "Operating Income": 173,
        "EBIT": 189,
        "Net Income": -2
    },
    "2009-12-31": {
        "Diluted EPS": 0.03,
        "Total Revenue": 261,
        "Gross Profit": 97,
        "Operating Income": 25,
        "EBIT": 41,
        "Net Income": 15
    },
    "2009-09-30": {
        "Diluted EPS": -0.05,
        "Total Revenue": 304,
        "Gross Profit": 118,
        "Operating Income": 62,
        "EBIT": 77,
        "Net Income": -20
    },
    "2009-06-30": {
        "Diluted EPS": -0.18,
        "Total Revenue": 285,
        "Gross Profit": 110,
        "Operating Income": -57,
        "EBIT": -42,
        "Net Income": -78
    },
    "2009-03-31": {
        "Diluted EPS": -0.3,
        "Total Revenue": 241,
        "Gross Profit": 69,
        "Operating Income": 16,
        "EBIT": 31,
        "Net Income": -130
    },
    "2023-06-30": {
        "Tax Effect Of Unusual Items": NaN,
        "Tax Rate For Calcs": NaN,
        "Normalized EBITDA": NaN,
        "Total Unusual Items": NaN,
        "Total Unusual Items Excluding Goodwill": NaN,
        "Net Income From Continuing Operation Net Minority Interest": NaN,
        "Reconciled Depreciation": NaN,
        "Reconciled Cost Of Revenue": NaN,
        "EBITDA": NaN,
        "EBIT": NaN,
        "Net Interest Income": NaN,
        "Interest Expense": NaN,
        "Normalized Income": NaN,
        "Net Income From Continuing And Discontinued Operation": NaN,
        "Total Expenses": NaN,
        "Total Operating Income As Reported": NaN,
        "Diluted Average Shares": NaN,
        "Basic Average Shares": NaN,
        "Diluted EPS": NaN,
        "Basic EPS": NaN,
        "Diluted NI Availto Com Stockholders": NaN,
        "Net Income Common Stockholders": NaN,
        "Net Income": NaN,
        "Net Income Including Noncontrolling Interests": NaN,
        "Net Income Continuous Operations": NaN,
        "Tax Provision": NaN,
        "Pretax Income": NaN,
        "Other Income Expense": NaN,
        "Other Non Operating Income Expenses": -300000.0,
        "Special Income Charges": NaN,
        "Other Special Charges": NaN,
        "Impairment Of Capital Assets": NaN,
        "Restructuring And Mergern Acquisition": NaN,
        "Gain On Sale Of Security": NaN,
        "Net Non Operating Interest Income Expense": NaN,
        "Total Other Finance Cost": NaN,
        "Interest Expense Non Operating": NaN,
        "Operating Income": NaN,
        "Operating Expense": NaN,
        "Research And Development": NaN,
        "Selling General And Administration": NaN,
        "Gross Profit": NaN,
        "Cost Of Revenue": NaN,
        "Total Revenue": NaN,
        "Operating Revenue": NaN
    },
    "2023-09-30": {
        "Tax Effect Of Unusual Items": NaN,
        "Tax Rate For Calcs": NaN,
        "Normalized EBITDA": NaN,
        "Total Unusual Items": NaN,
        "Total Unusual Items Excluding Goodwill": NaN,
        "Net Income From Continuing Operation Net Minority Interest": NaN,
        "Reconciled Depreciation": NaN,
        "Reconciled Cost Of Revenue": NaN,
        "EBITDA": NaN,
        "EBIT": NaN,
        "Net Interest Income": NaN,
        "Interest Expense": 4500000.0,
        "Normalized Income": NaN,
        "Net Income From Continuing And Discontinued Operation": NaN,
        "Total Expenses": NaN,
        "Total Operating Income As Reported": NaN,
        "Diluted Average Shares": 440800000.0,
        "Basic Average Shares": 439600000.0,
        "Diluted EPS": 0.34,
        "Basic EPS": 0.35,
        "Diluted NI Availto Com Stockholders": NaN,
        "Net Income Common Stockholders": NaN,
        "Net Income": NaN,
        "Net Income Including Noncontrolling Interests": NaN,
        "Net Income Continuous Operations": NaN,
        "Tax Provision": NaN,
        "Pretax Income": NaN,
        "Other Income Expense": NaN,
        "Other Non Operating Income Expenses": 1900000.0,
        "Special Income Charges": NaN,
        "Other Special Charges": NaN,
        "Impairment Of Capital Assets": 20100000.0,
        "Restructuring And Mergern Acquisition": 20100000.0,
        "Gain On Sale Of Security": 4000000.0,
        "Net Non Operating Interest Income Expense": NaN,
        "Total Other Finance Cost": NaN,
        "Interest Expense Non Operating": 4500000.0,
        "Operating Income": NaN,
        "Operating Expense": NaN,
        "Research And Development": NaN,
        "Selling General And Administration": NaN,
        "Gross Profit": NaN,
        "Cost Of Revenue": NaN,
        "Total Revenue": NaN,
        "Operating Revenue": NaN
    },
    "2023-12-31": {
        "Tax Effect Of Unusual Items": NaN,
        "Tax Rate For Calcs": NaN,
        "Normalized EBITDA": NaN,
        "Total Unusual Items": NaN,
        "Total Unusual Items Excluding Goodwill": NaN,
        "Net Income From Continuing Operation Net Minority Interest": NaN,
        "Reconciled Depreciation": NaN,
        "Reconciled Cost Of Revenue": NaN,
        "EBITDA": NaN,
        "EBIT": NaN,
        "Net Interest Income": NaN,
        "Interest Expense": 3100000.0,
        "Normalized Income": NaN,
        "Net Income From Continuing And Discontinued Operation": NaN,
        "Total Expenses": NaN,
        "Total Operating Income As Reported": NaN,
        "Diluted Average Shares": 438300000.0,
        "Basic Average Shares": 437000000.0,
        "Diluted EPS": 0.33,
        "Basic EPS": 0.33,
        "Diluted NI Availto Com Stockholders": NaN,
        "Net Income Common Stockholders": NaN,
        "Net Income": NaN,
        "Net Income Including Noncontrolling Interests": NaN,
        "Net Income Continuous Operations": NaN,
        "Tax Provision": NaN,
        "Pretax Income": NaN,
        "Other Income Expense": NaN,
        "Other Non Operating Income Expenses": 600000.0,
        "Special Income Charges": NaN,
        "Other Special Charges": NaN,
        "Impairment Of Capital Assets": 0.0,
        "Restructuring And Mergern Acquisition": NaN,
        "Gain On Sale Of Security": -8500000.0,
        "Net Non Operating Interest Income Expense": NaN,
        "Total Other Finance Cost": 3100000.0,
        "Interest Expense Non Operating": 3100000.0,
        "Operating Income": NaN,
        "Operating Expense": NaN,
        "Research And Development": NaN,
        "Selling General And Administration": NaN,
        "Gross Profit": NaN,
        "Cost Of Revenue": NaN,
        "Total Revenue": NaN,
        "Operating Revenue": NaN
    },
    "2024-03-31": {
        "Tax Effect Of Unusual Items": NaN,
        "Tax Rate For Calcs": NaN,
        "Normalized EBITDA": NaN,
        "Total Unusual Items": NaN,
        "Total Unusual Items Excluding Goodwill": NaN,
        "Net Income From Continuing Operation Net Minority Interest": NaN,
        "Reconciled Depreciation": NaN,
        "Reconciled Cost Of Revenue": NaN,
        "EBITDA": NaN,
        "EBIT": NaN,
        "Net Interest Income": NaN,
        "Interest Expense": 23000000.0,
        "Normalized Income": NaN,
        "Net Income From Continuing And Discontinued Operation": NaN,
        "Total Expenses": NaN,
        "Total Operating Income As Reported": NaN,
        "Diluted Average Shares": NaN,
        "Basic Average Shares": NaN,
        "Diluted EPS": NaN,
        "Basic EPS": NaN,
        "Diluted NI Availto Com Stockholders": NaN,
        "Net Income Common Stockholders": NaN,
        "Net Income": NaN,
        "Net Income Including Noncontrolling Interests": NaN,
        "Net Income Continuous Operations": NaN,
        "Tax Provision": NaN,
        "Pretax Income": NaN,
        "Other Income Expense": NaN,
        "Other Non Operating Income Expenses": -100000.0,
        "Special Income Charges": NaN,
        "Other Special Charges": NaN,
        "Impairment Of Capital Assets": 0.0,
        "Restructuring And Mergern Acquisition": NaN,
        "Gain On Sale Of Security": 6200000.0,
        "Net Non Operating Interest Income Expense": NaN,
        "Total Other Finance Cost": NaN,
        "Interest Expense Non Operating": 23000000.0,
        "Operating Income": NaN,
        "Operating Expense": NaN,
        "Research And Development": NaN,
        "Selling General And Administration": NaN,
        "Gross Profit": NaN,
        "Cost Of Revenue": NaN,
        "Total Revenue": NaN,
        "Operating Revenue": NaN
    },
    "2024-06-30": {
        "Tax Effect Of Unusual Items": NaN,
        "Tax Rate For Calcs": NaN,
        "Normalized EBITDA": NaN,
        "Total Unusual Items": NaN,
        "Total Unusual Items Excluding Goodwill": NaN,
        "Net Income From Continuing Operation Net Minority Interest": NaN,
        "Reconciled Depreciation": NaN,
        "Reconciled Cost Of Revenue": NaN,
        "EBITDA": NaN,
        "EBIT": NaN,
        "Net Interest Income": NaN,
        "Interest Expense": 1700000.0,
        "Normalized Income": NaN,
        "Net Income From Continuing And Discontinued Operation": NaN,
        "Total Expenses": NaN,
        "Total Operating Income As Reported": NaN,
        "Diluted Average Shares": 434500000.0,
        "Basic Average Shares": 433100000.0,
        "Diluted EPS": 0.36,
        "Basic EPS": 0.36,
        "Diluted NI Availto Com Stockholders": NaN,
        "Net Income Common Stockholders": NaN,
        "Net Income": NaN,
        "Net Income Including Noncontrolling Interests": NaN,
        "Net Income Continuous Operations": NaN,
        "Tax Provision": NaN,
        "Pretax Income": NaN,
        "Other Income Expense": NaN,
        "Other Non Operating Income Expenses": 200000.0,
        "Special Income Charges": NaN,
        "Other Special Charges": NaN,
        "Impairment Of Capital Assets": NaN,
        "Restructuring And Mergern Acquisition": NaN,
        "Gain On Sale Of Security": NaN,
        "Net Non Operating Interest Income Expense": NaN,
        "Total Other Finance Cost": 1700000.0,
        "Interest Expense Non Operating": 1700000.0,
        "Operating Income": NaN,
        "Operating Expense": NaN,
        "Research And Development": NaN,
        "Selling General And Administration": NaN,
        "Gross Profit": NaN,
        "Cost Of Revenue": NaN,
        "Total Revenue": NaN,
        "Operating Revenue": NaN
    },
    "2024-09-30": {
        "Tax Effect Of Unusual Items": -12159000.0,
        "Tax Rate For Calcs": 0.21,
        "Normalized EBITDA": 262100000.0,
        "Total Unusual Items": -57900000.0,
        "Total Unusual Items Excluding Goodwill": -57900000.0,
        "Net Income From Continuing Operation Net Minority Interest": 83400000.0,
        "Reconciled Depreciation": 51900000.0,
        "Reconciled Cost Of Revenue": 587900000.0,
        "EBITDA": 204200000.0,
        "EBIT": 152300000.0,
        "Net Interest Income": -1900000.0,
        "Interest Expense": 1900000.0,
        "Normalized Income": 129141000.0,
        "Net Income From Continuing And Discontinued Operation": 83400000.0,
        "Total Expenses": 750600000.0,
        "Total Operating Income As Reported": 152300000.0,
        "Diluted Average Shares": 432300000.0,
        "Basic Average Shares": 430800000.0,
        "Diluted EPS": 0.19,
        "Basic EPS": 0.19,
        "Diluted NI Availto Com Stockholders": 83400000.0,
        "Net Income Common Stockholders": 83400000.0,
        "Net Income": 83400000.0,
        "Net Income Including Noncontrolling Interests": 83400000.0,
        "Net Income Continuous Operations": 83400000.0,
        "Tax Provision": 67000000.0,
        "Pretax Income": 150400000.0,
        "Other Income Expense": -57900000.0,
        "Other Non Operating Income Expenses": NaN,
        "Special Income Charges": -57900000.0,
        "Other Special Charges": 600000.0,
        "Impairment Of Capital Assets": NaN,
        "Restructuring And Mergern Acquisition": 57300000.0,
        "Gain On Sale Of Security": NaN,
        "Net Non Operating Interest Income Expense": -1900000.0,
        "Total Other Finance Cost": NaN,
        "Interest Expense Non Operating": 1900000.0,
        "Operating Income": 210200000.0,
        "Operating Expense": 162700000.0,
        "Research And Development": 12800000.0,
        "Selling General And Administration": 149900000.0,
        "Gross Profit": 372900000.0,
        "Cost Of Revenue": 587900000.0,
        "Total Revenue": 960800000.0,
        "Operating Revenue": 960800000.0
    },
    "2024-12-31": {
        "Tax Effect Of Unusual Items": -30000.0,
        "Tax Rate For Calcs": 0.3,
        "Normalized EBITDA": 261400000.0,
        "Total Unusual Items": -100000.0,
        "Total Unusual Items Excluding Goodwill": -100000.0,
        "Net Income From Continuing Operation Net Minority Interest": 141700000.0,
        "Reconciled Depreciation": 55100000.0,
        "Reconciled Cost Of Revenue": 590900000.0,
        "EBITDA": 261300000.0,
        "EBIT": 206200000.0,
        "Net Interest Income": -3800000.0,
        "Interest Expense": NaN,
        "Normalized Income": 141770000.0,
        "Net Income From Continuing And Discontinued Operation": 141700000.0,
        "Total Expenses": 747100000.0,
        "Total Operating Income As Reported": 206100000.0,
        "Diluted Average Shares": 430900000.0,
        "Basic Average Shares": 429500000.0,
        "Diluted EPS": 0.33,
        "Basic EPS": 0.33,
        "Diluted NI Availto Com Stockholders": 141700000.0,
        "Net Income Common Stockholders": 141700000.0,
        "Net Income": 141700000.0,
        "Net Income Including Noncontrolling Interests": 141700000.0,
        "Net Income Continuous Operations": 141700000.0,
        "Tax Provision": 60600000.0,
        "Pretax Income": 202300000.0,
        "Other Income Expense": -100000.0,
        "Other Non Operating Income Expenses": NaN,
        "Special Income Charges": -100000.0,
        "Other Special Charges": 100000.0,
        "Impairment Of Capital Assets": NaN,
        "Restructuring And Mergern Acquisition": 0.0,
        "Gain On Sale Of Security": NaN,
        "Net Non Operating Interest Income Expense": -3800000.0,
        "Total Other Finance Cost": 3800000.0,
        "Interest Expense Non Operating": NaN,
        "Operating Income": 206200000.0,
        "Operating Expense": 156200000.0,
        "Research And Development": 11500000.0,
        "Selling General And Administration": 144700000.0,
        "Gross Profit": 362400000.0,
        "Cost Of Revenue": 590900000.0,
        "Total Revenue": 953300000.0,
        "Operating Revenue": 953300000.0
    },
    "2025-03-31": {
        "Tax Effect Of Unusual Items": -37870748.29932,
        "Tax Rate For Calcs": 0.258503,
        "Normalized EBITDA": 240600000.0,
        "Total Unusual Items": -146500000.0,
        "Total Unusual Items Excluding Goodwill": -146500000.0,
        "Net Income From Continuing Operation Net Minority Interest": 43600000.0,
        "Reconciled Depreciation": 59400000.0,
        "Reconciled Cost Of Revenue": 598700000.0,
        "EBITDA": 94100000.0,
        "EBIT": 34700000.0,
        "Net Interest Income": -2900000.0,
        "Interest Expense": NaN,
        "Normalized Income": 152229251.70068,
        "Net Income From Continuing And Discontinued Operation": 43600000.0,
        "Total Expenses": 762900000.0,
        "Total Operating Income As Reported": 62100000.0,
        "Diluted Average Shares": NaN,
        "Basic Average Shares": NaN,
        "Diluted EPS": NaN,
        "Basic EPS": NaN,
        "Diluted NI Availto Com Stockholders": 43600000.0,
        "Net Income Common Stockholders": 43600000.0,
        "Net Income": 43600000.0,
        "Net Income Including Noncontrolling Interests": 43600000.0,
        "Net Income Continuous Operations": 43600000.0,
        "Tax Provision": 15200000.0,
        "Pretax Income": 58800000.0,
        "Other Income Expense": -146900000.0,
        "Other Non Operating Income Expenses": -400000.0,
        "Special Income Charges": -146500000.0,
        "Other Special Charges": 137000000.0,
        "Impairment Of Capital Assets": NaN,
        "Restructuring And Mergern Acquisition": 9500000.0,
        "Gain On Sale Of Security": NaN,
        "Net Non Operating Interest Income Expense": -2900000.0,
        "Total Other Finance Cost": NaN,
        "Interest Expense Non Operating": NaN,
        "Operating Income": 208600000.0,
        "Operating Expense": 164200000.0,
        "Research And Development": 12400000.0,
        "Selling General And Administration": 151800000.0,
        "Gross Profit": 372800000.0,
        "Cost Of Revenue": 598700000.0,
        "Total Revenue": 971500000.0,
        "Operating Revenue": 971500000.0
    },
    "2025-06-30": {
        "Tax Effect Of Unusual Items": -9090200.0,
        "Tax Rate For Calcs": 0.302,
        "Normalized EBITDA": 255300000.0,
        "Total Unusual Items": -30100000.0,
        "Total Unusual Items Excluding Goodwill": -30100000.0,
        "Net Income From Continuing Operation Net Minority Interest": 62600000.0,
        "Reconciled Depreciation": 56500000.0,
        "Reconciled Cost Of Revenue": 563000000.0,
        "EBITDA": 225200000.0,
        "EBIT": 168700000.0,
        "Net Interest Income": -37800000.0,
        "Interest Expense": NaN,
        "Normalized Income": 83609800.0,
        "Net Income From Continuing And Discontinued Operation": 62600000.0,
        "Total Expenses": 731200000.0,
        "Total Operating Income As Reported": 138600000.0,
        "Diluted Average Shares": 431100000.0,
        "Basic Average Shares": 429900000.0,
        "Diluted EPS": 0.15,
        "Basic EPS": 0.15,
        "Diluted NI Availto Com Stockholders": 62600000.0,
        "Net Income Common Stockholders": 62600000.0,
        "Net Income": 62600000.0,
        "Net Income Including Noncontrolling Interests": 62600000.0,
        "Net Income Continuous Operations": 62600000.0,
        "Tax Provision": 27100000.0,
        "Pretax Income": 89700000.0,
        "Other Income Expense": -41200000.0,
        "Other Non Operating Income Expenses": -11100000.0,
        "Special Income Charges": -30100000.0,
        "Other Special Charges": 700000.0,
        "Impairment Of Capital Assets": NaN,
        "Restructuring And Mergern Acquisition": 29400000.0,
        "Gain On Sale Of Security": NaN,
        "Net Non Operating Interest Income Expense": -37800000.0,
        "Total Other Finance Cost": 37800000.0,
        "Interest Expense Non Operating": NaN,
        "Operating Income": 168700000.0,
        "Operating Expense": 168200000.0,
        "Research And Development": 12100000.0,
        "Selling General And Administration": 156100000.0,
        "Gross Profit": 336900000.0,
        "Cost Of Revenue": 563000000.0,
        "Total Revenue": 899900000.0,
        "Operating Revenue": 899900000.0
    },
    "2025-09-30": {
        "Tax Effect Of Unusual Items": -27405000.0,
        "Tax Rate For Calcs": 0.21,
        "Normalized EBITDA": 282300000.0,
        "Total Unusual Items": -130500000.0,
        "Total Unusual Items Excluding Goodwill": -130500000.0,
        "Net Income From Continuing Operation Net Minority Interest": -55800000.0,
        "Reconciled Depreciation": 126400000.0,
        "Reconciled Cost Of Revenue": 871100000.0,
        "EBITDA": 151800000.0,
        "EBIT": 25400000.0,
        "Net Interest Income": -65400000.0,
        "Interest Expense": 65400000.0,
        "Normalized Income": 47295000.0,
        "Net Income From Continuing And Discontinued Operation": -55800000.0,
        "Total Expenses": 1137700000.0,
        "Total Operating Income As Reported": 24000000.0,
        "Diluted Average Shares": 577400000.0,
        "Basic Average Shares": 577400000.0,
        "Diluted EPS": -0.1,
        "Basic EPS": -0.1,
        "Diluted NI Availto Com Stockholders": -55800000.0,
        "Net Income Common Stockholders": -55800000.0,
        "Net Income": -55800000.0,
        "Net Income Including Noncontrolling Interests": -55800000.0,
        "Net Income Continuous Operations": -55800000.0,
        "Tax Provision": 15800000.0,
        "Pretax Income": -40000000.0,
        "Other Income Expense": -129100000.0,
        "Other Non Operating Income Expenses": 1400000.0,
        "Special Income Charges": -130500000.0,
        "Other Special Charges": 200000.0,
        "Impairment Of Capital Assets": NaN,
        "Restructuring And Mergern Acquisition": 130300000.0,
        "Gain On Sale Of Security": NaN,
        "Net Non Operating Interest Income Expense": -65400000.0,
        "Total Other Finance Cost": NaN,
        "Interest Expense Non Operating": 65400000.0,
        "Operating Income": 154500000.0,
        "Operating Expense": 266600000.0,
        "Research And Development": 15800000.0,
        "Selling General And Administration": 250800000.0,
        "Gross Profit": 421100000.0,
        "Cost Of Revenue": 871100000.0,
        "Total Revenue": 1292200000.0,
        "Operating Revenue": 1292200000.0
    }
}