{
    "2023-04-30": {
        "Tax Effect Of Unusual Items": NaN,
        "Tax Rate For Calcs": NaN,
        "Normalized EBITDA": NaN,
        "Total Unusual Items": NaN,
        "Total Unusual Items Excluding Goodwill": NaN,
        "Net Income From Continuing Operation Net Minority Interest": NaN,
        "Reconciled Depreciation": NaN,
        "Reconciled Cost Of Revenue": NaN,
        "EBITDA": NaN,
        "EBIT": NaN,
        "Net Interest Income": NaN,
        "Interest Expense": NaN,
        "Interest Income": NaN,
        "Normalized Income": NaN,
        "Net Income From Continuing And Discontinued Operation": NaN,
        "Total Expenses": NaN,
        "Total Operating Income As Reported": NaN,
        "Diluted Average Shares": NaN,
        "Basic Average Shares": NaN,
        "Diluted EPS": NaN,
        "Basic EPS": NaN,
        "Diluted NI Availto Com Stockholders": NaN,
        "Net Income Common Stockholders": NaN,
        "Net Income": NaN,
        "Net Income Including Noncontrolling Interests": NaN,
        "Net Income Continuous Operations": NaN,
        "Tax Provision": NaN,
        "Pretax Income": NaN,
        "Other Income Expense": NaN,
        "Special Income Charges": NaN,
        "Other Special Charges": 12702000.0,
        "Impairment Of Capital Assets": NaN,
        "Net Non Operating Interest Income Expense": NaN,
        "Interest Expense Non Operating": NaN,
        "Interest Income Non Operating": NaN,
        "Operating Income": NaN,
        "Operating Expense": NaN,
        "Selling General And Administration": NaN,
        "Gross Profit": NaN,
        "Cost Of Revenue": NaN,
        "Total Revenue": NaN,
        "Operating Revenue": NaN
    },
    "2023-01-31": {
        "Tax Effect Of Unusual Items": NaN,
        "Tax Rate For Calcs": NaN,
        "Normalized EBITDA": NaN,
        "Total Unusual Items": NaN,
        "Total Unusual Items Excluding Goodwill": NaN,
        "Net Income From Continuing Operation Net Minority Interest": NaN,
        "Reconciled Depreciation": NaN,
        "Reconciled Cost Of Revenue": NaN,
        "EBITDA": NaN,
        "EBIT": NaN,
        "Net Interest Income": NaN,
        "Interest Expense": NaN,
        "Interest Income": NaN,
        "Normalized Income": NaN,
        "Net Income From Continuing And Discontinued Operation": NaN,
        "Total Expenses": NaN,
        "Total Operating Income As Reported": NaN,
        "Diluted Average Shares": NaN,
        "Basic Average Shares": NaN,
        "Diluted EPS": NaN,
        "Basic EPS": NaN,
        "Diluted NI Availto Com Stockholders": NaN,
        "Net Income Common Stockholders": NaN,
        "Net Income": NaN,
        "Net Income Including Noncontrolling Interests": NaN,
        "Net Income Continuous Operations": NaN,
        "Tax Provision": NaN,
        "Pretax Income": NaN,
        "Other Income Expense": -5000.0,
        "Special Income Charges": NaN,
        "Other Special Charges": NaN,
        "Impairment Of Capital Assets": 5000.0,
        "Net Non Operating Interest Income Expense": NaN,
        "Interest Expense Non Operating": NaN,
        "Interest Income Non Operating": NaN,
        "Operating Income": NaN,
        "Operating Expense": NaN,
        "Selling General And Administration": NaN,
        "Gross Profit": NaN,
        "Cost Of Revenue": NaN,
        "Total Revenue": NaN,
        "Operating Revenue": NaN
    },
    "2022-10-31": {
        "Tax Effect Of Unusual Items": NaN,
        "Tax Rate For Calcs": NaN,
        "Normalized EBITDA": NaN,
        "Total Unusual Items": NaN,
        "Total Unusual Items Excluding Goodwill": NaN,
        "Net Income From Continuing Operation Net Minority Interest": NaN,
        "Reconciled Depreciation": NaN,
        "Reconciled Cost Of Revenue": NaN,
        "EBITDA": NaN,
        "EBIT": NaN,
        "Net Interest Income": NaN,
        "Interest Expense": NaN,
        "Normalized Income": NaN,
        "Net Income From Continuing And Discontinued Operation": NaN,
        "Total Expenses": NaN,
        "Total Operating Income As Reported": NaN,
        "Diluted Average Shares": NaN,
        "Basic Average Shares": NaN,
        "Diluted EPS": NaN,
        "Basic EPS": NaN,
        "Diluted NI Availto Com Stockholders": NaN,
        "Net Income Common Stockholders": NaN,
        "Net Income": NaN,
        "Net Income Including Noncontrolling Interests": NaN,
        "Net Income Continuous Operations": NaN,
        "Tax Provision": NaN,
        "Pretax Income": NaN,
        "Other Income Expense": -1300000.0,
        "Special Income Charges": NaN,
        "Other Special Charges": NaN,
        "Impairment Of Capital Assets": 1300000.0,
        "Net Non Operating Interest Income Expense": NaN,
        "Interest Expense Non Operating": NaN,
        "Operating Income": NaN,
        "Operating Expense": NaN,
        "Selling General And Administration": NaN,
        "Gross Profit": NaN,
        "Cost Of Revenue": NaN,
        "Total Revenue": NaN,
        "Operating Revenue": NaN
    },
    "2022-07-31": {
        "Tax Effect Of Unusual Items": 0.0,
        "Tax Rate For Calcs": 0.249,
        "Normalized EBITDA": 34522000.0,
        "Total Unusual Items": NaN,
        "Total Unusual Items Excluding Goodwill": NaN,
        "Net Income From Continuing Operation Net Minority Interest": 17805000.0,
        "Reconciled Depreciation": 6329000.0,
        "Reconciled Cost Of Revenue": 47869000.0,
        "EBITDA": 34522000.0,
        "EBIT": 28193000.0,
        "Net Interest Income": -4476000.0,
        "Interest Expense": 4476000.0,
        "Normalized Income": 17805000.0,
        "Net Income From Continuing And Discontinued Operation": 17805000.0,
        "Total Expenses": 132150000.0,
        "Total Operating Income As Reported": 28193000.0,
        "Diluted Average Shares": 14252429.0,
        "Basic Average Shares": 13930366.0,
        "Diluted EPS": 1.25,
        "Basic EPS": 1.28,
        "Diluted NI Availto Com Stockholders": 17805000.0,
        "Net Income Common Stockholders": 17805000.0,
        "Net Income": 17805000.0,
        "Net Income Including Noncontrolling Interests": 17805000.0,
        "Net Income Continuous Operations": 17805000.0,
        "Tax Provision": 5912000.0,
        "Pretax Income": 23717000.0,
        "Other Income Expense": NaN,
        "Special Income Charges": NaN,
        "Other Special Charges": NaN,
        "Impairment Of Capital Assets": NaN,
        "Net Non Operating Interest Income Expense": -4476000.0,
        "Interest Expense Non Operating": 4476000.0,
        "Operating Income": 28193000.0,
        "Operating Expense": 84281000.0,
        "Selling General And Administration": 84281000.0,
        "Gross Profit": 112474000.0,
        "Cost Of Revenue": 47869000.0,
        "Total Revenue": 160343000.0,
        "Operating Revenue": 160343000.0
    },
    "2022-04-30": {
        "Diluted EPS": 1.02,
        "Total Revenue": 157,
        "Gross Profit": 109,
        "Operating Income": 24,
        "EBIT": 31,
        "Net Income": 14
    },
    "2022-01-31": {
        "Diluted EPS": 0.82,
        "Total Revenue": 145,
        "Gross Profit": 93,
        "Operating Income": 8,
        "EBIT": 16,
        "Net Income": 4
    },
    "2021-10-31": {
        "Diluted EPS": 0.79,
        "Total Revenue": 152,
        "Gross Profit": 105,
        "Operating Income": 19,
        "EBIT": 28,
        "Net Income": 11
    },
    "2021-07-31": {
        "Diluted EPS": -1.98,
        "Total Revenue": 159,
        "Gross Profit": 109,
        "Operating Income": 24,
        "EBIT": 33,
        "Net Income": -25
    },
    "2021-04-30": {
        "Diluted EPS": -1.89,
        "Total Revenue": 129,
        "Gross Profit": 88,
        "Operating Income": 9,
        "EBIT": 16,
        "Net Income": -18
    },
    "2021-01-31": {
        "Diluted EPS": -2.66,
        "Total Revenue": 126,
        "Gross Profit": 71,
        "Operating Income": -28,
        "EBIT": -5,
        "Net Income": -27
    },
    "2020-10-31": {
        "Diluted EPS": -2.52,
        "Total Revenue": 117,
        "Gross Profit": 69,
        "Operating Income": -24,
        "EBIT": -14,
        "Net Income": -23
    },
    "2020-07-31": {
        "Diluted EPS": -2.13,
        "Total Revenue": 93,
        "Gross Profit": 55,
        "Operating Income": -22,
        "EBIT": -14,
        "Net Income": -19
    },
    "2020-04-30": {
        "Diluted EPS": -7.91,
        "Total Revenue": 91,
        "Gross Profit": 50,
        "Operating Income": -90,
        "EBIT": -29,
        "Net Income": -70
    },
    "2020-01-31": {
        "Diluted EPS": -4.41,
        "Total Revenue": 168,
        "Gross Profit": 100,
        "Operating Income": -37,
        "EBIT": 9,
        "Net Income": -39
    },
    "2019-10-31": {
        "Diluted EPS": 0.27,
        "Total Revenue": 166,
        "Gross Profit": 107,
        "Operating Income": 9,
        "EBIT": 19,
        "Net Income": 2
    },
    "2019-07-31": {
        "Diluted EPS": -11.05,
        "Total Revenue": 181,
        "Gross Profit": 105,
        "Operating Income": -95,
        "EBIT": 13,
        "Net Income": -97
    },
    "2019-04-30": {
        "Diluted EPS": 0.5,
        "Total Revenue": 176,
        "Gross Profit": 116,
        "Operating Income": 11,
        "EBIT": 21,
        "Net Income": 4
    },
    "2019-01-31": {
        "Diluted EPS": 0.25,
        "Total Revenue": 171,
        "Gross Profit": 108,
        "Operating Income": 8,
        "EBIT": 18,
        "Net Income": 2
    },
    "2018-10-31": {
        "Diluted EPS": 0.75,
        "Total Revenue": 174,
        "Gross Profit": 115,
        "Operating Income": 14,
        "EBIT": 23,
        "Net Income": 7
    },
    "2018-07-31": {
        "Diluted EPS": 1.15,
        "Total Revenue": 180,
        "Gross Profit": 117,
        "Operating Income": 19,
        "EBIT": 29,
        "Net Income": 10
    },
    "2018-04-30": {
        "Diluted EPS": 1.3,
        "Total Revenue": 182,
        "Gross Profit": 120,
        "Operating Income": 20,
        "EBIT": 30,
        "Net Income": 11
    },
    "2018-01-31": {
        "Diluted EPS": 3.35,
        "Total Revenue": 189,
        "Gross Profit": 117,
        "Operating Income": 12,
        "EBIT": 22,
        "Net Income": 29
    },
    "2017-10-31": {
        "Diluted EPS": 0.7,
        "Total Revenue": 162,
        "Gross Profit": 108,
        "Operating Income": 13,
        "EBIT": 22,
        "Net Income": 6
    },
    "2017-07-31": {
        "Diluted EPS": 1.4,
        "Total Revenue": 181,
        "Gross Profit": 123,
        "Operating Income": 26,
        "EBIT": 35,
        "Net Income": 12
    },
    "2017-04-30": {
        "Diluted EPS": 0.9,
        "Total Revenue": 166,
        "Gross Profit": 116,
        "Operating Income": 19,
        "EBIT": 28,
        "Net Income": 8
    },
    "2017-01-31": {
        "Diluted EPS": 0.25,
        "Total Revenue": 167,
        "Gross Profit": 105,
        "Operating Income": 11,
        "EBIT": 20,
        "Net Income": 2
    },
    "2016-10-31": {
        "Diluted EPS": 0.9,
        "Total Revenue": 159,
        "Gross Profit": 108,
        "Operating Income": 15,
        "EBIT": 25,
        "Net Income": 8
    },
    "2016-07-31": {
        "Diluted EPS": 0.95,
        "Total Revenue": 165,
        "Gross Profit": 113,
        "Operating Income": 19,
        "EBIT": 27,
        "Net Income": 8
    },
    "2016-04-30": {
        "Diluted EPS": 0.7,
        "Total Revenue": 148,
        "Gross Profit": 102,
        "Operating Income": 14,
        "EBIT": 25,
        "Net Income": 6
    },
    "2016-01-31": {
        "Diluted EPS": 0.0,
        "Total Revenue": NaN,
        "Gross Profit": NaN,
        "Operating Income": NaN,
        "EBIT": NaN,
        "Net Income": NaN
    },
    "2015-01-31": {
        "Diluted EPS": 0.0,
        "Total Revenue": NaN,
        "Gross Profit": NaN,
        "Operating Income": NaN,
        "EBIT": NaN,
        "Net Income": NaN
    },
    "2014-01-31": {
        "Diluted EPS": 0.0,
        "Total Revenue": NaN,
        "Gross Profit": NaN,
        "Operating Income": NaN,
        "EBIT": NaN,
        "Net Income": NaN
    },
    "2023-07-31": {
        "Tax Effect Of Unusual Items": NaN,
        "Tax Rate For Calcs": NaN,
        "Normalized EBITDA": NaN,
        "Total Unusual Items": NaN,
        "Total Unusual Items Excluding Goodwill": NaN,
        "Net Income From Continuing Operation Net Minority Interest": NaN,
        "Reconciled Depreciation": NaN,
        "Reconciled Cost Of Revenue": NaN,
        "EBITDA": NaN,
        "EBIT": NaN,
        "Net Interest Income": NaN,
        "Interest Expense": NaN,
        "Interest Income": 473000.0,
        "Normalized Income": NaN,
        "Net Income From Continuing And Discontinued Operation": NaN,
        "Total Expenses": NaN,
        "Total Operating Income As Reported": NaN,
        "Diluted Average Shares": NaN,
        "Basic Average Shares": NaN,
        "Diluted EPS": NaN,
        "Basic EPS": NaN,
        "Diluted NI Availto Com Stockholders": NaN,
        "Net Income Common Stockholders": NaN,
        "Net Income": NaN,
        "Net Income Including Noncontrolling Interests": NaN,
        "Net Income Continuous Operations": NaN,
        "Tax Provision": NaN,
        "Pretax Income": NaN,
        "Other Income Expense": NaN,
        "Special Income Charges": NaN,
        "Other Special Charges": NaN,
        "Impairment Of Capital Assets": NaN,
        "Net Non Operating Interest Income Expense": NaN,
        "Interest Expense Non Operating": NaN,
        "Interest Income Non Operating": 473000.0,
        "Operating Income": NaN,
        "Operating Expense": NaN,
        "Selling General And Administration": NaN,
        "Gross Profit": NaN,
        "Cost Of Revenue": NaN,
        "Total Revenue": NaN,
        "Operating Revenue": NaN
    },
    "2023-10-31": {
        "Tax Effect Of Unusual Items": NaN,
        "Tax Rate For Calcs": NaN,
        "Normalized EBITDA": NaN,
        "Total Unusual Items": NaN,
        "Total Unusual Items Excluding Goodwill": NaN,
        "Net Income From Continuing Operation Net Minority Interest": NaN,
        "Reconciled Depreciation": NaN,
        "Reconciled Cost Of Revenue": NaN,
        "EBITDA": NaN,
        "EBIT": NaN,
        "Net Interest Income": NaN,
        "Interest Expense": NaN,
        "Interest Income": 707000.0,
        "Normalized Income": NaN,
        "Net Income From Continuing And Discontinued Operation": NaN,
        "Total Expenses": NaN,
        "Total Operating Income As Reported": NaN,
        "Diluted Average Shares": 14448228.0,
        "Basic Average Shares": 14169955.0,
        "Diluted EPS": 0.8,
        "Basic EPS": 0.82,
        "Diluted NI Availto Com Stockholders": NaN,
        "Net Income Common Stockholders": NaN,
        "Net Income": NaN,
        "Net Income Including Noncontrolling Interests": NaN,
        "Net Income Continuous Operations": NaN,
        "Tax Provision": NaN,
        "Pretax Income": NaN,
        "Other Income Expense": NaN,
        "Special Income Charges": NaN,
        "Other Special Charges": NaN,
        "Impairment Of Capital Assets": NaN,
        "Net Non Operating Interest Income Expense": NaN,
        "Interest Expense Non Operating": NaN,
        "Interest Income Non Operating": 707000.0,
        "Operating Income": NaN,
        "Operating Expense": NaN,
        "Selling General And Administration": NaN,
        "Gross Profit": NaN,
        "Cost Of Revenue": NaN,
        "Total Revenue": NaN,
        "Operating Revenue": NaN
    },
    "2024-01-31": {
        "Tax Effect Of Unusual Items": NaN,
        "Tax Rate For Calcs": NaN,
        "Normalized EBITDA": NaN,
        "Total Unusual Items": NaN,
        "Total Unusual Items Excluding Goodwill": NaN,
        "Net Income From Continuing Operation Net Minority Interest": NaN,
        "Reconciled Depreciation": NaN,
        "Reconciled Cost Of Revenue": NaN,
        "EBITDA": NaN,
        "EBIT": NaN,
        "Net Interest Income": NaN,
        "Interest Expense": NaN,
        "Interest Income": NaN,
        "Normalized Income": NaN,
        "Net Income From Continuing And Discontinued Operation": NaN,
        "Total Expenses": NaN,
        "Total Operating Income As Reported": NaN,
        "Diluted Average Shares": 14475445.0,
        "Basic Average Shares": 14176459.0,
        "Diluted EPS": 0.33,
        "Basic EPS": 0.34,
        "Diluted NI Availto Com Stockholders": NaN,
        "Net Income Common Stockholders": NaN,
        "Net Income": NaN,
        "Net Income Including Noncontrolling Interests": NaN,
        "Net Income Continuous Operations": NaN,
        "Tax Provision": NaN,
        "Pretax Income": NaN,
        "Other Income Expense": NaN,
        "Special Income Charges": NaN,
        "Other Special Charges": 0.0,
        "Impairment Of Capital Assets": NaN,
        "Net Non Operating Interest Income Expense": NaN,
        "Interest Expense Non Operating": NaN,
        "Interest Income Non Operating": NaN,
        "Operating Income": NaN,
        "Operating Expense": NaN,
        "Selling General And Administration": NaN,
        "Gross Profit": NaN,
        "Cost Of Revenue": NaN,
        "Total Revenue": NaN,
        "Operating Revenue": NaN
    },
    "2024-04-30": {
        "Tax Effect Of Unusual Items": -68816.0,
        "Tax Rate For Calcs": 0.272,
        "Normalized EBITDA": 35438000.0,
        "Total Unusual Items": -253000.0,
        "Total Unusual Items Excluding Goodwill": -253000.0,
        "Net Income From Continuing Operation Net Minority Interest": 16696000.0,
        "Reconciled Depreciation": 5825000.0,
        "Reconciled Cost Of Revenue": 43776000.0,
        "EBITDA": 35185000.0,
        "EBIT": 29360000.0,
        "Net Interest Income": -5448000.0,
        "Interest Expense": 6436000.0,
        "Interest Income": 988000.0,
        "Normalized Income": 16880184.0,
        "Net Income From Continuing And Discontinued Operation": 16696000.0,
        "Total Expenses": 132888000.0,
        "Total Operating Income As Reported": 28372000.0,
        "Diluted Average Shares": 14395197.0,
        "Basic Average Shares": 14256928.0,
        "Diluted EPS": 1.16,
        "Basic EPS": 1.17,
        "Diluted NI Availto Com Stockholders": 16696000.0,
        "Net Income Common Stockholders": 16696000.0,
        "Net Income": 16696000.0,
        "Net Income Including Noncontrolling Interests": 16696000.0,
        "Net Income Continuous Operations": 16696000.0,
        "Tax Provision": 6228000.0,
        "Pretax Income": 22924000.0,
        "Other Income Expense": -253000.0,
        "Special Income Charges": -253000.0,
        "Other Special Charges": NaN,
        "Impairment Of Capital Assets": 253000.0,
        "Net Non Operating Interest Income Expense": -5448000.0,
        "Interest Expense Non Operating": 6436000.0,
        "Interest Income Non Operating": 988000.0,
        "Operating Income": 28625000.0,
        "Operating Expense": 89112000.0,
        "Selling General And Administration": 89112000.0,
        "Gross Profit": 117737000.0,
        "Cost Of Revenue": 43776000.0,
        "Total Revenue": 161513000.0,
        "Operating Revenue": 161513000.0
    },
    "2024-07-31": {
        "Tax Effect Of Unusual Items": -2355444.0,
        "Tax Rate For Calcs": 0.273,
        "Normalized EBITDA": 28622000.0,
        "Total Unusual Items": -8628000.0,
        "Total Unusual Items Excluding Goodwill": -8628000.0,
        "Net Income From Continuing Operation Net Minority Interest": 8191000.0,
        "Reconciled Depreciation": 5004000.0,
        "Reconciled Cost Of Revenue": 45848000.0,
        "EBITDA": 19994000.0,
        "EBIT": 14990000.0,
        "Net Interest Income": -3186000.0,
        "Interest Expense": 3724000.0,
        "Interest Income": 538000.0,
        "Normalized Income": 14463556.0,
        "Net Income From Continuing And Discontinued Operation": 8191000.0,
        "Total Expenses": 132162000.0,
        "Total Operating Income As Reported": 23022000.0,
        "Diluted Average Shares": 15098301.0,
        "Basic Average Shares": 14906662.0,
        "Diluted EPS": 0.54,
        "Basic EPS": 0.55,
        "Diluted NI Availto Com Stockholders": 8191000.0,
        "Net Income Common Stockholders": 8191000.0,
        "Net Income": 8191000.0,
        "Net Income Including Noncontrolling Interests": 8191000.0,
        "Net Income Continuous Operations": 8191000.0,
        "Tax Provision": 3075000.0,
        "Pretax Income": 11266000.0,
        "Other Income Expense": -8628000.0,
        "Special Income Charges": -8628000.0,
        "Other Special Charges": 8570000.0,
        "Impairment Of Capital Assets": 58000.0,
        "Net Non Operating Interest Income Expense": -3186000.0,
        "Interest Expense Non Operating": 3724000.0,
        "Interest Income Non Operating": 538000.0,
        "Operating Income": 23080000.0,
        "Operating Expense": 86314000.0,
        "Selling General And Administration": 86314000.0,
        "Gross Profit": 109394000.0,
        "Cost Of Revenue": 45848000.0,
        "Total Revenue": 155242000.0,
        "Operating Revenue": 155242000.0
    },
    "2024-10-31": {
        "Tax Effect Of Unusual Items": -27336.0,
        "Tax Rate For Calcs": 0.268,
        "Normalized EBITDA": 25076000.0,
        "Total Unusual Items": -102000.0,
        "Total Unusual Items Excluding Goodwill": -102000.0,
        "Net Income From Continuing Operation Net Minority Interest": 12348000.0,
        "Reconciled Depreciation": 5253000.0,
        "Reconciled Cost Of Revenue": 43285000.0,
        "EBITDA": 24974000.0,
        "EBIT": 19721000.0,
        "Net Interest Income": -2355000.0,
        "Interest Expense": 2849000.0,
        "Interest Income": 494000.0,
        "Normalized Income": 12422664.0,
        "Net Income From Continuing And Discontinued Operation": 12348000.0,
        "Total Expenses": 131931000.0,
        "Total Operating Income As Reported": 19227000.0,
        "Diluted Average Shares": 15490876.0,
        "Basic Average Shares": 15331712.0,
        "Diluted EPS": 0.8,
        "Basic EPS": 0.81,
        "Diluted NI Availto Com Stockholders": 12348000.0,
        "Net Income Common Stockholders": 12348000.0,
        "Net Income": 12348000.0,
        "Net Income Including Noncontrolling Interests": 12348000.0,
        "Net Income Continuous Operations": 12348000.0,
        "Tax Provision": 4524000.0,
        "Pretax Income": 16872000.0,
        "Other Income Expense": -102000.0,
        "Special Income Charges": -102000.0,
        "Other Special Charges": NaN,
        "Impairment Of Capital Assets": 102000.0,
        "Net Non Operating Interest Income Expense": -2355000.0,
        "Interest Expense Non Operating": 2849000.0,
        "Interest Income Non Operating": 494000.0,
        "Operating Income": 19329000.0,
        "Operating Expense": 88646000.0,
        "Selling General And Administration": 88646000.0,
        "Gross Profit": 107975000.0,
        "Cost Of Revenue": 43285000.0,
        "Total Revenue": 151260000.0,
        "Operating Revenue": 151260000.0
    },
    "2025-01-31": {
        "Tax Effect Of Unusual Items": -82524.49469,
        "Tax Rate For Calcs": 0.229873,
        "Normalized EBITDA": 11213000.0,
        "Total Unusual Items": -359000.0,
        "Total Unusual Items Excluding Goodwill": -359000.0,
        "Net Income From Continuing Operation Net Minority Interest": 2248000.0,
        "Reconciled Depreciation": 5243000.0,
        "Reconciled Cost Of Revenue": 48092000.0,
        "EBITDA": 10854000.0,
        "EBIT": 5611000.0,
        "Net Interest Income": -2162000.0,
        "Interest Expense": 2692000.0,
        "Interest Income": 530000.0,
        "Normalized Income": 2524475.50531,
        "Net Income From Continuing And Discontinued Operation": 2248000.0,
        "Total Expenses": 137402000.0,
        "Total Operating Income As Reported": 5081000.0,
        "Diluted Average Shares": NaN,
        "Basic Average Shares": NaN,
        "Diluted EPS": NaN,
        "Basic EPS": NaN,
        "Diluted NI Availto Com Stockholders": 2248000.0,
        "Net Income Common Stockholders": 2248000.0,
        "Net Income": 2248000.0,
        "Net Income Including Noncontrolling Interests": 2248000.0,
        "Net Income Continuous Operations": 2248000.0,
        "Tax Provision": 671000.0,
        "Pretax Income": 2919000.0,
        "Other Income Expense": -359000.0,
        "Special Income Charges": -359000.0,
        "Other Special Charges": 0.0,
        "Impairment Of Capital Assets": 359000.0,
        "Net Non Operating Interest Income Expense": -2162000.0,
        "Interest Expense Non Operating": 2692000.0,
        "Interest Income Non Operating": 530000.0,
        "Operating Income": 5440000.0,
        "Operating Expense": 89310000.0,
        "Selling General And Administration": 89310000.0,
        "Gross Profit": 94750000.0,
        "Cost Of Revenue": 48092000.0,
        "Total Revenue": 142842000.0,
        "Operating Revenue": 142842000.0
    },
    "2025-04-30": {
        "Tax Effect Of Unusual Items": -61686.0,
        "Tax Rate For Calcs": 0.298,
        "Normalized EBITDA": 25002000.0,
        "Total Unusual Items": -207000.0,
        "Total Unusual Items Excluding Goodwill": -207000.0,
        "Net Income From Continuing Operation Net Minority Interest": 11692000.0,
        "Reconciled Depreciation": 5345000.0,
        "Reconciled Cost Of Revenue": 43267000.0,
        "EBITDA": 24795000.0,
        "EBIT": 19450000.0,
        "Net Interest Income": -2401000.0,
        "Interest Expense": 2789000.0,
        "Interest Income": 388000.0,
        "Normalized Income": 11837314.0,
        "Net Income From Continuing And Discontinued Operation": 11692000.0,
        "Total Expenses": 134355000.0,
        "Total Operating Income As Reported": 19062000.0,
        "Diluted Average Shares": 15390957.0,
        "Basic Average Shares": 15314474.0,
        "Diluted EPS": 0.76,
        "Basic EPS": 0.76,
        "Diluted NI Availto Com Stockholders": 11692000.0,
        "Net Income Common Stockholders": 11692000.0,
        "Net Income": 11692000.0,
        "Net Income Including Noncontrolling Interests": 11692000.0,
        "Net Income Continuous Operations": 11692000.0,
        "Tax Provision": 4969000.0,
        "Pretax Income": 16661000.0,
        "Other Income Expense": -207000.0,
        "Special Income Charges": -207000.0,
        "Other Special Charges": NaN,
        "Impairment Of Capital Assets": 207000.0,
        "Net Non Operating Interest Income Expense": -2401000.0,
        "Interest Expense Non Operating": 2789000.0,
        "Interest Income Non Operating": 388000.0,
        "Operating Income": 19269000.0,
        "Operating Expense": 91088000.0,
        "Selling General And Administration": 91088000.0,
        "Gross Profit": 110357000.0,
        "Cost Of Revenue": 43267000.0,
        "Total Revenue": 153624000.0,
        "Operating Revenue": 153624000.0
    }
}