{
    "2023-06-30": {
        "Tax Effect Of Unusual Items": NaN,
        "Tax Rate For Calcs": NaN,
        "Normalized EBITDA": NaN,
        "Total Unusual Items": NaN,
        "Total Unusual Items Excluding Goodwill": NaN,
        "Net Income From Continuing Operation Net Minority Interest": NaN,
        "Reconciled Depreciation": NaN,
        "Reconciled Cost Of Revenue": NaN,
        "EBITDA": NaN,
        "EBIT": NaN,
        "Net Interest Income": NaN,
        "Interest Expense": NaN,
        "Normalized Income": NaN,
        "Net Income From Continuing And Discontinued Operation": NaN,
        "Total Expenses": NaN,
        "Rent Expense Supplemental": 4327000.0,
        "Total Operating Income As Reported": NaN,
        "Diluted Average Shares": NaN,
        "Basic Average Shares": NaN,
        "Diluted EPS": NaN,
        "Basic EPS": NaN,
        "Diluted NI Availto Com Stockholders": NaN,
        "Net Income Common Stockholders": NaN,
        "Net Income": NaN,
        "Net Income Including Noncontrolling Interests": NaN,
        "Net Income Continuous Operations": NaN,
        "Tax Provision": NaN,
        "Pretax Income": NaN,
        "Other Income Expense": NaN,
        "Gain On Sale Of Security": NaN,
        "Net Non Operating Interest Income Expense": NaN,
        "Interest Expense Non Operating": NaN,
        "Operating Income": NaN,
        "Operating Expense": NaN,
        "Other Operating Expenses": NaN,
        "Selling General And Administration": NaN,
        "Selling And Marketing Expense": NaN,
        "General And Administrative Expense": NaN,
        "Other Gand A": NaN,
        "Gross Profit": NaN,
        "Cost Of Revenue": NaN,
        "Total Revenue": NaN,
        "Operating Revenue": NaN
    },
    "2023-03-31": {
        "Tax Effect Of Unusual Items": 103458.0,
        "Tax Rate For Calcs": 0.258,
        "Normalized EBITDA": 25633000.0,
        "Total Unusual Items": 401000.0,
        "Total Unusual Items Excluding Goodwill": 401000.0,
        "Net Income From Continuing Operation Net Minority Interest": 6871000.0,
        "Reconciled Depreciation": 15440000.0,
        "Reconciled Cost Of Revenue": 247470000.0,
        "EBITDA": 26034000.0,
        "EBIT": 10594000.0,
        "Net Interest Income": -1334000.0,
        "Interest Expense": 1334000.0,
        "Normalized Income": 6573458.0,
        "Net Income From Continuing And Discontinued Operation": 6871000.0,
        "Total Expenses": 327661000.0,
        "Rent Expense Supplemental": NaN,
        "Total Operating Income As Reported": 10193000.0,
        "Diluted Average Shares": 19295000.0,
        "Basic Average Shares": 19238000.0,
        "Diluted EPS": 0.36,
        "Basic EPS": 0.36,
        "Diluted NI Availto Com Stockholders": 6871000.0,
        "Net Income Common Stockholders": 6871000.0,
        "Net Income": 6871000.0,
        "Net Income Including Noncontrolling Interests": 6871000.0,
        "Net Income Continuous Operations": 6871000.0,
        "Tax Provision": 2389000.0,
        "Pretax Income": 9260000.0,
        "Other Income Expense": 401000.0,
        "Gain On Sale Of Security": 401000.0,
        "Net Non Operating Interest Income Expense": -1334000.0,
        "Interest Expense Non Operating": 1334000.0,
        "Operating Income": 10193000.0,
        "Operating Expense": 80191000.0,
        "Other Operating Expenses": NaN,
        "Selling General And Administration": 80191000.0,
        "Selling And Marketing Expense": 62205000.0,
        "General And Administrative Expense": 17986000.0,
        "Other Gand A": 17986000.0,
        "Gross Profit": 90384000.0,
        "Cost Of Revenue": 247470000.0,
        "Total Revenue": 337854000.0,
        "Operating Revenue": 337854000.0
    },
    "2022-12-31": {
        "Tax Effect Of Unusual Items": NaN,
        "Tax Rate For Calcs": NaN,
        "Normalized EBITDA": NaN,
        "Total Unusual Items": NaN,
        "Total Unusual Items Excluding Goodwill": NaN,
        "Net Income From Continuing Operation Net Minority Interest": NaN,
        "Reconciled Depreciation": NaN,
        "Reconciled Cost Of Revenue": NaN,
        "EBITDA": NaN,
        "EBIT": NaN,
        "Net Interest Income": NaN,
        "Interest Expense": NaN,
        "Normalized Income": NaN,
        "Net Income From Continuing And Discontinued Operation": NaN,
        "Total Expenses": NaN,
        "Rent Expense Supplemental": NaN,
        "Total Operating Income As Reported": NaN,
        "Diluted Average Shares": NaN,
        "Basic Average Shares": NaN,
        "Diluted EPS": NaN,
        "Basic EPS": NaN,
        "Diluted NI Availto Com Stockholders": NaN,
        "Net Income Common Stockholders": NaN,
        "Net Income": NaN,
        "Net Income Including Noncontrolling Interests": NaN,
        "Net Income Continuous Operations": NaN,
        "Tax Provision": NaN,
        "Pretax Income": NaN,
        "Other Income Expense": NaN,
        "Gain On Sale Of Security": NaN,
        "Net Non Operating Interest Income Expense": NaN,
        "Interest Expense Non Operating": NaN,
        "Operating Income": NaN,
        "Operating Expense": NaN,
        "Other Operating Expenses": -612000.0,
        "Selling General And Administration": NaN,
        "Selling And Marketing Expense": NaN,
        "General And Administrative Expense": NaN,
        "Other Gand A": NaN,
        "Gross Profit": NaN,
        "Cost Of Revenue": NaN,
        "Total Revenue": NaN,
        "Operating Revenue": NaN
    },
    "2022-09-30": {
        "Tax Effect Of Unusual Items": -107730.0,
        "Tax Rate For Calcs": 0.19,
        "Normalized EBITDA": 37672000.0,
        "Total Unusual Items": -567000.0,
        "Total Unusual Items Excluding Goodwill": -567000.0,
        "Net Income From Continuing Operation Net Minority Interest": 17310000.0,
        "Reconciled Depreciation": 15056000.0,
        "Reconciled Cost Of Revenue": 284583000.0,
        "EBITDA": 37105000.0,
        "EBIT": 22049000.0,
        "Net Interest Income": -794000.0,
        "Interest Expense": 794000.0,
        "Normalized Income": 17769270.0,
        "Net Income From Continuing And Discontinued Operation": 17310000.0,
        "Total Expenses": 377810000.0,
        "Rent Expense Supplemental": NaN,
        "Total Operating Income As Reported": 21606000.0,
        "Diluted Average Shares": 19261000.0,
        "Basic Average Shares": 19199000.0,
        "Diluted EPS": 0.9,
        "Basic EPS": 0.9,
        "Diluted NI Availto Com Stockholders": 17310000.0,
        "Net Income Common Stockholders": 17310000.0,
        "Net Income": 17310000.0,
        "Net Income Including Noncontrolling Interests": 17310000.0,
        "Net Income Continuous Operations": 17310000.0,
        "Tax Provision": 3945000.0,
        "Pretax Income": 21255000.0,
        "Other Income Expense": -567000.0,
        "Special Income Charges": -1010000.0,
        "Impairment Of Capital Assets": 1010000.0,
        "Gain On Sale Of Security": 443000.0,
        "Net Non Operating Interest Income Expense": -794000.0,
        "Interest Expense Non Operating": 794000.0,
        "Operating Income": 22616000.0,
        "Operating Expense": 93227000.0,
        "Other Operating Expenses": NaN,
        "Selling General And Administration": 93227000.0,
        "Selling And Marketing Expense": 75507000.0,
        "General And Administrative Expense": 17720000.0,
        "Other Gand A": 17720000.0,
        "Gross Profit": 115843000.0,
        "Cost Of Revenue": 284583000.0,
        "Total Revenue": 400426000.0,
        "Operating Revenue": 400426000.0
    },
    "2022-06-30": {
        "Tax Effect Of Unusual Items": 27878.0,
        "Tax Rate For Calcs": 0.263,
        "Normalized EBITDA": 34276000.0,
        "Total Unusual Items": 106000.0,
        "Total Unusual Items Excluding Goodwill": 106000.0,
        "Net Income From Continuing Operation Net Minority Interest": 15563000.0,
        "Reconciled Depreciation": 13016000.0,
        "Reconciled Cost Of Revenue": 271151000.0,
        "EBITDA": 34382000.0,
        "EBIT": 21366000.0,
        "Net Interest Income": -156000.0,
        "Interest Expense": 156000.0,
        "Normalized Income": 15484878.0,
        "Net Income From Continuing And Discontinued Operation": 15563000.0,
        "Total Expenses": 358967000.0,
        "Rent Expense Supplemental": NaN,
        "Total Operating Income As Reported": 21260000.0,
        "Diluted Average Shares": 19234000.0,
        "Basic Average Shares": 19174000.0,
        "Diluted EPS": 0.81,
        "Basic EPS": 0.81,
        "Diluted NI Availto Com Stockholders": 15563000.0,
        "Net Income Common Stockholders": 15563000.0,
        "Net Income": 15563000.0,
        "Net Income Including Noncontrolling Interests": 15563000.0,
        "Net Income Continuous Operations": 15563000.0,
        "Tax Provision": 5647000.0,
        "Pretax Income": 21210000.0,
        "Other Income Expense": 106000.0,
        "Special Income Charges": NaN,
        "Impairment Of Capital Assets": NaN,
        "Gain On Sale Of Security": 106000.0,
        "Net Non Operating Interest Income Expense": -156000.0,
        "Interest Expense Non Operating": 156000.0,
        "Operating Income": 21260000.0,
        "Operating Expense": 87816000.0,
        "Other Operating Expenses": NaN,
        "Selling General And Administration": 87816000.0,
        "Selling And Marketing Expense": 72159000.0,
        "General And Administrative Expense": 15657000.0,
        "Other Gand A": 15657000.0,
        "Gross Profit": 109076000.0,
        "Cost Of Revenue": 271151000.0,
        "Total Revenue": 380227000.0,
        "Operating Revenue": 380227000.0
    },
    "2022-03-31": {
        "Diluted EPS": 0.17,
        "Total Revenue": 282,
        "Gross Profit": 65,
        "Operating Income": 4,
        "EBIT": 17,
        "Net Income": 3
    },
    "2021-12-31": {
        "Diluted EPS": 0.58,
        "Total Revenue": 318,
        "Gross Profit": 79,
        "Operating Income": 15,
        "EBIT": 27,
        "Net Income": 11
    },
    "2021-09-30": {
        "Diluted EPS": 0.99,
        "Total Revenue": 323,
        "Gross Profit": 92,
        "Operating Income": 25,
        "EBIT": 36,
        "Net Income": 19
    },
    "2021-06-30": {
        "Diluted EPS": 1.51,
        "Total Revenue": 324,
        "Gross Profit": 96,
        "Operating Income": 38,
        "EBIT": 51,
        "Net Income": 29
    },
    "2021-03-31": {
        "Diluted EPS": 0.32,
        "Total Revenue": 256,
        "Gross Profit": 61,
        "Operating Income": 7,
        "EBIT": 20,
        "Net Income": 6
    },
    "2020-12-31": {
        "Diluted EPS": 0.09,
        "Total Revenue": 241,
        "Gross Profit": 50,
        "Operating Income": 1,
        "EBIT": 14,
        "Net Income": 2
    },
    "2020-09-30": {
        "Diluted EPS": 0.36,
        "Total Revenue": 253,
        "Gross Profit": 54,
        "Operating Income": 4,
        "EBIT": 17,
        "Net Income": 7
    },
    "2020-06-30": {
        "Diluted EPS": -0.67,
        "Total Revenue": 215,
        "Gross Profit": 37,
        "Operating Income": -19,
        "EBIT": -6,
        "Net Income": -13
    },
    "2020-03-31": {
        "Diluted EPS": 0.38,
        "Total Revenue": 272,
        "Gross Profit": 69,
        "Operating Income": 11,
        "EBIT": 25,
        "Net Income": 7
    },
    "2019-12-31": {
        "Diluted EPS": 0.89,
        "Total Revenue": 283,
        "Gross Profit": 78,
        "Operating Income": 22,
        "EBIT": 34,
        "Net Income": 17
    },
    "2019-09-30": {
        "Diluted EPS": 1.36,
        "Total Revenue": 312,
        "Gross Profit": 93,
        "Operating Income": 31,
        "EBIT": 44,
        "Net Income": 26
    },
    "2019-06-30": {
        "Diluted EPS": 1.63,
        "Total Revenue": 327,
        "Gross Profit": 101,
        "Operating Income": 39,
        "EBIT": 51,
        "Net Income": 31
    },
    "2019-03-31": {
        "Diluted EPS": 1.08,
        "Total Revenue": 276,
        "Gross Profit": 79,
        "Operating Income": 25,
        "EBIT": 37,
        "Net Income": 20
    },
    "2018-12-31": {
        "Diluted EPS": 0.93,
        "Total Revenue": 272,
        "Gross Profit": 77,
        "Operating Income": 22,
        "EBIT": 34,
        "Net Income": 18
    },
    "2018-09-30": {
        "Diluted EPS": 1.24,
        "Total Revenue": 301,
        "Gross Profit": 91,
        "Operating Income": 31,
        "EBIT": 44,
        "Net Income": 23
    },
    "2018-06-30": {
        "Diluted EPS": 1.39,
        "Total Revenue": 306,
        "Gross Profit": 94,
        "Operating Income": 35,
        "EBIT": 46,
        "Net Income": 26
    },
    "2018-03-31": {
        "Diluted EPS": 0.95,
        "Total Revenue": 266,
        "Gross Profit": 77,
        "Operating Income": 24,
        "EBIT": 35,
        "Net Income": 18
    },
    "2017-12-31": {
        "Diluted EPS": 1.93,
        "Total Revenue": 265,
        "Gross Profit": 73,
        "Operating Income": 21,
        "EBIT": 33,
        "Net Income": 36
    },
    "2017-09-30": {
        "Diluted EPS": 1.3,
        "Total Revenue": 317,
        "Gross Profit": 98,
        "Operating Income": 37,
        "EBIT": 49,
        "Net Income": 24
    },
    "2017-06-30": {
        "Diluted EPS": 1.34,
        "Total Revenue": 295,
        "Gross Profit": 95,
        "Operating Income": 38,
        "EBIT": 48,
        "Net Income": 25
    },
    "2017-03-31": {
        "Diluted EPS": 0.85,
        "Total Revenue": 247,
        "Gross Profit": 73,
        "Operating Income": 24,
        "EBIT": 35,
        "Net Income": 16
    },
    "2016-12-31": {
        "Diluted EPS": 0.72,
        "Total Revenue": 226,
        "Gross Profit": 66,
        "Operating Income": 19,
        "EBIT": 29,
        "Net Income": 14
    },
    "2016-09-30": {
        "Diluted EPS": 1.1,
        "Total Revenue": 262,
        "Gross Profit": 80,
        "Operating Income": 31,
        "EBIT": 42,
        "Net Income": 21
    },
    "2016-06-30": {
        "Diluted EPS": 1.43,
        "Total Revenue": 278,
        "Gross Profit": 92,
        "Operating Income": 40,
        "EBIT": 51,
        "Net Income": 27
    },
    "2016-03-31": {
        "Diluted EPS": 0.83,
        "Total Revenue": 230,
        "Gross Profit": 69,
        "Operating Income": 23,
        "EBIT": 33,
        "Net Income": 16
    },
    "2015-12-31": {
        "Diluted EPS": 0.69,
        "Total Revenue": 223,
        "Gross Profit": 64,
        "Operating Income": 18,
        "EBIT": 28,
        "Net Income": 13
    },
    "2015-09-30": {
        "Diluted EPS": 1.05,
        "Total Revenue": 260,
        "Gross Profit": 82,
        "Operating Income": 34,
        "EBIT": 44,
        "Net Income": 20
    },
    "2015-06-30": {
        "Diluted EPS": 1.3,
        "Total Revenue": 279,
        "Gross Profit": 90,
        "Operating Income": 39,
        "EBIT": 48,
        "Net Income": 24
    },
    "2015-03-31": {
        "Diluted EPS": 0.78,
        "Total Revenue": 225,
        "Gross Profit": 67,
        "Operating Income": 22,
        "EBIT": 31,
        "Net Income": 15
    },
    "2014-12-31": {
        "Diluted EPS": 0.6,
        "Total Revenue": 213,
        "Gross Profit": 61,
        "Operating Income": 17,
        "EBIT": 26,
        "Net Income": 11
    },
    "2014-09-30": {
        "Diluted EPS": 1.18,
        "Total Revenue": 253,
        "Gross Profit": 82,
        "Operating Income": 33,
        "EBIT": 42,
        "Net Income": 22
    },
    "2014-06-30": {
        "Diluted EPS": 1.26,
        "Total Revenue": 257,
        "Gross Profit": 84,
        "Operating Income": 36,
        "EBIT": 45,
        "Net Income": 24
    },
    "2014-03-31": {
        "Diluted EPS": 0.72,
        "Total Revenue": 205,
        "Gross Profit": 61,
        "Operating Income": 20,
        "EBIT": 29,
        "Net Income": 14
    },
    "2013-12-31": {
        "Diluted EPS": 0.66,
        "Total Revenue": 204,
        "Gross Profit": 60,
        "Operating Income": 18,
        "EBIT": 27,
        "Net Income": 12
    },
    "2013-09-30": {
        "Diluted EPS": 1.08,
        "Total Revenue": 238,
        "Gross Profit": 76,
        "Operating Income": 31,
        "EBIT": 39,
        "Net Income": 20
    },
    "2013-06-30": {
        "Diluted EPS": 1.12,
        "Total Revenue": 237,
        "Gross Profit": 75,
        "Operating Income": 32,
        "EBIT": 41,
        "Net Income": 21
    },
    "2013-03-31": {
        "Diluted EPS": 0.67,
        "Total Revenue": 201,
        "Gross Profit": 58,
        "Operating Income": 19,
        "EBIT": 27,
        "Net Income": 13
    },
    "2012-12-31": {
        "Diluted EPS": 0.54,
        "Total Revenue": 191,
        "Gross Profit": 54,
        "Operating Income": 15,
        "EBIT": 23,
        "Net Income": 10
    },
    "2012-09-30": {
        "Diluted EPS": 1.03,
        "Total Revenue": 242,
        "Gross Profit": 77,
        "Operating Income": 30,
        "EBIT": 38,
        "Net Income": 20
    },
    "2012-06-30": {
        "Diluted EPS": 0.99,
        "Total Revenue": 226,
        "Gross Profit": 73,
        "Operating Income": 30,
        "EBIT": 38,
        "Net Income": 19
    },
    "2012-03-31": {
        "Diluted EPS": 0.55,
        "Total Revenue": 190,
        "Gross Profit": 54,
        "Operating Income": 16,
        "EBIT": 24,
        "Net Income": 10
    },
    "2011-12-31": {
        "Diluted EPS": 0.29,
        "Total Revenue": 173,
        "Gross Profit": 46,
        "Operating Income": 8,
        "EBIT": 16,
        "Net Income": 5
    },
    "2011-09-30": {
        "Diluted EPS": 0.85,
        "Total Revenue": 219,
        "Gross Profit": 67,
        "Operating Income": 25,
        "EBIT": 32,
        "Net Income": 16
    },
    "2011-06-30": {
        "Diluted EPS": 1.24,
        "Total Revenue": 206,
        "Gross Profit": 68,
        "Operating Income": 27,
        "EBIT": 35,
        "Net Income": 23
    },
    "2011-03-31": {
        "Diluted EPS": 0.46,
        "Total Revenue": 163,
        "Gross Profit": 49,
        "Operating Income": 14,
        "EBIT": 21,
        "Net Income": 9
    },
    "2010-12-31": {
        "Diluted EPS": 0.38,
        "Total Revenue": 156,
        "Gross Profit": 46,
        "Operating Income": 11,
        "EBIT": 19,
        "Net Income": 7
    },
    "2010-09-30": {
        "Diluted EPS": 0.88,
        "Total Revenue": 201,
        "Gross Profit": 67,
        "Operating Income": 25,
        "EBIT": 33,
        "Net Income": 16
    },
    "2010-06-30": {
        "Diluted EPS": 0.85,
        "Total Revenue": 190,
        "Gross Profit": 65,
        "Operating Income": 26,
        "EBIT": 34,
        "Net Income": 16
    },
    "2010-03-31": {
        "Diluted EPS": 0.48,
        "Total Revenue": 157,
        "Gross Profit": 50,
        "Operating Income": 15,
        "EBIT": 22,
        "Net Income": 9
    },
    "2009-12-31": {
        "Diluted EPS": 0.38,
        "Total Revenue": 149,
        "Gross Profit": 46,
        "Operating Income": 11,
        "EBIT": 19,
        "Net Income": 7
    },
    "2009-09-30": {
        "Diluted EPS": 0.79,
        "Total Revenue": 183,
        "Gross Profit": 62,
        "Operating Income": 24,
        "EBIT": 31,
        "Net Income": 15
    },
    "2009-06-30": {
        "Diluted EPS": 0.8,
        "Total Revenue": 180,
        "Gross Profit": 61,
        "Operating Income": 24,
        "EBIT": 31,
        "Net Income": 15
    },
    "2009-03-31": {
        "Diluted EPS": 0.39,
        "Total Revenue": 149,
        "Gross Profit": 45,
        "Operating Income": 12,
        "EBIT": 19,
        "Net Income": 7
    },
    "2023-09-30": {
        "Tax Effect Of Unusual Items": NaN,
        "Tax Rate For Calcs": NaN,
        "Normalized EBITDA": NaN,
        "Total Unusual Items": NaN,
        "Total Unusual Items Excluding Goodwill": NaN,
        "Net Income From Continuing Operation Net Minority Interest": NaN,
        "Reconciled Depreciation": NaN,
        "Reconciled Cost Of Revenue": NaN,
        "EBITDA": NaN,
        "EBIT": NaN,
        "Net Interest Income": NaN,
        "Interest Expense": NaN,
        "Normalized Income": NaN,
        "Net Income From Continuing And Discontinued Operation": NaN,
        "Total Expenses": NaN,
        "Total Operating Income As Reported": NaN,
        "Diluted Average Shares": 19398000.0,
        "Basic Average Shares": 19306000.0,
        "Diluted EPS": 1.57,
        "Basic EPS": 1.58,
        "Diluted NI Availto Com Stockholders": NaN,
        "Net Income Common Stockholders": NaN,
        "Net Income": NaN,
        "Net Income Including Noncontrolling Interests": NaN,
        "Net Income Continuous Operations": NaN,
        "Tax Provision": NaN,
        "Pretax Income": NaN,
        "Other Income Expense": NaN,
        "Gain On Sale Of Security": NaN,
        "Net Non Operating Interest Income Expense": NaN,
        "Interest Expense Non Operating": NaN,
        "Operating Income": NaN,
        "Operating Expense": NaN,
        "Other Operating Expenses": NaN,
        "Selling General And Administration": NaN,
        "Selling And Marketing Expense": NaN,
        "General And Administrative Expense": NaN,
        "Other Gand A": NaN,
        "Gross Profit": NaN,
        "Cost Of Revenue": NaN,
        "Total Revenue": NaN,
        "Operating Revenue": NaN
    },
    "2023-12-31": {
        "Tax Effect Of Unusual Items": NaN,
        "Tax Rate For Calcs": NaN,
        "Normalized EBITDA": NaN,
        "Total Unusual Items": NaN,
        "Total Unusual Items Excluding Goodwill": NaN,
        "Net Income From Continuing Operation Net Minority Interest": NaN,
        "Reconciled Depreciation": NaN,
        "Reconciled Cost Of Revenue": NaN,
        "EBITDA": NaN,
        "EBIT": NaN,
        "Net Interest Income": NaN,
        "Interest Expense": NaN,
        "Normalized Income": NaN,
        "Net Income From Continuing And Discontinued Operation": NaN,
        "Total Expenses": NaN,
        "Total Operating Income As Reported": NaN,
        "Diluted Average Shares": NaN,
        "Basic Average Shares": NaN,
        "Diluted EPS": NaN,
        "Basic EPS": NaN,
        "Diluted NI Availto Com Stockholders": NaN,
        "Net Income Common Stockholders": NaN,
        "Net Income": NaN,
        "Net Income Including Noncontrolling Interests": NaN,
        "Net Income Continuous Operations": NaN,
        "Tax Provision": NaN,
        "Pretax Income": NaN,
        "Other Income Expense": NaN,
        "Special Income Charges": NaN,
        "Other Special Charges": NaN,
        "Impairment Of Capital Assets": NaN,
        "Gain On Sale Of Security": NaN,
        "Net Non Operating Interest Income Expense": NaN,
        "Interest Expense Non Operating": NaN,
        "Operating Income": NaN,
        "Operating Expense": NaN,
        "Other Operating Expenses": -1072000.0,
        "Selling General And Administration": NaN,
        "Selling And Marketing Expense": NaN,
        "General And Administrative Expense": NaN,
        "Other Gand A": NaN,
        "Gross Profit": NaN,
        "Cost Of Revenue": NaN,
        "Total Revenue": NaN,
        "Operating Revenue": NaN
    },
    "2024-03-31": {
        "Tax Effect Of Unusual Items": 181932.925822,
        "Tax Rate For Calcs": 0.265984,
        "Normalized EBITDA": 35304000.0,
        "Total Unusual Items": 684000.0,
        "Total Unusual Items Excluding Goodwill": 684000.0,
        "Net Income From Continuing Operation Net Minority Interest": 13329000.0,
        "Reconciled Depreciation": 17400000.0,
        "Reconciled Cost Of Revenue": 251491000.0,
        "EBITDA": 35988000.0,
        "EBIT": 18588000.0,
        "Net Interest Income": -429000.0,
        "Interest Expense": 429000.0,
        "Normalized Income": 12826932.925822,
        "Net Income From Continuing And Discontinued Operation": 13329000.0,
        "Total Expenses": 341830000.0,
        "Total Operating Income As Reported": 17904000.0,
        "Diluted Average Shares": 19418000.0,
        "Basic Average Shares": 19380000.0,
        "Diluted EPS": 0.69,
        "Basic EPS": 0.69,
        "Diluted NI Availto Com Stockholders": 13329000.0,
        "Net Income Common Stockholders": 13329000.0,
        "Net Income": 13329000.0,
        "Net Income Including Noncontrolling Interests": 13329000.0,
        "Net Income Continuous Operations": 13329000.0,
        "Tax Provision": 4830000.0,
        "Pretax Income": 18159000.0,
        "Other Income Expense": 684000.0,
        "Gain On Sale Of Security": 684000.0,
        "Net Non Operating Interest Income Expense": -429000.0,
        "Interest Expense Non Operating": 429000.0,
        "Operating Income": 17904000.0,
        "Operating Expense": 90339000.0,
        "Other Operating Expenses": NaN,
        "Selling General And Administration": 90339000.0,
        "Selling And Marketing Expense": 71899000.0,
        "General And Administrative Expense": 18440000.0,
        "Other Gand A": 18440000.0,
        "Gross Profit": 108243000.0,
        "Cost Of Revenue": 251491000.0,
        "Total Revenue": 359734000.0,
        "Operating Revenue": 359734000.0
    },
    "2024-06-30": {
        "Tax Effect Of Unusual Items": NaN,
        "Tax Rate For Calcs": NaN,
        "Normalized EBITDA": NaN,
        "Total Unusual Items": NaN,
        "Total Unusual Items Excluding Goodwill": NaN,
        "Net Income From Continuing Operation Net Minority Interest": NaN,
        "Reconciled Depreciation": NaN,
        "Reconciled Cost Of Revenue": NaN,
        "EBITDA": NaN,
        "EBIT": NaN,
        "Net Interest Income": NaN,
        "Interest Expense": NaN,
        "Normalized Income": NaN,
        "Net Income From Continuing And Discontinued Operation": NaN,
        "Total Expenses": NaN,
        "Total Operating Income As Reported": NaN,
        "Diluted Average Shares": NaN,
        "Basic Average Shares": NaN,
        "Diluted EPS": NaN,
        "Basic EPS": NaN,
        "Diluted NI Availto Com Stockholders": NaN,
        "Net Income Common Stockholders": NaN,
        "Net Income": NaN,
        "Net Income Including Noncontrolling Interests": NaN,
        "Net Income Continuous Operations": NaN,
        "Tax Provision": NaN,
        "Pretax Income": NaN,
        "Other Income Expense": NaN,
        "Special Income Charges": 0.0,
        "Other Special Charges": NaN,
        "Impairment Of Capital Assets": 0.0,
        "Gain On Sale Of Security": NaN,
        "Net Non Operating Interest Income Expense": NaN,
        "Interest Expense Non Operating": NaN,
        "Operating Income": NaN,
        "Operating Expense": NaN,
        "Selling General And Administration": NaN,
        "Selling And Marketing Expense": NaN,
        "General And Administrative Expense": NaN,
        "Other Gand A": NaN,
        "Gross Profit": NaN,
        "Cost Of Revenue": NaN,
        "Total Revenue": NaN,
        "Operating Revenue": NaN
    },
    "2024-09-30": {
        "Tax Effect Of Unusual Items": 258394.263287,
        "Tax Rate For Calcs": 0.268322,
        "Normalized EBITDA": 58058000.0,
        "Total Unusual Items": 963000.0,
        "Total Unusual Items Excluding Goodwill": 963000.0,
        "Net Income From Continuing Operation Net Minority Interest": 29641000.0,
        "Reconciled Depreciation": 18216000.0,
        "Reconciled Cost Of Revenue": 291225000.0,
        "EBITDA": 59021000.0,
        "EBIT": 40805000.0,
        "Net Interest Income": -294000.0,
        "Interest Expense": 294000.0,
        "Normalized Income": 28936394.263287,
        "Net Income From Continuing And Discontinued Operation": 29641000.0,
        "Total Expenses": 386914000.0,
        "Total Operating Income As Reported": 39842000.0,
        "Diluted Average Shares": 19532000.0,
        "Basic Average Shares": 19444000.0,
        "Diluted EPS": 1.52,
        "Basic EPS": 1.52,
        "Diluted NI Availto Com Stockholders": 29641000.0,
        "Net Income Common Stockholders": 29641000.0,
        "Net Income": 29641000.0,
        "Net Income Including Noncontrolling Interests": 29641000.0,
        "Net Income Continuous Operations": 29641000.0,
        "Tax Provision": 10870000.0,
        "Pretax Income": 40511000.0,
        "Other Income Expense": 963000.0,
        "Special Income Charges": NaN,
        "Other Special Charges": NaN,
        "Impairment Of Capital Assets": NaN,
        "Gain On Sale Of Security": 963000.0,
        "Net Non Operating Interest Income Expense": -294000.0,
        "Interest Expense Non Operating": 294000.0,
        "Operating Income": 39842000.0,
        "Operating Expense": 95689000.0,
        "Selling General And Administration": 96286000.0,
        "Selling And Marketing Expense": 77060000.0,
        "General And Administrative Expense": 19226000.0,
        "Other Gand A": 19226000.0,
        "Gross Profit": 135531000.0,
        "Cost Of Revenue": 291225000.0,
        "Total Revenue": 426756000.0,
        "Operating Revenue": 426756000.0
    },
    "2024-12-31": {
        "Tax Effect Of Unusual Items": 282064.0,
        "Tax Rate For Calcs": 0.272,
        "Normalized EBITDA": 23983000.0,
        "Total Unusual Items": 1037000.0,
        "Total Unusual Items Excluding Goodwill": 1037000.0,
        "Net Income From Continuing Operation Net Minority Interest": 5143000.0,
        "Reconciled Depreciation": 17744000.0,
        "Reconciled Cost Of Revenue": 268697000.0,
        "EBITDA": 25020000.0,
        "EBIT": 7276000.0,
        "Net Interest Income": -212000.0,
        "Interest Expense": 212000.0,
        "Normalized Income": 4388064.0,
        "Net Income From Continuing And Discontinued Operation": 5143000.0,
        "Total Expenses": 356359000.0,
        "Total Operating Income As Reported": 6239000.0,
        "Diluted Average Shares": 19563000.0,
        "Basic Average Shares": 19471000.0,
        "Diluted EPS": 0.26,
        "Basic EPS": 0.26,
        "Diluted NI Availto Com Stockholders": 5143000.0,
        "Net Income Common Stockholders": 5143000.0,
        "Net Income": 5143000.0,
        "Net Income Including Noncontrolling Interests": 5143000.0,
        "Net Income Continuous Operations": 5143000.0,
        "Tax Provision": 1921000.0,
        "Pretax Income": 7064000.0,
        "Other Income Expense": 1037000.0,
        "Special Income Charges": NaN,
        "Other Special Charges": NaN,
        "Impairment Of Capital Assets": NaN,
        "Gain On Sale Of Security": 1037000.0,
        "Net Non Operating Interest Income Expense": -212000.0,
        "Interest Expense Non Operating": 212000.0,
        "Operating Income": 6239000.0,
        "Operating Expense": 87662000.0,
        "Selling General And Administration": 87662000.0,
        "Selling And Marketing Expense": 68279000.0,
        "General And Administrative Expense": 19383000.0,
        "Other Gand A": 19383000.0,
        "Gross Profit": 93901000.0,
        "Cost Of Revenue": 268697000.0,
        "Total Revenue": 362598000.0,
        "Operating Revenue": 362598000.0
    },
    "2025-03-31": {
        "Tax Effect Of Unusual Items": 187408.0,
        "Tax Rate For Calcs": 0.272,
        "Normalized EBITDA": 23789000.0,
        "Total Unusual Items": 689000.0,
        "Total Unusual Items Excluding Goodwill": 689000.0,
        "Net Income From Continuing Operation Net Minority Interest": 4824000.0,
        "Reconciled Depreciation": 17766000.0,
        "Reconciled Cost Of Revenue": 260396000.0,
        "EBITDA": 24478000.0,
        "EBIT": 6712000.0,
        "Net Interest Income": -85000.0,
        "Interest Expense": 85000.0,
        "Normalized Income": 4322408.0,
        "Net Income From Continuing And Discontinued Operation": 4824000.0,
        "Total Expenses": 350076000.0,
        "Total Operating Income As Reported": 6023000.0,
        "Diluted Average Shares": 19563000.0,
        "Basic Average Shares": 19488000.0,
        "Diluted EPS": 0.25,
        "Basic EPS": 0.25,
        "Diluted NI Availto Com Stockholders": 4824000.0,
        "Net Income Common Stockholders": 4824000.0,
        "Net Income": 4824000.0,
        "Net Income Including Noncontrolling Interests": 4824000.0,
        "Net Income Continuous Operations": 4824000.0,
        "Tax Provision": 1803000.0,
        "Pretax Income": 6627000.0,
        "Other Income Expense": 689000.0,
        "Special Income Charges": NaN,
        "Other Special Charges": NaN,
        "Impairment Of Capital Assets": NaN,
        "Gain On Sale Of Security": 689000.0,
        "Net Non Operating Interest Income Expense": -85000.0,
        "Interest Expense Non Operating": 85000.0,
        "Operating Income": 6023000.0,
        "Operating Expense": 89680000.0,
        "Selling General And Administration": 89680000.0,
        "Selling And Marketing Expense": 70340000.0,
        "General And Administrative Expense": 19340000.0,
        "Other Gand A": 19340000.0,
        "Gross Profit": 95703000.0,
        "Cost Of Revenue": 260396000.0,
        "Total Revenue": 356099000.0,
        "Operating Revenue": 356099000.0
    },
    "2025-06-30": {
        "Tax Effect Of Unusual Items": 2650368.0,
        "Tax Rate For Calcs": 0.272,
        "Normalized EBITDA": 70132000.0,
        "Total Unusual Items": 9744000.0,
        "Total Unusual Items Excluding Goodwill": 9744000.0,
        "Net Income From Continuing Operation Net Minority Interest": 44247000.0,
        "Reconciled Depreciation": 18657000.0,
        "Reconciled Cost Of Revenue": 304248000.0,
        "EBITDA": 79876000.0,
        "EBIT": 61219000.0,
        "Net Interest Income": -441000.0,
        "Interest Expense": 441000.0,
        "Normalized Income": 37153368.0,
        "Net Income From Continuing And Discontinued Operation": 44247000.0,
        "Total Expenses": 402818000.0,
        "Total Operating Income As Reported": 60597000.0,
        "Diluted Average Shares": 19537000.0,
        "Basic Average Shares": 19455000.0,
        "Diluted EPS": 2.26,
        "Basic EPS": 2.27,
        "Diluted NI Availto Com Stockholders": 44247000.0,
        "Net Income Common Stockholders": 44247000.0,
        "Net Income": 44247000.0,
        "Net Income Including Noncontrolling Interests": 44247000.0,
        "Net Income Continuous Operations": 44247000.0,
        "Tax Provision": 16531000.0,
        "Pretax Income": 60778000.0,
        "Other Income Expense": 9744000.0,
        "Special Income Charges": 9122000.0,
        "Other Special Charges": -10622000.0,
        "Impairment Of Capital Assets": 1500000.0,
        "Gain On Sale Of Security": 622000.0,
        "Net Non Operating Interest Income Expense": -441000.0,
        "Interest Expense Non Operating": 441000.0,
        "Operating Income": 51475000.0,
        "Operating Expense": 98570000.0,
        "Selling General And Administration": 98570000.0,
        "Selling And Marketing Expense": 78532000.0,
        "General And Administrative Expense": 20038000.0,
        "Other Gand A": 20038000.0,
        "Gross Profit": 150045000.0,
        "Cost Of Revenue": 304248000.0,
        "Total Revenue": 454293000.0,
        "Operating Revenue": 454293000.0
    },
    "2025-09-30": {
        "Tax Effect Of Unusual Items": -1141636.956522,
        "Tax Rate For Calcs": 0.048411,
        "Normalized EBITDA": 55462000.0,
        "Total Unusual Items": -23582000.0,
        "Total Unusual Items Excluding Goodwill": -23582000.0,
        "Net Income From Continuing Operation Net Minority Interest": 11381000.0,
        "Reconciled Depreciation": 19165000.0,
        "Reconciled Cost Of Revenue": 280010000.0,
        "EBITDA": 31880000.0,
        "EBIT": 12715000.0,
        "Net Interest Income": -755000.0,
        "Interest Expense": 755000.0,
        "Normalized Income": 33821363.043478,
        "Net Income From Continuing And Discontinued Operation": 11381000.0,
        "Total Expenses": 373946000.0,
        "Total Operating Income As Reported": 11467000.0,
        "Diluted Average Shares": 19549000.0,
        "Basic Average Shares": 19451000.0,
        "Diluted EPS": 0.58,
        "Basic EPS": 0.59,
        "Diluted NI Availto Com Stockholders": 11381000.0,
        "Net Income Common Stockholders": 11381000.0,
        "Net Income": 11381000.0,
        "Net Income Including Noncontrolling Interests": 11381000.0,
        "Net Income Continuous Operations": 11381000.0,
        "Tax Provision": 579000.0,
        "Pretax Income": 11960000.0,
        "Other Income Expense": -23582000.0,
        "Special Income Charges": -24830000.0,
        "Other Special Charges": 0.0,
        "Impairment Of Capital Assets": 757000.0,
        "Gain On Sale Of Security": 1248000.0,
        "Net Non Operating Interest Income Expense": -755000.0,
        "Interest Expense Non Operating": 755000.0,
        "Operating Income": 36297000.0,
        "Operating Expense": 93936000.0,
        "Selling General And Administration": 93936000.0,
        "Selling And Marketing Expense": 74760000.0,
        "General And Administrative Expense": 19176000.0,
        "Other Gand A": 19176000.0,
        "Gross Profit": 130233000.0,
        "Cost Of Revenue": 280010000.0,
        "Total Revenue": 410243000.0,
        "Operating Revenue": 410243000.0
    }
}