{
    "2023-03-31": {
        "Tax Effect Of Unusual Items": NaN,
        "Tax Rate For Calcs": NaN,
        "Normalized EBITDA": NaN,
        "Total Unusual Items": NaN,
        "Total Unusual Items Excluding Goodwill": NaN,
        "Net Income From Continuing Operation Net Minority Interest": NaN,
        "Reconciled Cost Of Revenue": NaN,
        "EBITDA": NaN,
        "EBIT": NaN,
        "Net Interest Income": NaN,
        "Interest Expense": NaN,
        "Interest Income": 235343000.0,
        "Normalized Income": NaN,
        "Net Income From Continuing And Discontinued Operation": NaN,
        "Total Expenses": NaN,
        "Total Operating Income As Reported": NaN,
        "Diluted Average Shares": 52738711.0,
        "Basic Average Shares": 50479936.0,
        "Diluted EPS": 14.96,
        "Basic EPS": 15.64,
        "Diluted NI Availto Com Stockholders": NaN,
        "Net Income Common Stockholders": NaN,
        "Net Income": NaN,
        "Minority Interests": NaN,
        "Net Income Including Noncontrolling Interests": NaN,
        "Net Income Continuous Operations": NaN,
        "Earnings From Equity Interest Net Of Tax": NaN,
        "Tax Provision": NaN,
        "Pretax Income": NaN,
        "Other Income Expense": NaN,
        "Other Non Operating Income Expenses": NaN,
        "Special Income Charges": NaN,
        "Impairment Of Capital Assets": NaN,
        "Gain On Sale Of Security": NaN,
        "Net Non Operating Interest Income Expense": NaN,
        "Interest Expense Non Operating": NaN,
        "Interest Income Non Operating": 235343000.0,
        "Operating Income": NaN,
        "Operating Expense": NaN,
        "Other Operating Expenses": NaN,
        "Research And Development": NaN,
        "Selling General And Administration": NaN,
        "Selling And Marketing Expense": NaN,
        "General And Administrative Expense": NaN,
        "Other Gand A": NaN,
        "Gross Profit": NaN,
        "Cost Of Revenue": NaN,
        "Total Revenue": NaN,
        "Operating Revenue": NaN
    },
    "2022-12-31": {
        "Tax Effect Of Unusual Items": 80000862.228274,
        "Tax Rate For Calcs": 0.23556,
        "Normalized EBITDA": 1487441000.0,
        "Total Unusual Items": 339620000.0,
        "Total Unusual Items Excluding Goodwill": 339620000.0,
        "Net Income From Continuing Operation Net Minority Interest": 665022000.0,
        "Reconciled Cost Of Revenue": 25793794000.0,
        "EBITDA": 1827061000.0,
        "EBIT": 1827061000.0,
        "Net Interest Income": -111716000.0,
        "Interest Expense": 700422000.0,
        "Normalized Income": 405402862.228274,
        "Net Income From Continuing And Discontinued Operation": 665022000.0,
        "Total Expenses": 29079115000.0,
        "Total Operating Income As Reported": 614418000.0,
        "Diluted Average Shares": 54810007.0,
        "Basic Average Shares": 50297297.0,
        "Diluted EPS": 5.84,
        "Basic EPS": 14.12,
        "Diluted NI Availto Com Stockholders": 665022000.0,
        "Net Income Common Stockholders": 665022000.0,
        "Net Income": 665022000.0,
        "Minority Interests": -344701000.0,
        "Net Income Including Noncontrolling Interests": 1009723000.0,
        "Net Income Continuous Operations": 1009723000.0,
        "Earnings From Equity Interest Net Of Tax": 148475000.0,
        "Tax Provision": 265391000.0,
        "Pretax Income": 1126639000.0,
        "Other Income Expense": 315415000.0,
        "Other Non Operating Income Expenses": -24205000.0,
        "Special Income Charges": -200241000.0,
        "Impairment Of Capital Assets": 214473000.0,
        "Gain On Sale Of Security": 539861000.0,
        "Net Non Operating Interest Income Expense": -111716000.0,
        "Interest Expense Non Operating": 700422000.0,
        "Operating Income": 922940000.0,
        "Operating Expense": 3285321000.0,
        "Other Operating Expenses": -94049000.0,
        "Research And Development": 228399000.0,
        "Selling General And Administration": 3150971000.0,
        "Selling And Marketing Expense": 2254369000.0,
        "General And Administrative Expense": 896602000.0,
        "Other Gand A": 896602000.0,
        "Gross Profit": 4208261000.0,
        "Cost Of Revenue": 25793794000.0,
        "Total Revenue": 30002055000.0,
        "Operating Revenue": 30002055000.0
    },
    "2022-09-30": {
        "Tax Effect Of Unusual Items": 85384194.956812,
        "Tax Rate For Calcs": 0.165777,
        "Normalized EBITDA": 523199000.0,
        "Total Unusual Items": 515054000.0,
        "Total Unusual Items Excluding Goodwill": 515054000.0,
        "Net Income From Continuing Operation Net Minority Interest": 549822000.0,
        "Reconciled Cost Of Revenue": 16447649000.0,
        "EBITDA": 1038253000.0,
        "EBIT": 1038253000.0,
        "Net Interest Income": -128749000.0,
        "Interest Expense": 128749000.0,
        "Normalized Income": 120152194.956812,
        "Net Income From Continuing And Discontinued Operation": 549822000.0,
        "Total Expenses": 19228190000.0,
        "Total Operating Income As Reported": 63128000.0,
        "Diluted Average Shares": 54759711.0,
        "Basic Average Shares": 50123508.0,
        "Diluted EPS": 6.4,
        "Basic EPS": 10.96,
        "Diluted NI Availto Com Stockholders": 549822000.0,
        "Net Income Common Stockholders": 549822000.0,
        "Net Income": 549822000.0,
        "Minority Interests": -247811000.0,
        "Net Income Including Noncontrolling Interests": 797633000.0,
        "Net Income Continuous Operations": 797633000.0,
        "Earnings From Equity Interest Net Of Tax": 38904000.0,
        "Tax Provision": 150775000.0,
        "Pretax Income": 909504000.0,
        "Other Income Expense": 747127000.0,
        "Other Non Operating Income Expenses": 232073000.0,
        "Special Income Charges": -2662000.0,
        "Impairment Of Capital Assets": 2662000.0,
        "Gain On Sale Of Security": 517716000.0,
        "Net Non Operating Interest Income Expense": -128749000.0,
        "Interest Expense Non Operating": 128749000.0,
        "Operating Income": 291126000.0,
        "Operating Expense": 2780541000.0,
        "Other Operating Expenses": -225336000.0,
        "Research And Development": 201690000.0,
        "Selling General And Administration": 2804187000.0,
        "Selling And Marketing Expense": 1980508000.0,
        "General And Administrative Expense": 823679000.0,
        "Other Gand A": 823679000.0,
        "Gross Profit": 3071667000.0,
        "Cost Of Revenue": 16447649000.0,
        "Total Revenue": 19519316000.0,
        "Operating Revenue": 19519316000.0
    },
    "2022-06-30": {
        "Tax Effect Of Unusual Items": 25979200.0,
        "Tax Rate For Calcs": 0.4,
        "Normalized EBITDA": -205185000.0,
        "Total Unusual Items": 64948000.0,
        "Total Unusual Items Excluding Goodwill": 64948000.0,
        "Net Income From Continuing Operation Net Minority Interest": -623269000.0,
        "Reconciled Cost Of Revenue": 16069363000.0,
        "EBITDA": -140237000.0,
        "EBIT": -140237000.0,
        "Net Interest Income": -88041000.0,
        "Interest Expense": 88041000.0,
        "Normalized Income": -662237800.0,
        "Net Income From Continuing And Discontinued Operation": -623269000.0,
        "Total Expenses": 18508838000.0,
        "Total Operating Income As Reported": -289050000.0,
        "Diluted Average Shares": 49473575.0,
        "Basic Average Shares": 49473575.0,
        "Diluted EPS": -12.6,
        "Basic EPS": -12.6,
        "Diluted NI Availto Com Stockholders": -623269000.0,
        "Net Income Common Stockholders": -623269000.0,
        "Net Income": -623269000.0,
        "Minority Interests": -276785000.0,
        "Net Income Including Noncontrolling Interests": -346484000.0,
        "Net Income Continuous Operations": -346484000.0,
        "Earnings From Equity Interest Net Of Tax": -117000.0,
        "Tax Provision": 118089000.0,
        "Pretax Income": -228278000.0,
        "Other Income Expense": -472541000.0,
        "Other Non Operating Income Expenses": -537489000.0,
        "Special Income Charges": -156598000.0,
        "Impairment Of Capital Assets": 156598000.0,
        "Gain On Sale Of Security": 221546000.0,
        "Net Non Operating Interest Income Expense": -88041000.0,
        "Interest Expense Non Operating": 88041000.0,
        "Operating Income": 332304000.0,
        "Operating Expense": 2439475000.0,
        "Other Operating Expenses": -464756000.0,
        "Research And Development": 149703000.0,
        "Selling General And Administration": 2754528000.0,
        "Selling And Marketing Expense": 1622544000.0,
        "General And Administrative Expense": 1131984000.0,
        "Other Gand A": 1131984000.0,
        "Gross Profit": 2771779000.0,
        "Cost Of Revenue": 16069363000.0,
        "Total Revenue": 18841142000.0,
        "Operating Revenue": 18841142000.0
    },
    "2022-03-31": {
        "Diluted EPS": 0.1,
        "Total Revenue": NaN,
        "Gross Profit": 351,
        "Operating Income": 6,
        "EBIT": 6,
        "Net Income": 5
    },
    "2021-12-31": {
        "Diluted EPS": 1.68,
        "Total Revenue": NaN,
        "Gross Profit": 426,
        "Operating Income": 78,
        "EBIT": 78,
        "Net Income": 39
    },
    "2021-09-30": {
        "Diluted EPS": -0.08,
        "Total Revenue": NaN,
        "Gross Profit": 201,
        "Operating Income": 17,
        "EBIT": 17,
        "Net Income": 30
    },
    "2021-06-30": {
        "Diluted EPS": 0.21,
        "Total Revenue": NaN,
        "Gross Profit": 211,
        "Operating Income": 55,
        "EBIT": 55,
        "Net Income": 10
    },
    "2021-03-31": {
        "Diluted EPS": -0.55,
        "Total Revenue": NaN,
        "Gross Profit": 207,
        "Operating Income": 23,
        "EBIT": 23,
        "Net Income": 34
    },
    "2020-12-31": {
        "Diluted EPS": -1.39,
        "Total Revenue": NaN,
        "Gross Profit": 278,
        "Operating Income": 28,
        "EBIT": 89,
        "Net Income": -51
    },
    "2020-09-30": {
        "Diluted EPS": 0.91,
        "Total Revenue": NaN,
        "Gross Profit": 220,
        "Operating Income": 80,
        "EBIT": 80,
        "Net Income": 1
    },
    "2020-06-30": {
        "Diluted EPS": 0.93,
        "Total Revenue": NaN,
        "Gross Profit": 214,
        "Operating Income": 62,
        "EBIT": 62,
        "Net Income": 45
    },
    "2020-03-31": {
        "Diluted EPS": 0.38,
        "Total Revenue": NaN,
        "Gross Profit": 234,
        "Operating Income": 103,
        "EBIT": 103,
        "Net Income": 40
    },
    "2019-12-31": {
        "Diluted EPS": 1.8,
        "Total Revenue": NaN,
        "Gross Profit": 247,
        "Operating Income": 86,
        "EBIT": 86,
        "Net Income": 54
    },
    "2019-09-30": {
        "Diluted EPS": 0.65,
        "Total Revenue": NaN,
        "Gross Profit": 223,
        "Operating Income": 89,
        "EBIT": 89,
        "Net Income": 51
    },
    "2019-06-30": {
        "Diluted EPS": 0.18,
        "Total Revenue": NaN,
        "Gross Profit": 167,
        "Operating Income": 38,
        "EBIT": 38,
        "Net Income": 18
    },
    "2019-03-31": {
        "Diluted EPS": 0.15,
        "Total Revenue": 868,
        "Gross Profit": 144,
        "Operating Income": 35,
        "EBIT": 35,
        "Net Income": 6
    },
    "2018-12-31": {
        "Diluted EPS": 0.4,
        "Total Revenue": NaN,
        "Gross Profit": 151,
        "Operating Income": 32,
        "EBIT": 32,
        "Net Income": 16
    },
    "2018-09-30": {
        "Diluted EPS": 0.72,
        "Total Revenue": 975,
        "Gross Profit": 145,
        "Operating Income": 27,
        "EBIT": 27,
        "Net Income": 28
    },
    "2018-06-30": {
        "Diluted EPS": 0.38,
        "Total Revenue": 916,
        "Gross Profit": 110,
        "Operating Income": 14,
        "EBIT": 14,
        "Net Income": 15
    },
    "2018-03-31": {
        "Diluted EPS": 0.02,
        "Total Revenue": 728,
        "Gross Profit": 105,
        "Operating Income": 20,
        "EBIT": 20,
        "Net Income": 1
    },
    "2017-12-31": {
        "Diluted EPS": 0.15,
        "Total Revenue": NaN,
        "Gross Profit": 126,
        "Operating Income": 15,
        "EBIT": 15,
        "Net Income": 4
    },
    "2017-09-30": {
        "Diluted EPS": 0.04,
        "Total Revenue": 965,
        "Gross Profit": 116,
        "Operating Income": 14,
        "EBIT": 14,
        "Net Income": 2
    },
    "2017-06-30": {
        "Diluted EPS": 0.22,
        "Total Revenue": NaN,
        "Gross Profit": 123,
        "Operating Income": 13,
        "EBIT": 13,
        "Net Income": 7
    },
    "2017-03-31": {
        "Diluted EPS": 0.28,
        "Total Revenue": 839,
        "Gross Profit": 94,
        "Operating Income": 8,
        "EBIT": 8,
        "Net Income": 9
    },
    "2016-12-31": {
        "Diluted EPS": 4.42,
        "Total Revenue": 483,
        "Gross Profit": 5,
        "Operating Income": -52,
        "EBIT": -52,
        "Net Income": 137
    },
    "2016-09-30": {
        "Diluted EPS": 0.92,
        "Total Revenue": 855,
        "Gross Profit": 189,
        "Operating Income": 90,
        "EBIT": 90,
        "Net Income": 35
    },
    "2016-06-30": {
        "Diluted EPS": 1.28,
        "Total Revenue": 896,
        "Gross Profit": 182,
        "Operating Income": 67,
        "EBIT": 67,
        "Net Income": 42
    },
    "2016-03-31": {
        "Diluted EPS": 1.44,
        "Total Revenue": 848,
        "Gross Profit": 181,
        "Operating Income": 89,
        "EBIT": 89,
        "Net Income": 49
    },
    "2015-12-31": {
        "Diluted EPS": 2.2,
        "Total Revenue": 884,
        "Gross Profit": 172,
        "Operating Income": 68,
        "EBIT": 68,
        "Net Income": 54
    },
    "2015-09-30": {
        "Diluted EPS": 0.48,
        "Total Revenue": 638,
        "Gross Profit": 136,
        "Operating Income": 60,
        "EBIT": 60,
        "Net Income": 31
    },
    "2015-06-30": {
        "Diluted EPS": 0.38,
        "Total Revenue": 516,
        "Gross Profit": 107,
        "Operating Income": 38,
        "EBIT": 38,
        "Net Income": 12
    },
    "2015-03-31": {
        "Diluted EPS": 0.26,
        "Total Revenue": 443,
        "Gross Profit": 90,
        "Operating Income": 37,
        "EBIT": 37,
        "Net Income": 8
    },
    "2014-12-31": {
        "Diluted EPS": 0.52,
        "Total Revenue": 479,
        "Gross Profit": 112,
        "Operating Income": 43,
        "EBIT": 43,
        "Net Income": 39
    },
    "2014-09-30": {
        "Diluted EPS": 1.32,
        "Total Revenue": 417,
        "Gross Profit": 86,
        "Operating Income": 39,
        "EBIT": 39,
        "Net Income": 46
    },
    "2014-06-30": {
        "Diluted EPS": 0.64,
        "Total Revenue": 392,
        "Gross Profit": 89,
        "Operating Income": 41,
        "EBIT": 41,
        "Net Income": 22
    },
    "2014-03-31": {
        "Diluted EPS": -0.2,
        "Total Revenue": 324,
        "Gross Profit": 78,
        "Operating Income": 33,
        "EBIT": 33,
        "Net Income": 2
    },
    "2013-12-31": {
        "Diluted EPS": 0.96,
        "Total Revenue": 361,
        "Gross Profit": 79,
        "Operating Income": 32,
        "EBIT": 48,
        "Net Income": 27
    },
    "2013-09-30": {
        "Diluted EPS": 0.72,
        "Total Revenue": 321,
        "Gross Profit": 72,
        "Operating Income": 40,
        "EBIT": 40,
        "Net Income": 17
    },
    "2013-06-30": {
        "Diluted EPS": 0.36,
        "Total Revenue": 288,
        "Gross Profit": 51,
        "Operating Income": 25,
        "EBIT": 25,
        "Net Income": 8
    },
    "2013-03-31": {
        "Diluted EPS": -0.92,
        "Total Revenue": 187,
        "Gross Profit": 24,
        "Operating Income": -3,
        "EBIT": -3,
        "Net Income": -21
    },
    "2012-12-31": {
        "Diluted EPS": -5.51,
        "Total Revenue": 187,
        "Gross Profit": 0,
        "Operating Income": -79,
        "EBIT": -79,
        "Net Income": -122
    },
    "2012-09-30": {
        "Diluted EPS": -0.39,
        "Total Revenue": 221,
        "Gross Profit": 22,
        "Operating Income": -8,
        "EBIT": -8,
        "Net Income": -9
    },
    "2012-06-30": {
        "Diluted EPS": -2.2,
        "Total Revenue": 195,
        "Gross Profit": 16,
        "Operating Income": -13,
        "EBIT": -13,
        "Net Income": -49
    },
    "2012-03-31": {
        "Diluted EPS": -2.55,
        "Total Revenue": 168,
        "Gross Profit": 1,
        "Operating Income": -49,
        "EBIT": -49,
        "Net Income": -57
    },
    "2011-12-31": {
        "Diluted EPS": -2.58,
        "Total Revenue": 190,
        "Gross Profit": -29,
        "Operating Income": -73,
        "EBIT": -73,
        "Net Income": -58
    },
    "2011-09-30": {
        "Diluted EPS": -1.86,
        "Total Revenue": 279,
        "Gross Profit": 10,
        "Operating Income": -31,
        "EBIT": -31,
        "Net Income": 11
    },
    "2011-06-30": {
        "Diluted EPS": 1.38,
        "Total Revenue": 351,
        "Gross Profit": 89,
        "Operating Income": 63,
        "EBIT": 63,
        "Net Income": 36
    },
    "2011-03-31": {
        "Diluted EPS": 2.1,
        "Total Revenue": 327,
        "Gross Profit": 85,
        "Operating Income": 64,
        "EBIT": 64,
        "Net Income": 51
    },
    "2010-12-31": {
        "Diluted EPS": 2.36,
        "Total Revenue": 268,
        "Gross Profit": 268,
        "Operating Income": 268,
        "EBIT": 268,
        "Net Income": 56
    },
    "2010-09-30": {
        "Diluted EPS": 1.75,
        "Total Revenue": 215,
        "Gross Profit": 72,
        "Operating Income": 57,
        "EBIT": 57,
        "Net Income": 39
    },
    "2010-06-30": {
        "Diluted EPS": 1.39,
        "Total Revenue": 133,
        "Gross Profit": 36,
        "Operating Income": 22,
        "EBIT": 22,
        "Net Income": 24
    },
    "2010-03-31": {
        "Diluted EPS": 0.49,
        "Total Revenue": 81,
        "Gross Profit": 81,
        "Operating Income": 81,
        "EBIT": 81,
        "Net Income": 11
    },
    "2009-12-31": {
        "Diluted EPS": 0.62,
        "Total Revenue": 101,
        "Gross Profit": 101,
        "Operating Income": 101,
        "EBIT": 101,
        "Net Income": 12
    },
    "2009-09-30": {
        "Diluted EPS": -0.17,
        "Total Revenue": 58,
        "Gross Profit": 58,
        "Operating Income": 58,
        "EBIT": 58,
        "Net Income": 2
    },
    "2009-06-30": {
        "Diluted EPS": -0.37,
        "Total Revenue": 32,
        "Gross Profit": 32,
        "Operating Income": 32,
        "EBIT": 32,
        "Net Income": 1
    },
    "2009-03-31": {
        "Diluted EPS": -0.51,
        "Total Revenue": 38,
        "Gross Profit": 38,
        "Operating Income": 38,
        "EBIT": 38,
        "Net Income": -2
    },
    "2023-06-30": {
        "Tax Effect Of Unusual Items": NaN,
        "Tax Rate For Calcs": NaN,
        "Normalized EBITDA": NaN,
        "Total Unusual Items": NaN,
        "Total Unusual Items Excluding Goodwill": NaN,
        "Net Income From Continuing Operation Net Minority Interest": NaN,
        "Reconciled Cost Of Revenue": NaN,
        "EBITDA": NaN,
        "EBIT": NaN,
        "Net Interest Income": NaN,
        "Interest Expense": NaN,
        "Interest Income": 123921000.0,
        "Normalized Income": NaN,
        "Net Income From Continuing And Discontinued Operation": NaN,
        "Total Expenses": NaN,
        "Total Operating Income As Reported": NaN,
        "Diluted Average Shares": NaN,
        "Basic Average Shares": NaN,
        "Diluted EPS": NaN,
        "Basic EPS": NaN,
        "Diluted NI Availto Com Stockholders": NaN,
        "Net Income Common Stockholders": NaN,
        "Net Income": NaN,
        "Minority Interests": NaN,
        "Net Income Including Noncontrolling Interests": NaN,
        "Net Income Continuous Operations": NaN,
        "Earnings From Equity Interest Net Of Tax": NaN,
        "Tax Provision": NaN,
        "Pretax Income": NaN,
        "Other Income Expense": NaN,
        "Other Non Operating Income Expenses": NaN,
        "Special Income Charges": NaN,
        "Impairment Of Capital Assets": NaN,
        "Gain On Sale Of Security": NaN,
        "Net Non Operating Interest Income Expense": NaN,
        "Interest Expense Non Operating": NaN,
        "Interest Income Non Operating": 123921000.0,
        "Operating Income": NaN,
        "Operating Expense": NaN,
        "Other Operating Expenses": NaN,
        "Research And Development": NaN,
        "Selling General And Administration": NaN,
        "Selling And Marketing Expense": NaN,
        "General And Administrative Expense": NaN,
        "Other Gand A": NaN,
        "Gross Profit": NaN,
        "Cost Of Revenue": NaN,
        "Total Revenue": NaN,
        "Operating Revenue": NaN
    },
    "2023-09-30": {
        "Tax Effect Of Unusual Items": -66562189.864978,
        "Tax Rate For Calcs": 0.146613,
        "Normalized EBITDA": 3460769000.0,
        "Total Unusual Items": -454000000.0,
        "Total Unusual Items Excluding Goodwill": -454000000.0,
        "Net Income From Continuing Operation Net Minority Interest": 1323373000.0,
        "Reconciled Cost Of Revenue": 25701047000.0,
        "EBITDA": 3006769000.0,
        "EBIT": 3006769000.0,
        "Net Interest Income": -148171000.0,
        "Interest Expense": 255951000.0,
        "Interest Income": 107780000.0,
        "Normalized Income": 1710810810.135022,
        "Net Income From Continuing And Discontinued Operation": 1323373000.0,
        "Total Expenses": 28751681000.0,
        "Total Operating Income As Reported": 2990204000.0,
        "Diluted Average Shares": 55795739.0,
        "Basic Average Shares": 51571720.0,
        "Diluted EPS": 18.44,
        "Basic EPS": 25.68,
        "Diluted NI Availto Com Stockholders": 1323373000.0,
        "Net Income Common Stockholders": 1323373000.0,
        "Net Income": 1323373000.0,
        "Minority Interests": -1001203000.0,
        "Net Income Including Noncontrolling Interests": 2324576000.0,
        "Net Income Continuous Operations": 2324576000.0,
        "Earnings From Equity Interest Net Of Tax": -22937000.0,
        "Tax Provision": 403305000.0,
        "Pretax Income": 2750818000.0,
        "Other Income Expense": -183588000.0,
        "Other Non Operating Income Expenses": 270412000.0,
        "Special Income Charges": -27912000.0,
        "Impairment Of Capital Assets": 27912000.0,
        "Gain On Sale Of Security": -426088000.0,
        "Net Non Operating Interest Income Expense": -148171000.0,
        "Interest Expense Non Operating": 255951000.0,
        "Interest Income Non Operating": 107780000.0,
        "Operating Income": 3082577000.0,
        "Operating Expense": 3050634000.0,
        "Other Operating Expenses": -64461000.0,
        "Research And Development": 218097000.0,
        "Selling General And Administration": 2896998000.0,
        "Selling And Marketing Expense": 1739184000.0,
        "General And Administrative Expense": 1157814000.0,
        "Other Gand A": 1157814000.0,
        "Gross Profit": 6133211000.0,
        "Cost Of Revenue": 25701047000.0,
        "Total Revenue": 31834258000.0,
        "Operating Revenue": 31834258000.0
    },
    "2023-12-31": {
        "Tax Effect Of Unusual Items": -87839933.855493,
        "Tax Rate For Calcs": 0.385444,
        "Normalized EBITDA": 1508055000.0,
        "Total Unusual Items": -227893000.0,
        "Total Unusual Items Excluding Goodwill": -227893000.0,
        "Net Income From Continuing Operation Net Minority Interest": 29315000.0,
        "Reconciled Cost Of Revenue": 28739437000.0,
        "EBITDA": 1280162000.0,
        "EBIT": 1280162000.0,
        "Net Interest Income": -205590000.0,
        "Interest Expense": 759121000.0,
        "Interest Income": NaN,
        "Normalized Income": 169368066.144507,
        "Net Income From Continuing And Discontinued Operation": 29315000.0,
        "Total Expenses": 31863752000.0,
        "Total Operating Income As Reported": 352459000.0,
        "Diluted Average Shares": 53816741.0,
        "Basic Average Shares": 52395680.0,
        "Diluted EPS": 0.56,
        "Basic EPS": 0.56,
        "Diluted NI Availto Com Stockholders": 23741000.0,
        "Net Income Common Stockholders": 29315000.0,
        "Net Income": 29315000.0,
        "Minority Interests": -293269000.0,
        "Net Income Including Noncontrolling Interests": 322584000.0,
        "Net Income Continuous Operations": 322584000.0,
        "Earnings From Equity Interest Net Of Tax": 2375000.0,
        "Tax Provision": 200832000.0,
        "Pretax Income": 521041000.0,
        "Other Income Expense": -239789000.0,
        "Other Non Operating Income Expenses": -11896000.0,
        "Special Income Charges": -59342000.0,
        "Impairment Of Capital Assets": 59342000.0,
        "Gain On Sale Of Security": -168551000.0,
        "Net Non Operating Interest Income Expense": -205590000.0,
        "Interest Expense Non Operating": 759121000.0,
        "Interest Income Non Operating": NaN,
        "Operating Income": 966420000.0,
        "Operating Expense": 3124315000.0,
        "Other Operating Expenses": -554619000.0,
        "Research And Development": 279642000.0,
        "Selling General And Administration": 3399292000.0,
        "Selling And Marketing Expense": 1857825000.0,
        "General And Administrative Expense": 1541467000.0,
        "Other Gand A": 1541467000.0,
        "Gross Profit": 4090735000.0,
        "Cost Of Revenue": 28739437000.0,
        "Total Revenue": 32830172000.0,
        "Operating Revenue": 32830172000.0
    },
    "2024-03-31": {
        "Tax Effect Of Unusual Items": 28254369.735105,
        "Tax Rate For Calcs": 0.334783,
        "Normalized EBITDA": 1621297000.0,
        "Total Unusual Items": 84396000.0,
        "Total Unusual Items Excluding Goodwill": 84396000.0,
        "Net Income From Continuing Operation Net Minority Interest": 609398000.0,
        "Reconciled Cost Of Revenue": 20309195000.0,
        "EBITDA": 1705693000.0,
        "EBIT": 1705693000.0,
        "Net Interest Income": -186833000.0,
        "Interest Expense": 281733000.0,
        "Interest Income": 94900000.0,
        "Normalized Income": 553256369.735105,
        "Net Income From Continuing And Discontinued Operation": 609398000.0,
        "Total Expenses": 23152044000.0,
        "Total Operating Income As Reported": -339608000.0,
        "Diluted Average Shares": 55911567.0,
        "Basic Average Shares": 54000354.0,
        "Diluted EPS": 5.36,
        "Basic EPS": 11.28,
        "Diluted NI Availto Com Stockholders": 609398000.0,
        "Net Income Common Stockholders": 609398000.0,
        "Net Income": 609398000.0,
        "Minority Interests": -351025000.0,
        "Net Income Including Noncontrolling Interests": 960423000.0,
        "Net Income Continuous Operations": 960423000.0,
        "Earnings From Equity Interest Net Of Tax": 13181000.0,
        "Tax Provision": 476718000.0,
        "Pretax Income": 1423960000.0,
        "Other Income Expense": 1718557000.0,
        "Other Non Operating Income Expenses": 1634161000.0,
        "Special Income Charges": 0.0,
        "Impairment Of Capital Assets": 0.0,
        "Gain On Sale Of Security": 84396000.0,
        "Net Non Operating Interest Income Expense": -186833000.0,
        "Interest Expense Non Operating": 281733000.0,
        "Interest Income Non Operating": 94900000.0,
        "Operating Income": -107764000.0,
        "Operating Expense": 2842849000.0,
        "Other Operating Expenses": -231844000.0,
        "Research And Development": 240428000.0,
        "Selling General And Administration": 2834265000.0,
        "Selling And Marketing Expense": 1466397000.0,
        "General And Administrative Expense": 1367868000.0,
        "Other Gand A": 1367868000.0,
        "Gross Profit": 2735085000.0,
        "Cost Of Revenue": 20309195000.0,
        "Total Revenue": 23044280000.0,
        "Operating Revenue": 23044280000.0
    },
    "2024-06-30": {
        "Tax Effect Of Unusual Items": -125052500.0,
        "Tax Rate For Calcs": 0.25,
        "Normalized EBITDA": 686050000.0,
        "Total Unusual Items": -500210000.0,
        "Total Unusual Items Excluding Goodwill": -500210000.0,
        "Net Income From Continuing Operation Net Minority Interest": -100653000.0,
        "Reconciled Cost Of Revenue": 21376366000.0,
        "EBITDA": 185840000.0,
        "EBIT": 185840000.0,
        "Net Interest Income": -105157000.0,
        "Interest Expense": 212897000.0,
        "Interest Income": 107740000.0,
        "Normalized Income": 274504500.0,
        "Net Income From Continuing And Discontinued Operation": -100653000.0,
        "Total Expenses": 23645104000.0,
        "Total Operating Income As Reported": -1138043000.0,
        "Diluted Average Shares": 52467480.0,
        "Basic Average Shares": 52019168.0,
        "Diluted EPS": -2.12,
        "Basic EPS": -1.92,
        "Diluted NI Availto Com Stockholders": -100653000.0,
        "Net Income Common Stockholders": -100653000.0,
        "Net Income": -100653000.0,
        "Minority Interests": 18847000.0,
        "Net Income Including Noncontrolling Interests": -119500000.0,
        "Net Income Continuous Operations": -119500000.0,
        "Earnings From Equity Interest Net Of Tax": -67644000.0,
        "Tax Provision": 24799000.0,
        "Pretax Income": -27057000.0,
        "Other Income Expense": -329845000.0,
        "Other Non Operating Income Expenses": 170365000.0,
        "Special Income Charges": -660964000.0,
        "Impairment Of Capital Assets": 660964000.0,
        "Gain On Sale Of Security": 160754000.0,
        "Net Non Operating Interest Income Expense": -105157000.0,
        "Interest Expense Non Operating": 212897000.0,
        "Interest Income Non Operating": 107740000.0,
        "Operating Income": 407945000.0,
        "Operating Expense": 2268738000.0,
        "Other Operating Expenses": -885024000.0,
        "Research And Development": 215394000.0,
        "Selling General And Administration": 2938368000.0,
        "Selling And Marketing Expense": 1797061000.0,
        "General And Administrative Expense": 1141307000.0,
        "Other Gand A": 1141307000.0,
        "Gross Profit": 2676683000.0,
        "Cost Of Revenue": 21376366000.0,
        "Total Revenue": 24053049000.0,
        "Operating Revenue": 24053049000.0
    },
    "2024-09-30": {
        "Tax Effect Of Unusual Items": -111181750.0,
        "Tax Rate For Calcs": 0.25,
        "Normalized EBITDA": 903297000.0,
        "Total Unusual Items": -444727000.0,
        "Total Unusual Items Excluding Goodwill": -444727000.0,
        "Net Income From Continuing Operation Net Minority Interest": 22532000.0,
        "Reconciled Cost Of Revenue": 20652556000.0,
        "EBITDA": 458570000.0,
        "EBIT": 458570000.0,
        "Net Interest Income": -202145000.0,
        "Interest Expense": 300935000.0,
        "Interest Income": 98790000.0,
        "Normalized Income": 356077250.0,
        "Net Income From Continuing And Discontinued Operation": 22532000.0,
        "Total Expenses": 23777369000.0,
        "Total Operating Income As Reported": 75534000.0,
        "Diluted Average Shares": 51240662.0,
        "Basic Average Shares": 51225727.0,
        "Diluted EPS": 0.44,
        "Basic EPS": 0.44,
        "Diluted NI Availto Com Stockholders": 22532000.0,
        "Net Income Common Stockholders": 22532000.0,
        "Net Income": 22532000.0,
        "Minority Interests": 16746000.0,
        "Net Income Including Noncontrolling Interests": 5786000.0,
        "Net Income Continuous Operations": 5786000.0,
        "Earnings From Equity Interest Net Of Tax": -3389000.0,
        "Tax Provision": 148460000.0,
        "Pretax Income": 157635000.0,
        "Other Income Expense": -371095000.0,
        "Other Non Operating Income Expenses": 73632000.0,
        "Special Income Charges": -223588000.0,
        "Impairment Of Capital Assets": 223588000.0,
        "Gain On Sale Of Security": -221139000.0,
        "Net Non Operating Interest Income Expense": -202145000.0,
        "Interest Expense Non Operating": 300935000.0,
        "Interest Income Non Operating": 98790000.0,
        "Operating Income": 730875000.0,
        "Operating Expense": 3124813000.0,
        "Other Operating Expenses": -431753000.0,
        "Research And Development": 208668000.0,
        "Selling General And Administration": 3347898000.0,
        "Selling And Marketing Expense": 2172100000.0,
        "General And Administrative Expense": 1175798000.0,
        "Other Gand A": 1175798000.0,
        "Gross Profit": 3855688000.0,
        "Cost Of Revenue": 20652556000.0,
        "Total Revenue": 24508244000.0,
        "Operating Revenue": 24508244000.0
    }
}