{
    "2023-03-31": {
        "Tax Effect Of Unusual Items": NaN,
        "Tax Rate For Calcs": NaN,
        "Normalized EBITDA": NaN,
        "Total Unusual Items": 0.0,
        "Total Unusual Items Excluding Goodwill": 0.0,
        "Net Income From Continuing Operation Net Minority Interest": NaN,
        "Reconciled Depreciation": NaN,
        "Reconciled Cost Of Revenue": NaN,
        "EBITDA": NaN,
        "EBIT": NaN,
        "Net Interest Income": NaN,
        "Interest Expense": NaN,
        "Interest Income": NaN,
        "Normalized Income": NaN,
        "Net Income From Continuing And Discontinued Operation": NaN,
        "Total Expenses": NaN,
        "Total Operating Income As Reported": NaN,
        "Diluted Average Shares": NaN,
        "Basic Average Shares": NaN,
        "Diluted EPS": NaN,
        "Basic EPS": NaN,
        "Diluted NI Availto Com Stockholders": NaN,
        "Net Income Common Stockholders": NaN,
        "Net Income": NaN,
        "Minority Interests": NaN,
        "Net Income Including Noncontrolling Interests": NaN,
        "Net Income Discontinuous Operations": NaN,
        "Net Income Continuous Operations": NaN,
        "Tax Provision": NaN,
        "Pretax Income": NaN,
        "Special Income Charges": 0.0,
        "Restructuring And Mergern Acquisition": 0.0,
        "Net Non Operating Interest Income Expense": NaN,
        "Interest Expense Non Operating": NaN,
        "Interest Income Non Operating": NaN,
        "Operating Income": NaN,
        "Operating Expense": NaN,
        "Other Operating Expenses": NaN,
        "Research And Development": NaN,
        "Selling General And Administration": NaN,
        "Selling And Marketing Expense": NaN,
        "General And Administrative Expense": NaN,
        "Other Gand A": NaN,
        "Gross Profit": NaN,
        "Cost Of Revenue": NaN,
        "Total Revenue": NaN,
        "Operating Revenue": NaN
    },
    "2022-12-31": {
        "Tax Effect Of Unusual Items": NaN,
        "Tax Rate For Calcs": NaN,
        "Normalized EBITDA": NaN,
        "Total Unusual Items": NaN,
        "Total Unusual Items Excluding Goodwill": NaN,
        "Net Income From Continuing Operation Net Minority Interest": NaN,
        "Reconciled Depreciation": NaN,
        "Reconciled Cost Of Revenue": NaN,
        "EBITDA": NaN,
        "EBIT": NaN,
        "Net Interest Income": NaN,
        "Interest Expense": NaN,
        "Interest Income": NaN,
        "Normalized Income": NaN,
        "Net Income From Continuing And Discontinued Operation": NaN,
        "Total Expenses": NaN,
        "Total Operating Income As Reported": NaN,
        "Diluted Average Shares": 100616280.0,
        "Basic Average Shares": 100616280.0,
        "Diluted EPS": NaN,
        "Basic EPS": NaN,
        "Diluted NI Availto Com Stockholders": NaN,
        "Net Income Common Stockholders": NaN,
        "Net Income": NaN,
        "Minority Interests": NaN,
        "Net Income Including Noncontrolling Interests": NaN,
        "Net Income Discontinuous Operations": NaN,
        "Net Income Continuous Operations": NaN,
        "Tax Provision": NaN,
        "Pretax Income": NaN,
        "Special Income Charges": NaN,
        "Restructuring And Mergern Acquisition": NaN,
        "Net Non Operating Interest Income Expense": NaN,
        "Interest Expense Non Operating": NaN,
        "Interest Income Non Operating": NaN,
        "Operating Income": NaN,
        "Operating Expense": NaN,
        "Other Operating Expenses": NaN,
        "Research And Development": NaN,
        "Selling General And Administration": NaN,
        "Selling And Marketing Expense": NaN,
        "General And Administrative Expense": NaN,
        "Other Gand A": NaN,
        "Gross Profit": NaN,
        "Cost Of Revenue": NaN,
        "Total Revenue": NaN,
        "Operating Revenue": NaN
    },
    "2022-09-30": {
        "Tax Effect Of Unusual Items": 0.0,
        "Tax Rate For Calcs": 0.4,
        "Normalized EBITDA": -36314000.0,
        "Net Income From Continuing Operation Net Minority Interest": -44562000.0,
        "Reconciled Depreciation": 3156000.0,
        "Reconciled Cost Of Revenue": 17493000.0,
        "EBITDA": -36314000.0,
        "EBIT": -39470000.0,
        "Net Interest Income": -608000.0,
        "Interest Expense": 4292000.0,
        "Interest Income": 3684000.0,
        "Normalized Income": -44562000.0,
        "Net Income From Continuing And Discontinued Operation": -44562000.0,
        "Total Expenses": 93641000.0,
        "Total Operating Income As Reported": -43154000.0,
        "Diluted Average Shares": 100616280.0,
        "Basic Average Shares": 100616280.0,
        "Diluted EPS": -0.446169,
        "Basic EPS": -0.446169,
        "Diluted NI Availto Com Stockholders": -44562000.0,
        "Net Income Common Stockholders": -44562000.0,
        "Net Income": -44562000.0,
        "Minority Interests": -9000.0,
        "Net Income Including Noncontrolling Interests": -44553000.0,
        "Net Income Continuous Operations": -44553000.0,
        "Tax Provision": 791000.0,
        "Pretax Income": -43762000.0,
        "Net Non Operating Interest Income Expense": -608000.0,
        "Interest Expense Non Operating": 4292000.0,
        "Interest Income Non Operating": 3684000.0,
        "Operating Income": -43154000.0,
        "Operating Expense": 76148000.0,
        "Other Operating Expenses": -238000.0,
        "Research And Development": 13597000.0,
        "Selling General And Administration": 62789000.0,
        "Selling And Marketing Expense": 16439000.0,
        "General And Administrative Expense": 46350000.0,
        "Other Gand A": 46350000.0,
        "Gross Profit": 32994000.0,
        "Cost Of Revenue": 17493000.0,
        "Total Revenue": 50487000.0,
        "Operating Revenue": 50487000.0
    },
    "2022-06-30": {
        "Tax Effect Of Unusual Items": 0.0,
        "Tax Rate For Calcs": 0.4,
        "Normalized EBITDA": -61910000.0,
        "Net Income From Continuing Operation Net Minority Interest": -68971000.0,
        "Reconciled Depreciation": 2866000.0,
        "Reconciled Cost Of Revenue": 26919000.0,
        "EBITDA": -61910000.0,
        "EBIT": -64776000.0,
        "Net Interest Income": -966000.0,
        "Interest Expense": 3920000.0,
        "Interest Income": 2954000.0,
        "Normalized Income": -68971000.0,
        "Net Income From Continuing And Discontinued Operation": -68971000.0,
        "Total Expenses": 125054000.0,
        "Total Operating Income As Reported": -67730000.0,
        "Diluted Average Shares": 99877061.0,
        "Basic Average Shares": 99877061.0,
        "Diluted EPS": -0.690559,
        "Basic EPS": -0.690559,
        "Diluted NI Availto Com Stockholders": -68971000.0,
        "Net Income Common Stockholders": -68971000.0,
        "Net Income": -68971000.0,
        "Minority Interests": -7000.0,
        "Net Income Including Noncontrolling Interests": -68964000.0,
        "Net Income Continuous Operations": -68964000.0,
        "Tax Provision": 268000.0,
        "Pretax Income": -68696000.0,
        "Net Non Operating Interest Income Expense": -966000.0,
        "Interest Expense Non Operating": 3920000.0,
        "Interest Income Non Operating": 2954000.0,
        "Operating Income": -67730000.0,
        "Operating Expense": 98135000.0,
        "Other Operating Expenses": -405000.0,
        "Research And Development": 14272000.0,
        "Selling General And Administration": 84268000.0,
        "Selling And Marketing Expense": 22162000.0,
        "General And Administrative Expense": 62106000.0,
        "Other Gand A": 62106000.0,
        "Gross Profit": 30405000.0,
        "Cost Of Revenue": 26919000.0,
        "Total Revenue": 57324000.0,
        "Operating Revenue": 57324000.0
    },
    "2022-03-31": {
        "Diluted EPS": 0.0,
        "Total Revenue": 48,
        "Gross Profit": 27,
        "Operating Income": -66,
        "EBIT": -64,
        "Net Income": -69
    },
    "2021-12-31": {
        "Diluted EPS": 0.0,
        "Total Revenue": 62,
        "Gross Profit": 33,
        "Operating Income": -85,
        "EBIT": -82,
        "Net Income": -85
    },
    "2021-09-30": {
        "Diluted EPS": 0.0,
        "Total Revenue": 43,
        "Gross Profit": 26,
        "Operating Income": -64,
        "EBIT": -62,
        "Net Income": -66
    },
    "2021-06-30": {
        "Diluted EPS": 0.0,
        "Total Revenue": 40,
        "Gross Profit": 27,
        "Operating Income": -52,
        "EBIT": -49,
        "Net Income": -51
    },
    "2021-03-31": {
        "Diluted EPS": 0.0,
        "Total Revenue": 33,
        "Gross Profit": 25,
        "Operating Income": -41,
        "EBIT": -38,
        "Net Income": -25
    },
    "2020-12-31": {
        "Diluted EPS": 0.0,
        "Total Revenue": 49,
        "Gross Profit": 33,
        "Operating Income": -48,
        "EBIT": -45,
        "Net Income": -56
    },
    "2020-09-30": {
        "Diluted EPS": 0.0,
        "Total Revenue": 39,
        "Gross Profit": 27,
        "Operating Income": -33,
        "EBIT": -31,
        "Net Income": -38
    },
    "2020-06-30": {
        "Diluted EPS": 0.0,
        "Total Revenue": 38,
        "Gross Profit": 26,
        "Operating Income": -41,
        "EBIT": -39,
        "Net Income": -43
    },
    "2020-03-31": {
        "Diluted EPS": 0.0,
        "Total Revenue": 32,
        "Gross Profit": 20,
        "Operating Income": -48,
        "EBIT": -46,
        "Net Income": -47
    },
    "2019-12-31": {
        "Diluted EPS": 0.0,
        "Total Revenue": 55,
        "Gross Profit": 28,
        "Operating Income": -68,
        "EBIT": -65,
        "Net Income": -71
    },
    "2019-09-30": {
        "Diluted EPS": 0.0,
        "Total Revenue": 45,
        "Gross Profit": 20,
        "Operating Income": -61,
        "EBIT": -58,
        "Net Income": -55
    },
    "2019-06-30": {
        "Diluted EPS": 0.0,
        "Total Revenue": 44,
        "Gross Profit": 19,
        "Operating Income": -75,
        "EBIT": -73,
        "Net Income": -76
    },
    "2019-03-31": {
        "Diluted EPS": 0.0,
        "Total Revenue": 36,
        "Gross Profit": 18,
        "Operating Income": -52,
        "EBIT": -50,
        "Net Income": -52
    },
    "2018-12-31": {
        "Diluted EPS": 0.0,
        "Total Revenue": NaN,
        "Gross Profit": NaN,
        "Operating Income": NaN,
        "EBIT": NaN,
        "Net Income": NaN
    },
    "2023-06-30": {
        "Tax Effect Of Unusual Items": NaN,
        "Tax Rate For Calcs": NaN,
        "Normalized EBITDA": NaN,
        "Total Unusual Items": NaN,
        "Total Unusual Items Excluding Goodwill": NaN,
        "Net Income From Continuing Operation Net Minority Interest": NaN,
        "Reconciled Depreciation": NaN,
        "Reconciled Cost Of Revenue": NaN,
        "EBITDA": NaN,
        "EBIT": NaN,
        "Net Interest Income": NaN,
        "Interest Expense": NaN,
        "Interest Income": NaN,
        "Normalized Income": NaN,
        "Net Income From Continuing And Discontinued Operation": NaN,
        "Total Expenses": NaN,
        "Total Operating Income As Reported": NaN,
        "Diluted Average Shares": NaN,
        "Basic Average Shares": NaN,
        "Diluted EPS": NaN,
        "Basic EPS": NaN,
        "Diluted NI Availto Com Stockholders": NaN,
        "Net Income Common Stockholders": NaN,
        "Net Income": NaN,
        "Minority Interests": NaN,
        "Net Income Including Noncontrolling Interests": NaN,
        "Net Income Discontinuous Operations": -1201000.0,
        "Net Income Continuous Operations": NaN,
        "Tax Provision": NaN,
        "Pretax Income": NaN,
        "Special Income Charges": NaN,
        "Restructuring And Mergern Acquisition": NaN,
        "Net Non Operating Interest Income Expense": NaN,
        "Interest Expense Non Operating": NaN,
        "Interest Income Non Operating": NaN,
        "Operating Income": NaN,
        "Operating Expense": NaN,
        "Other Operating Expenses": NaN,
        "Research And Development": NaN,
        "Selling General And Administration": NaN,
        "Selling And Marketing Expense": NaN,
        "General And Administrative Expense": NaN,
        "Other Gand A": NaN,
        "Gross Profit": NaN,
        "Cost Of Revenue": NaN,
        "Total Revenue": NaN,
        "Operating Revenue": NaN
    },
    "2023-09-30": {
        "Tax Effect Of Unusual Items": NaN,
        "Tax Rate For Calcs": NaN,
        "Normalized EBITDA": NaN,
        "Total Unusual Items": NaN,
        "Total Unusual Items Excluding Goodwill": NaN,
        "Net Income From Continuing Operation Net Minority Interest": NaN,
        "Reconciled Depreciation": NaN,
        "Reconciled Cost Of Revenue": NaN,
        "EBITDA": NaN,
        "EBIT": NaN,
        "Net Interest Income": NaN,
        "Interest Expense": NaN,
        "Interest Income": NaN,
        "Normalized Income": NaN,
        "Net Income From Continuing And Discontinued Operation": NaN,
        "Total Expenses": NaN,
        "Total Operating Income As Reported": NaN,
        "Diluted Average Shares": NaN,
        "Basic Average Shares": NaN,
        "Diluted EPS": NaN,
        "Basic EPS": NaN,
        "Diluted NI Availto Com Stockholders": NaN,
        "Net Income Common Stockholders": NaN,
        "Net Income": NaN,
        "Minority Interests": NaN,
        "Net Income Including Noncontrolling Interests": NaN,
        "Net Income Discontinuous Operations": -195000.0,
        "Net Income Continuous Operations": NaN,
        "Tax Provision": NaN,
        "Pretax Income": NaN,
        "Special Income Charges": NaN,
        "Restructuring And Mergern Acquisition": NaN,
        "Net Non Operating Interest Income Expense": NaN,
        "Interest Expense Non Operating": NaN,
        "Interest Income Non Operating": NaN,
        "Operating Income": NaN,
        "Operating Expense": NaN,
        "Other Operating Expenses": NaN,
        "Research And Development": NaN,
        "Selling General And Administration": NaN,
        "Selling And Marketing Expense": NaN,
        "General And Administrative Expense": NaN,
        "Other Gand A": NaN,
        "Gross Profit": NaN,
        "Cost Of Revenue": NaN,
        "Total Revenue": NaN,
        "Operating Revenue": NaN
    },
    "2023-12-31": {
        "Tax Effect Of Unusual Items": 0.0,
        "Tax Rate For Calcs": 0.043017,
        "Normalized EBITDA": -29388000.0,
        "Total Unusual Items": NaN,
        "Total Unusual Items Excluding Goodwill": NaN,
        "Net Income From Continuing Operation Net Minority Interest": -12729000.0,
        "Reconciled Depreciation": 2161000.0,
        "Reconciled Cost Of Revenue": 19301000.0,
        "EBITDA": -29388000.0,
        "EBIT": -31549000.0,
        "Net Interest Income": 14436000.0,
        "Interest Expense": -18252000.0,
        "Interest Income": -3256000.0,
        "Normalized Income": -12729000.0,
        "Net Income From Continuing And Discontinued Operation": -17646000.0,
        "Total Expenses": 46505000.0,
        "Total Operating Income As Reported": -643000.0,
        "Diluted Average Shares": 101138683.0,
        "Basic Average Shares": 101138683.0,
        "Diluted EPS": -0.174473,
        "Basic EPS": -0.174473,
        "Diluted NI Availto Com Stockholders": -17646000.0,
        "Net Income Common Stockholders": -17646000.0,
        "Net Income": -17646000.0,
        "Minority Interests": -4000.0,
        "Net Income Including Noncontrolling Interests": -17642000.0,
        "Net Income Discontinuous Operations": NaN,
        "Net Income Continuous Operations": -12725000.0,
        "Tax Provision": -572000.0,
        "Pretax Income": -13297000.0,
        "Special Income Charges": NaN,
        "Restructuring And Mergern Acquisition": NaN,
        "Net Non Operating Interest Income Expense": 14436000.0,
        "Interest Expense Non Operating": -18252000.0,
        "Interest Income Non Operating": -3256000.0,
        "Operating Income": 219000.0,
        "Operating Expense": 27204000.0,
        "Other Operating Expenses": -37601000.0,
        "Research And Development": 8578000.0,
        "Selling General And Administration": 54439000.0,
        "Selling And Marketing Expense": 26721000.0,
        "General And Administrative Expense": 27718000.0,
        "Other Gand A": -39576000.0,
        "Gross Profit": 27423000.0,
        "Cost Of Revenue": 19301000.0,
        "Total Revenue": 46724000.0,
        "Operating Revenue": 44548000.0
    },
    "2024-03-31": {
        "Tax Effect Of Unusual Items": NaN,
        "Tax Rate For Calcs": NaN,
        "Normalized EBITDA": NaN,
        "Total Unusual Items": 0.0,
        "Total Unusual Items Excluding Goodwill": 0.0,
        "Net Income From Continuing Operation Net Minority Interest": NaN,
        "Reconciled Depreciation": NaN,
        "Reconciled Cost Of Revenue": NaN,
        "EBITDA": NaN,
        "EBIT": NaN,
        "Net Interest Income": NaN,
        "Interest Expense": NaN,
        "Interest Income": NaN,
        "Normalized Income": NaN,
        "Net Income From Continuing And Discontinued Operation": NaN,
        "Total Expenses": NaN,
        "Total Operating Income As Reported": NaN,
        "Diluted Average Shares": 102235089.0,
        "Basic Average Shares": 102235089.0,
        "Diluted EPS": NaN,
        "Basic EPS": NaN,
        "Diluted NI Availto Com Stockholders": NaN,
        "Net Income Common Stockholders": NaN,
        "Net Income": NaN,
        "Minority Interests": NaN,
        "Net Income Including Noncontrolling Interests": NaN,
        "Net Income Discontinuous Operations": 0.0,
        "Net Income Continuous Operations": NaN,
        "Tax Provision": NaN,
        "Pretax Income": NaN,
        "Special Income Charges": 0.0,
        "Restructuring And Mergern Acquisition": 0.0,
        "Net Non Operating Interest Income Expense": NaN,
        "Interest Expense Non Operating": NaN,
        "Interest Income Non Operating": NaN,
        "Operating Income": NaN,
        "Operating Expense": NaN,
        "Other Operating Expenses": NaN,
        "Research And Development": NaN,
        "Selling General And Administration": NaN,
        "Selling And Marketing Expense": NaN,
        "General And Administrative Expense": NaN,
        "Other Gand A": NaN,
        "Gross Profit": NaN,
        "Cost Of Revenue": NaN,
        "Total Revenue": NaN,
        "Operating Revenue": NaN
    },
    "2024-06-30": {
        "Tax Effect Of Unusual Items": NaN,
        "Tax Rate For Calcs": NaN,
        "Normalized EBITDA": NaN,
        "Total Unusual Items": NaN,
        "Total Unusual Items Excluding Goodwill": NaN,
        "Net Income From Continuing Operation Net Minority Interest": NaN,
        "Reconciled Depreciation": NaN,
        "Reconciled Cost Of Revenue": NaN,
        "EBITDA": NaN,
        "EBIT": NaN,
        "Net Interest Income": NaN,
        "Interest Expense": NaN,
        "Interest Income": NaN,
        "Normalized Income": NaN,
        "Net Income From Continuing And Discontinued Operation": NaN,
        "Total Expenses": NaN,
        "Total Operating Income As Reported": NaN,
        "Diluted Average Shares": 102235089.0,
        "Basic Average Shares": 102235089.0,
        "Diluted EPS": NaN,
        "Basic EPS": NaN,
        "Diluted NI Availto Com Stockholders": NaN,
        "Net Income Common Stockholders": NaN,
        "Net Income": NaN,
        "Minority Interests": NaN,
        "Net Income Including Noncontrolling Interests": NaN,
        "Net Income Discontinuous Operations": 0.0,
        "Net Income Continuous Operations": NaN,
        "Tax Provision": NaN,
        "Pretax Income": NaN,
        "Special Income Charges": NaN,
        "Restructuring And Mergern Acquisition": NaN,
        "Net Non Operating Interest Income Expense": NaN,
        "Interest Expense Non Operating": NaN,
        "Interest Income Non Operating": NaN,
        "Operating Income": NaN,
        "Operating Expense": NaN,
        "Other Operating Expenses": NaN,
        "Research And Development": NaN,
        "Selling General And Administration": NaN,
        "Selling And Marketing Expense": NaN,
        "General And Administrative Expense": NaN,
        "Other Gand A": NaN,
        "Gross Profit": NaN,
        "Cost Of Revenue": NaN,
        "Total Revenue": NaN,
        "Operating Revenue": NaN
    },
    "2024-09-30": {
        "Tax Effect Of Unusual Items": 0.0,
        "Tax Rate For Calcs": 0.049972,
        "Normalized EBITDA": -15600000.0,
        "Total Unusual Items": NaN,
        "Total Unusual Items Excluding Goodwill": NaN,
        "Net Income From Continuing Operation Net Minority Interest": -16900000.0,
        "Reconciled Depreciation": 1835000.0,
        "Reconciled Cost Of Revenue": 13552000.0,
        "EBITDA": -15600000.0,
        "EBIT": -17435000.0,
        "Net Interest Income": 2323000.0,
        "Interest Expense": 355000.0,
        "Interest Income": 2678000.0,
        "Normalized Income": -16900000.0,
        "Net Income From Continuing And Discontinued Operation": -16900000.0,
        "Total Expenses": 56544000.0,
        "Total Operating Income As Reported": -20113000.0,
        "Diluted Average Shares": 122462825.0,
        "Basic Average Shares": 122462825.0,
        "Diluted EPS": -0.138001,
        "Basic EPS": -0.138001,
        "Diluted NI Availto Com Stockholders": -16900000.0,
        "Net Income Common Stockholders": -16900000.0,
        "Net Income": -16900000.0,
        "Minority Interests": 1000.0,
        "Net Income Including Noncontrolling Interests": -16901000.0,
        "Net Income Discontinuous Operations": 0.0,
        "Net Income Continuous Operations": -16901000.0,
        "Tax Provision": -889000.0,
        "Pretax Income": -17790000.0,
        "Special Income Charges": NaN,
        "Restructuring And Mergern Acquisition": NaN,
        "Net Non Operating Interest Income Expense": 2323000.0,
        "Interest Expense Non Operating": 355000.0,
        "Interest Income Non Operating": 2678000.0,
        "Operating Income": -20113000.0,
        "Operating Expense": 42992000.0,
        "Other Operating Expenses": 10022000.0,
        "Research And Development": 9668000.0,
        "Selling General And Administration": 23302000.0,
        "Selling And Marketing Expense": 4363000.0,
        "General And Administrative Expense": 18939000.0,
        "Other Gand A": 18939000.0,
        "Gross Profit": 22879000.0,
        "Cost Of Revenue": 13552000.0,
        "Total Revenue": 36431000.0,
        "Operating Revenue": 36431000.0
    },
    "2024-12-31": {
        "Tax Effect Of Unusual Items": 0.0,
        "Tax Rate For Calcs": 0.15,
        "Normalized EBITDA": -48329000.0,
        "Total Unusual Items": NaN,
        "Total Unusual Items Excluding Goodwill": NaN,
        "Net Income From Continuing Operation Net Minority Interest": -19533000.0,
        "Reconciled Depreciation": 2311000.0,
        "Reconciled Cost Of Revenue": 21802000.0,
        "EBITDA": -48329000.0,
        "EBIT": -50640000.0,
        "Net Interest Income": 31559000.0,
        "Interest Expense": -32993000.0,
        "Interest Income": -1146000.0,
        "Normalized Income": -19533000.0,
        "Net Income From Continuing And Discontinued Operation": -19533000.0,
        "Total Expenses": 61292000.0,
        "Total Operating Income As Reported": -17329000.0,
        "Diluted Average Shares": 122462825.0,
        "Basic Average Shares": 122462825.0,
        "Diluted EPS": -0.159501,
        "Basic EPS": -0.159501,
        "Diluted NI Availto Com Stockholders": -19533000.0,
        "Net Income Common Stockholders": -19533000.0,
        "Net Income": -19533000.0,
        "Minority Interests": 3000.0,
        "Net Income Including Noncontrolling Interests": -19536000.0,
        "Net Income Discontinuous Operations": 0.0,
        "Net Income Continuous Operations": -19536000.0,
        "Tax Provision": 1889000.0,
        "Pretax Income": -17647000.0,
        "Special Income Charges": NaN,
        "Restructuring And Mergern Acquisition": NaN,
        "Net Non Operating Interest Income Expense": 31559000.0,
        "Interest Expense Non Operating": -32993000.0,
        "Interest Income Non Operating": -1146000.0,
        "Operating Income": -15604000.0,
        "Operating Expense": 39490000.0,
        "Other Operating Expenses": -27283000.0,
        "Research And Development": 10016000.0,
        "Selling General And Administration": 51518000.0,
        "Selling And Marketing Expense": 26341000.0,
        "General And Administrative Expense": 25177000.0,
        "Other Gand A": -35402000.0,
        "Gross Profit": 23886000.0,
        "Cost Of Revenue": 21802000.0,
        "Total Revenue": 45688000.0,
        "Operating Revenue": 44086000.0
    },
    "2025-03-31": {
        "Tax Effect Of Unusual Items": 0.0,
        "Tax Rate For Calcs": 0.15,
        "Normalized EBITDA": -13436000.0,
        "Total Unusual Items": NaN,
        "Total Unusual Items Excluding Goodwill": NaN,
        "Net Income From Continuing Operation Net Minority Interest": -16710000.0,
        "Reconciled Depreciation": 1864000.0,
        "Reconciled Cost Of Revenue": 16360000.0,
        "EBITDA": -13436000.0,
        "EBIT": -15300000.0,
        "Net Interest Income": 2170000.0,
        "Interest Expense": 1186000.0,
        "Interest Income": 3356000.0,
        "Normalized Income": -16710000.0,
        "Net Income From Continuing And Discontinued Operation": -16710000.0,
        "Total Expenses": 54917000.0,
        "Total Operating Income As Reported": -18656000.0,
        "Diluted Average Shares": 122462825.0,
        "Basic Average Shares": 122462825.0,
        "Diluted EPS": -0.13645,
        "Basic EPS": -0.13645,
        "Diluted NI Availto Com Stockholders": -16710000.0,
        "Net Income Common Stockholders": -16710000.0,
        "Net Income": -16710000.0,
        "Minority Interests": -3000.0,
        "Net Income Including Noncontrolling Interests": -16707000.0,
        "Net Income Discontinuous Operations": NaN,
        "Net Income Continuous Operations": -16707000.0,
        "Tax Provision": 221000.0,
        "Pretax Income": -16486000.0,
        "Special Income Charges": NaN,
        "Restructuring And Mergern Acquisition": NaN,
        "Net Non Operating Interest Income Expense": 2170000.0,
        "Interest Expense Non Operating": 1186000.0,
        "Interest Income Non Operating": 3356000.0,
        "Operating Income": -18656000.0,
        "Operating Expense": 38557000.0,
        "Other Operating Expenses": 8621000.0,
        "Research And Development": 9645000.0,
        "Selling General And Administration": 20291000.0,
        "Selling And Marketing Expense": 3102000.0,
        "General And Administrative Expense": 17189000.0,
        "Other Gand A": 17189000.0,
        "Gross Profit": 19901000.0,
        "Cost Of Revenue": 16360000.0,
        "Total Revenue": 36261000.0,
        "Operating Revenue": 36261000.0
    },
    "2025-06-30": {
        "Tax Effect Of Unusual Items": 0.0,
        "Tax Rate For Calcs": 0.15,
        "Normalized EBITDA": -11530000.0,
        "Total Unusual Items": NaN,
        "Total Unusual Items Excluding Goodwill": NaN,
        "Net Income From Continuing Operation Net Minority Interest": -16592000.0,
        "Reconciled Depreciation": 2009000.0,
        "Reconciled Cost Of Revenue": 21704000.0,
        "EBITDA": -11530000.0,
        "EBIT": -13539000.0,
        "Net Interest Income": 254000.0,
        "Interest Expense": 2731000.0,
        "Interest Income": 2985000.0,
        "Normalized Income": -16592000.0,
        "Net Income From Continuing And Discontinued Operation": -16592000.0,
        "Total Expenses": 62166000.0,
        "Total Operating Income As Reported": -16524000.0,
        "Diluted Average Shares": NaN,
        "Basic Average Shares": NaN,
        "Diluted EPS": -0.135486,
        "Basic EPS": -0.135486,
        "Diluted NI Availto Com Stockholders": -16592000.0,
        "Net Income Common Stockholders": -16592000.0,
        "Net Income": -16592000.0,
        "Minority Interests": -1000.0,
        "Net Income Including Noncontrolling Interests": -16591000.0,
        "Net Income Discontinuous Operations": NaN,
        "Net Income Continuous Operations": -16591000.0,
        "Tax Provision": 321000.0,
        "Pretax Income": -16270000.0,
        "Special Income Charges": NaN,
        "Restructuring And Mergern Acquisition": NaN,
        "Net Non Operating Interest Income Expense": 254000.0,
        "Interest Expense Non Operating": 2731000.0,
        "Interest Income Non Operating": 2985000.0,
        "Operating Income": -16524000.0,
        "Operating Expense": 40462000.0,
        "Other Operating Expenses": 10131000.0,
        "Research And Development": 9217000.0,
        "Selling General And Administration": 21114000.0,
        "Selling And Marketing Expense": 4151000.0,
        "General And Administrative Expense": 16963000.0,
        "Other Gand A": 16963000.0,
        "Gross Profit": 23938000.0,
        "Cost Of Revenue": 21704000.0,
        "Total Revenue": 45642000.0,
        "Operating Revenue": 45642000.0
    },
    "2025-09-30": {
        "Tax Effect Of Unusual Items": 0.0,
        "Tax Rate For Calcs": 0.15,
        "Normalized EBITDA": -14324000.0,
        "Total Unusual Items": NaN,
        "Total Unusual Items Excluding Goodwill": NaN,
        "Net Income From Continuing Operation Net Minority Interest": -17939000.0,
        "Reconciled Depreciation": 1917000.0,
        "Reconciled Cost Of Revenue": 21855000.0,
        "EBITDA": -14324000.0,
        "EBIT": -16241000.0,
        "Net Interest Income": -279000.0,
        "Interest Expense": 1439000.0,
        "Interest Income": 1160000.0,
        "Normalized Income": -17939000.0,
        "Net Income From Continuing And Discontinued Operation": -17939000.0,
        "Total Expenses": 63033000.0,
        "Total Operating Income As Reported": -17401000.0,
        "Diluted Average Shares": NaN,
        "Basic Average Shares": NaN,
        "Diluted EPS": -0.146485,
        "Basic EPS": -0.146485,
        "Diluted NI Availto Com Stockholders": -17939000.0,
        "Net Income Common Stockholders": -17939000.0,
        "Net Income": -17939000.0,
        "Minority Interests": -1000.0,
        "Net Income Including Noncontrolling Interests": -17938000.0,
        "Net Income Discontinuous Operations": NaN,
        "Net Income Continuous Operations": -17938000.0,
        "Tax Provision": 258000.0,
        "Pretax Income": -17680000.0,
        "Special Income Charges": NaN,
        "Restructuring And Mergern Acquisition": NaN,
        "Net Non Operating Interest Income Expense": -279000.0,
        "Interest Expense Non Operating": 1439000.0,
        "Interest Income Non Operating": 1160000.0,
        "Operating Income": -17401000.0,
        "Operating Expense": 41178000.0,
        "Other Operating Expenses": 9664000.0,
        "Research And Development": 8715000.0,
        "Selling General And Administration": 22799000.0,
        "Selling And Marketing Expense": 5160000.0,
        "General And Administrative Expense": 17639000.0,
        "Other Gand A": 17639000.0,
        "Gross Profit": 23777000.0,
        "Cost Of Revenue": 21855000.0,
        "Total Revenue": 45632000.0,
        "Operating Revenue": 45632000.0
    }
}