{
    "2023-06-30": {
        "Tax Effect Of Unusual Items": NaN,
        "Tax Rate For Calcs": NaN,
        "Total Unusual Items": 83000.0,
        "Total Unusual Items Excluding Goodwill": 83000.0,
        "Net Income From Continuing Operation Net Minority Interest": NaN,
        "Reconciled Depreciation": NaN,
        "Net Interest Income": NaN,
        "Interest Expense": NaN,
        "Interest Income": NaN,
        "Normalized Income": NaN,
        "Net Income From Continuing And Discontinued Operation": NaN,
        "Diluted Average Shares": NaN,
        "Basic Average Shares": NaN,
        "Diluted EPS": NaN,
        "Basic EPS": NaN,
        "Diluted NI Availto Com Stockholders": NaN,
        "Net Income Common Stockholders": NaN,
        "Otherunder Preferred Stock Dividend": 15000.0,
        "Net Income": NaN,
        "Net Income Including Noncontrolling Interests": NaN,
        "Net Income Continuous Operations": NaN,
        "Tax Provision": NaN,
        "Pretax Income": NaN,
        "Gain On Sale Of Security": NaN,
        "Selling General And Administration": NaN,
        "Selling And Marketing Expense": NaN,
        "General And Administrative Expense": NaN,
        "Insurance And Claims": NaN,
        "Salaries And Wages": NaN,
        "Total Revenue": NaN,
        "Operating Revenue": NaN,
        "Occupancy And Equipment": NaN,
        "Professional Expense And Contract Services Expense": NaN,
        "Other Non Interest Expense": NaN
    },
    "2023-03-31": {
        "Tax Effect Of Unusual Items": NaN,
        "Tax Rate For Calcs": NaN,
        "Total Unusual Items": 89000.0,
        "Total Unusual Items Excluding Goodwill": 89000.0,
        "Net Income From Continuing Operation Net Minority Interest": NaN,
        "Reconciled Depreciation": NaN,
        "Net Interest Income": NaN,
        "Interest Expense": NaN,
        "Interest Income": NaN,
        "Normalized Income": NaN,
        "Net Income From Continuing And Discontinued Operation": NaN,
        "Diluted Average Shares": NaN,
        "Basic Average Shares": NaN,
        "Diluted EPS": NaN,
        "Basic EPS": NaN,
        "Diluted NI Availto Com Stockholders": NaN,
        "Net Income Common Stockholders": NaN,
        "Otherunder Preferred Stock Dividend": 23000.0,
        "Net Income": NaN,
        "Net Income Including Noncontrolling Interests": NaN,
        "Net Income Continuous Operations": NaN,
        "Tax Provision": NaN,
        "Pretax Income": NaN,
        "Gain On Sale Of Security": NaN,
        "Selling General And Administration": NaN,
        "Selling And Marketing Expense": NaN,
        "General And Administrative Expense": NaN,
        "Insurance And Claims": NaN,
        "Salaries And Wages": NaN,
        "Total Revenue": NaN,
        "Operating Revenue": NaN,
        "Occupancy And Equipment": NaN,
        "Professional Expense And Contract Services Expense": NaN,
        "Other Non Interest Expense": NaN
    },
    "2022-12-31": {
        "Tax Effect Of Unusual Items": NaN,
        "Tax Rate For Calcs": NaN,
        "Total Unusual Items": NaN,
        "Total Unusual Items Excluding Goodwill": NaN,
        "Net Income From Continuing Operation Net Minority Interest": NaN,
        "Reconciled Depreciation": NaN,
        "Net Interest Income": NaN,
        "Interest Expense": NaN,
        "Interest Income": NaN,
        "Normalized Income": NaN,
        "Net Income From Continuing And Discontinued Operation": NaN,
        "Diluted Average Shares": NaN,
        "Basic Average Shares": NaN,
        "Diluted EPS": NaN,
        "Basic EPS": NaN,
        "Diluted NI Availto Com Stockholders": NaN,
        "Net Income Common Stockholders": NaN,
        "Otherunder Preferred Stock Dividend": 33000.0,
        "Net Income": NaN,
        "Net Income Including Noncontrolling Interests": NaN,
        "Net Income Continuous Operations": NaN,
        "Tax Provision": NaN,
        "Pretax Income": NaN,
        "Gain On Sale Of Security": NaN,
        "Selling General And Administration": NaN,
        "Selling And Marketing Expense": NaN,
        "General And Administrative Expense": NaN,
        "Insurance And Claims": NaN,
        "Salaries And Wages": NaN,
        "Total Revenue": NaN,
        "Operating Revenue": NaN,
        "Occupancy And Equipment": NaN,
        "Professional Expense And Contract Services Expense": NaN,
        "Other Non Interest Expense": NaN
    },
    "2022-09-30": {
        "Tax Effect Of Unusual Items": 0.0,
        "Tax Rate For Calcs": 0.210035,
        "Net Income From Continuing Operation Net Minority Interest": 8045000.0,
        "Reconciled Depreciation": 477000.0,
        "Net Interest Income": 17630000.0,
        "Interest Expense": 3516000.0,
        "Interest Income": 21146000.0,
        "Normalized Income": 8045000.0,
        "Net Income From Continuing And Discontinued Operation": 8045000.0,
        "Diluted Average Shares": 14108286.0,
        "Basic Average Shares": 13989414.0,
        "Diluted EPS": 0.57,
        "Basic EPS": 0.57,
        "Diluted NI Availto Com Stockholders": 8045000.0,
        "Net Income Common Stockholders": 8045000.0,
        "Otherunder Preferred Stock Dividend": 33000.0,
        "Net Income": 8045000.0,
        "Net Income Including Noncontrolling Interests": 8045000.0,
        "Net Income Continuous Operations": 8045000.0,
        "Tax Provision": 2139000.0,
        "Pretax Income": 10184000.0,
        "Gain On Sale Of Security": 0.0,
        "Selling General And Administration": 5072000.0,
        "Selling And Marketing Expense": 47000.0,
        "General And Administrative Expense": 5072000.0,
        "Insurance And Claims": 140000.0,
        "Salaries And Wages": 5072000.0,
        "Total Revenue": 18142000.0,
        "Operating Revenue": 18142000.0
    },
    "2022-06-30": {
        "Tax Effect Of Unusual Items": 0.0,
        "Tax Rate For Calcs": 0.190427,
        "Net Income From Continuing Operation Net Minority Interest": 7882000.0,
        "Reconciled Depreciation": 487000.0,
        "Net Interest Income": 17244000.0,
        "Interest Expense": 2247000.0,
        "Interest Income": 19491000.0,
        "Normalized Income": 7882000.0,
        "Net Income From Continuing And Discontinued Operation": 7882000.0,
        "Diluted Average Shares": 14085160.0,
        "Basic Average Shares": 13932256.0,
        "Diluted EPS": 0.56,
        "Basic EPS": 0.56,
        "Diluted NI Availto Com Stockholders": 7882000.0,
        "Net Income Common Stockholders": 7882000.0,
        "Otherunder Preferred Stock Dividend": 34000.0,
        "Net Income": 7882000.0,
        "Net Income Including Noncontrolling Interests": 7882000.0,
        "Net Income Continuous Operations": 7882000.0,
        "Tax Provision": 1854000.0,
        "Pretax Income": 9736000.0,
        "Gain On Sale Of Security": 0.0,
        "Selling General And Administration": 4655000.0,
        "Selling And Marketing Expense": 61000.0,
        "General And Administrative Expense": 4655000.0,
        "Other Gand A": 189000.0,
        "Insurance And Claims": 185000.0,
        "Salaries And Wages": 4655000.0,
        "Total Revenue": 17417000.0,
        "Operating Revenue": 17417000.0
    },
    "2022-03-31": {
        "Diluted EPS": 0.55,
        "Total Revenue": 20,
        "Gross Profit": 18,
        "Operating Income": 10,
        "EBIT": NaN,
        "Net Income": 8
    },
    "2021-12-31": {
        "Diluted EPS": 0.54,
        "Total Revenue": 19,
        "Gross Profit": 17,
        "Operating Income": 9,
        "EBIT": NaN,
        "Net Income": 8
    },
    "2021-09-30": {
        "Diluted EPS": 0.48,
        "Total Revenue": 18,
        "Gross Profit": 16,
        "Operating Income": 9,
        "EBIT": NaN,
        "Net Income": 7
    },
    "2021-06-30": {
        "Diluted EPS": 0.44,
        "Total Revenue": 19,
        "Gross Profit": 17,
        "Operating Income": 8,
        "EBIT": NaN,
        "Net Income": 6
    },
    "2021-03-31": {
        "Diluted EPS": 0.37,
        "Total Revenue": 19,
        "Gross Profit": 17,
        "Operating Income": 6,
        "EBIT": NaN,
        "Net Income": 5
    },
    "2023-09-30": {
        "Tax Effect Of Unusual Items": NaN,
        "Tax Rate For Calcs": NaN,
        "Total Unusual Items": -60000.0,
        "Total Unusual Items Excluding Goodwill": -60000.0,
        "Net Income From Continuing Operation Net Minority Interest": NaN,
        "Reconciled Depreciation": NaN,
        "Net Interest Income": NaN,
        "Interest Expense": NaN,
        "Interest Income": NaN,
        "Normalized Income": NaN,
        "Net Income From Continuing And Discontinued Operation": NaN,
        "Diluted Average Shares": 14080026.0,
        "Basic Average Shares": 14080026.0,
        "Diluted EPS": -0.72,
        "Basic EPS": -0.72,
        "Diluted NI Availto Com Stockholders": NaN,
        "Net Income Common Stockholders": NaN,
        "Otherunder Preferred Stock Dividend": NaN,
        "Net Income": NaN,
        "Net Income Including Noncontrolling Interests": NaN,
        "Net Income Continuous Operations": NaN,
        "Tax Provision": NaN,
        "Pretax Income": NaN,
        "Gain On Sale Of Security": NaN,
        "Selling General And Administration": NaN,
        "Selling And Marketing Expense": NaN,
        "General And Administrative Expense": NaN,
        "Insurance And Claims": NaN,
        "Salaries And Wages": NaN,
        "Total Revenue": NaN,
        "Operating Revenue": NaN,
        "Occupancy And Equipment": NaN,
        "Professional Expense And Contract Services Expense": NaN,
        "Other Non Interest Expense": NaN
    },
    "2023-12-31": {
        "Tax Effect Of Unusual Items": 0.0,
        "Tax Rate For Calcs": 0.234224,
        "Total Unusual Items": NaN,
        "Total Unusual Items Excluding Goodwill": NaN,
        "Net Income From Continuing Operation Net Minority Interest": 4502000.0,
        "Reconciled Depreciation": 427000.0,
        "Net Interest Income": 11950000.0,
        "Interest Expense": 14571000.0,
        "Interest Income": 26521000.0,
        "Normalized Income": 4502000.0,
        "Net Income From Continuing And Discontinued Operation": 4502000.0,
        "Diluted Average Shares": 14145607.0,
        "Basic Average Shares": 14082762.0,
        "Diluted EPS": 0.32,
        "Basic EPS": 0.32,
        "Diluted NI Availto Com Stockholders": 4487000.0,
        "Net Income Common Stockholders": 4487000.0,
        "Otherunder Preferred Stock Dividend": 15000.0,
        "Net Income": 4502000.0,
        "Net Income Including Noncontrolling Interests": 4502000.0,
        "Net Income Continuous Operations": 4502000.0,
        "Tax Provision": 1377000.0,
        "Pretax Income": 5879000.0,
        "Gain On Sale Of Security": 0.0,
        "Selling General And Administration": 5073000.0,
        "Selling And Marketing Expense": 49000.0,
        "General And Administrative Expense": 5024000.0,
        "Insurance And Claims": 270000.0,
        "Salaries And Wages": 4754000.0,
        "Total Revenue": 12652000.0,
        "Operating Revenue": 12652000.0,
        "Occupancy And Equipment": 744000.0,
        "Professional Expense And Contract Services Expense": 175000.0,
        "Other Non Interest Expense": 1562000.0
    },
    "2024-03-31": {
        "Tax Effect Of Unusual Items": 27713.335796,
        "Tax Rate For Calcs": 0.223495,
        "Total Unusual Items": 124000.0,
        "Total Unusual Items Excluding Goodwill": 124000.0,
        "Net Income From Continuing Operation Net Minority Interest": 4204000.0,
        "Reconciled Depreciation": 416000.0,
        "Net Interest Income": 11662000.0,
        "Interest Expense": 15175000.0,
        "Interest Income": 26837000.0,
        "Normalized Income": 4107713.335796,
        "Net Income From Continuing And Discontinued Operation": 4204000.0,
        "Diluted Average Shares": 14181254.0,
        "Basic Average Shares": 14130986.0,
        "Diluted EPS": 0.3,
        "Basic EPS": 0.3,
        "Diluted NI Availto Com Stockholders": 4190000.0,
        "Net Income Common Stockholders": 4190000.0,
        "Otherunder Preferred Stock Dividend": 14000.0,
        "Net Income": 4204000.0,
        "Net Income Including Noncontrolling Interests": 4204000.0,
        "Net Income Continuous Operations": 4204000.0,
        "Tax Provision": 1210000.0,
        "Pretax Income": 5414000.0,
        "Gain On Sale Of Security": 0.0,
        "Selling General And Administration": 5378000.0,
        "Selling And Marketing Expense": 97000.0,
        "General And Administrative Expense": 5281000.0,
        "Insurance And Claims": 260000.0,
        "Salaries And Wages": 5021000.0,
        "Total Revenue": 12562000.0,
        "Operating Revenue": 12562000.0,
        "Occupancy And Equipment": 748000.0,
        "Professional Expense And Contract Services Expense": 286000.0,
        "Other Non Interest Expense": 1512000.0
    },
    "2024-06-30": {
        "Tax Effect Of Unusual Items": 7768.479777,
        "Tax Rate For Calcs": 0.221957,
        "Total Unusual Items": 35000.0,
        "Total Unusual Items Excluding Goodwill": 35000.0,
        "Net Income From Continuing Operation Net Minority Interest": 3905000.0,
        "Reconciled Depreciation": 415000.0,
        "Net Interest Income": 11997000.0,
        "Interest Expense": 14710000.0,
        "Interest Income": 26707000.0,
        "Normalized Income": 3877768.479777,
        "Net Income From Continuing And Discontinued Operation": 3905000.0,
        "Diluted Average Shares": NaN,
        "Basic Average Shares": NaN,
        "Diluted EPS": NaN,
        "Basic EPS": NaN,
        "Diluted NI Availto Com Stockholders": 3892000.0,
        "Net Income Common Stockholders": 3892000.0,
        "Otherunder Preferred Stock Dividend": 13000.0,
        "Net Income": 3905000.0,
        "Net Income Including Noncontrolling Interests": 3905000.0,
        "Net Income Continuous Operations": 3905000.0,
        "Tax Provision": 1114000.0,
        "Pretax Income": 5019000.0,
        "Gain On Sale Of Security": 0.0,
        "Selling General And Administration": 5381000.0,
        "Selling And Marketing Expense": 97000.0,
        "General And Administrative Expense": 5284000.0,
        "Insurance And Claims": 220000.0,
        "Salaries And Wages": 5064000.0,
        "Total Revenue": 12636000.0,
        "Operating Revenue": 12636000.0,
        "Occupancy And Equipment": 749000.0,
        "Professional Expense And Contract Services Expense": 208000.0,
        "Other Non Interest Expense": 1571000.0
    },
    "2024-09-30": {
        "Tax Effect Of Unusual Items": 28804.380382,
        "Tax Rate For Calcs": 0.207226,
        "Total Unusual Items": 139000.0,
        "Total Unusual Items Excluding Goodwill": 139000.0,
        "Net Income From Continuing Operation Net Minority Interest": 4235000.0,
        "Reconciled Depreciation": 393000.0,
        "Net Interest Income": 13059000.0,
        "Interest Expense": 15272000.0,
        "Interest Income": 28331000.0,
        "Normalized Income": 4124804.380382,
        "Net Income From Continuing And Discontinued Operation": 4235000.0,
        "Diluted Average Shares": 14214586.0,
        "Basic Average Shares": 14187691.0,
        "Diluted EPS": 0.3,
        "Basic EPS": 0.3,
        "Diluted NI Availto Com Stockholders": 4221000.0,
        "Net Income Common Stockholders": 4221000.0,
        "Otherunder Preferred Stock Dividend": 14000.0,
        "Net Income": 4235000.0,
        "Net Income Including Noncontrolling Interests": 4235000.0,
        "Net Income Continuous Operations": 4235000.0,
        "Tax Provision": 1107000.0,
        "Pretax Income": 5342000.0,
        "Gain On Sale Of Security": 0.0,
        "Selling General And Administration": 5435000.0,
        "Selling And Marketing Expense": 96000.0,
        "General And Administrative Expense": 5339000.0,
        "Insurance And Claims": 250000.0,
        "Salaries And Wages": 5089000.0,
        "Total Revenue": 13773000.0,
        "Operating Revenue": 13773000.0,
        "Occupancy And Equipment": 748000.0,
        "Professional Expense And Contract Services Expense": 256000.0,
        "Other Non Interest Expense": 1592000.0
    },
    "2024-12-31": {
        "Tax Effect Of Unusual Items": -13486.650287,
        "Tax Rate For Calcs": 0.217527,
        "Total Unusual Items": -62000.0,
        "Total Unusual Items Excluding Goodwill": -62000.0,
        "Net Income From Continuing Operation Net Minority Interest": 4777000.0,
        "Reconciled Depreciation": 458000.0,
        "Net Interest Income": 13938000.0,
        "Interest Expense": 13928000.0,
        "Interest Income": 27866000.0,
        "Normalized Income": 4825513.349713,
        "Net Income From Continuing And Discontinued Operation": 4777000.0,
        "Diluted Average Shares": 14224287.0,
        "Basic Average Shares": 14196309.0,
        "Diluted EPS": 0.33,
        "Basic EPS": 0.34,
        "Diluted NI Availto Com Stockholders": 4761000.0,
        "Net Income Common Stockholders": 4761000.0,
        "Otherunder Preferred Stock Dividend": 16000.0,
        "Net Income": 4777000.0,
        "Net Income Including Noncontrolling Interests": 4777000.0,
        "Net Income Continuous Operations": 4777000.0,
        "Tax Provision": 1328000.0,
        "Pretax Income": 6105000.0,
        "Gain On Sale Of Security": 0.0,
        "Selling General And Administration": 5206000.0,
        "Selling And Marketing Expense": 96000.0,
        "General And Administrative Expense": 5110000.0,
        "Insurance And Claims": 270000.0,
        "Salaries And Wages": 4840000.0,
        "Total Revenue": 14348000.0,
        "Operating Revenue": 14348000.0,
        "Occupancy And Equipment": 735000.0,
        "Professional Expense And Contract Services Expense": 251000.0,
        "Other Non Interest Expense": 1754000.0
    },
    "2025-03-31": {
        "Tax Effect Of Unusual Items": 5332.470893,
        "Tax Rate For Calcs": 0.222186,
        "Total Unusual Items": 24000.0,
        "Total Unusual Items Excluding Goodwill": 24000.0,
        "Net Income From Continuing Operation Net Minority Interest": 4810000.0,
        "Reconciled Depreciation": 385000.0,
        "Net Interest Income": 13974000.0,
        "Interest Expense": 13208000.0,
        "Interest Income": 27182000.0,
        "Normalized Income": 4791332.470893,
        "Net Income From Continuing And Discontinued Operation": 4810000.0,
        "Diluted Average Shares": 14241114.0,
        "Basic Average Shares": 14223046.0,
        "Diluted EPS": 0.34,
        "Basic EPS": 0.34,
        "Diluted NI Availto Com Stockholders": 4792000.0,
        "Net Income Common Stockholders": 4792000.0,
        "Otherunder Preferred Stock Dividend": 18000.0,
        "Net Income": 4810000.0,
        "Net Income Including Noncontrolling Interests": 4810000.0,
        "Net Income Continuous Operations": 4810000.0,
        "Tax Provision": 1374000.0,
        "Pretax Income": 6184000.0,
        "Gain On Sale Of Security": 0.0,
        "Selling General And Administration": 5677000.0,
        "Selling And Marketing Expense": 162000.0,
        "General And Administrative Expense": 5515000.0,
        "Insurance And Claims": 247000.0,
        "Salaries And Wages": 5268000.0,
        "Total Revenue": 14602000.0,
        "Operating Revenue": 14602000.0,
        "Occupancy And Equipment": 723000.0,
        "Professional Expense And Contract Services Expense": 221000.0,
        "Other Non Interest Expense": 1627000.0
    },
    "2025-06-30": {
        "Tax Effect Of Unusual Items": 40917.514811,
        "Tax Rate For Calcs": 0.224822,
        "Total Unusual Items": 182000.0,
        "Total Unusual Items Excluding Goodwill": 182000.0,
        "Net Income From Continuing Operation Net Minority Interest": 5103000.0,
        "Reconciled Depreciation": 209000.0,
        "Net Interest Income": 14805000.0,
        "Interest Expense": 12917000.0,
        "Interest Income": 27722000.0,
        "Normalized Income": 4961917.514811,
        "Net Income From Continuing And Discontinued Operation": 5103000.0,
        "Diluted Average Shares": 14223418.0,
        "Basic Average Shares": 14221597.0,
        "Diluted EPS": 0.36,
        "Basic EPS": 0.36,
        "Diluted NI Availto Com Stockholders": 5085000.0,
        "Net Income Common Stockholders": 5085000.0,
        "Otherunder Preferred Stock Dividend": 18000.0,
        "Net Income": 5103000.0,
        "Net Income Including Noncontrolling Interests": 5103000.0,
        "Net Income Continuous Operations": 5103000.0,
        "Tax Provision": 1480000.0,
        "Pretax Income": 6583000.0,
        "Gain On Sale Of Security": 0.0,
        "Selling General And Administration": 5568000.0,
        "Selling And Marketing Expense": -5000.0,
        "General And Administrative Expense": 5573000.0,
        "Insurance And Claims": 225000.0,
        "Salaries And Wages": 5348000.0,
        "Total Revenue": 15433000.0,
        "Operating Revenue": 15433000.0,
        "Occupancy And Equipment": 722000.0,
        "Professional Expense And Contract Services Expense": 305000.0,
        "Other Non Interest Expense": 1718000.0
    },
    "2025-09-30": {
        "Tax Effect Of Unusual Items": NaN,
        "Tax Rate For Calcs": NaN,
        "Total Unusual Items": NaN,
        "Total Unusual Items Excluding Goodwill": NaN,
        "Net Income From Continuing Operation Net Minority Interest": NaN,
        "Reconciled Depreciation": NaN,
        "Net Interest Income": NaN,
        "Interest Expense": NaN,
        "Interest Income": NaN,
        "Normalized Income": NaN,
        "Net Income From Continuing And Discontinued Operation": NaN,
        "Diluted Average Shares": 14172953.0,
        "Basic Average Shares": 14172953.0,
        "Diluted EPS": 0.38,
        "Basic EPS": 0.38,
        "Diluted NI Availto Com Stockholders": NaN,
        "Net Income Common Stockholders": NaN,
        "Otherunder Preferred Stock Dividend": NaN,
        "Net Income": NaN,
        "Net Income Including Noncontrolling Interests": NaN,
        "Net Income Continuous Operations": NaN,
        "Tax Provision": NaN,
        "Pretax Income": NaN,
        "Gain On Sale Of Security": NaN,
        "Selling General And Administration": NaN,
        "Selling And Marketing Expense": NaN,
        "General And Administrative Expense": NaN,
        "Insurance And Claims": NaN,
        "Salaries And Wages": NaN,
        "Total Revenue": NaN,
        "Operating Revenue": NaN,
        "Occupancy And Equipment": NaN,
        "Professional Expense And Contract Services Expense": NaN,
        "Other Non Interest Expense": NaN
    }
}