{
    "2023-04-30": {
        "Tax Effect Of Unusual Items": 0.0,
        "Tax Rate For Calcs": 0.131,
        "Normalized EBITDA": -13900000.0,
        "Total Unusual Items": NaN,
        "Total Unusual Items Excluding Goodwill": NaN,
        "Net Income From Continuing Operation Net Minority Interest": -54200000.0,
        "Reconciled Depreciation": 20300000.0,
        "Reconciled Cost Of Revenue": 229100000.0,
        "EBITDA": -13900000.0,
        "EBIT": -34200000.0,
        "Net Interest Income": -25300000.0,
        "Interest Expense": 25300000.0,
        "Normalized Income": -54200000.0,
        "Net Income From Continuing And Discontinued Operation": -54200000.0,
        "Total Expenses": 512300000.0,
        "Total Operating Income As Reported": -34200000.0,
        "Diluted Average Shares": 41300000.0,
        "Basic Average Shares": 41300000.0,
        "Diluted EPS": -1.31,
        "Basic EPS": -1.31,
        "Diluted NI Availto Com Stockholders": -54200000.0,
        "Net Income Common Stockholders": -54200000.0,
        "Net Income": -54200000.0,
        "Net Income Including Noncontrolling Interests": -54200000.0,
        "Net Income Continuous Operations": -54200000.0,
        "Earnings From Equity Interest Net Of Tax": -2500000.0,
        "Tax Provision": -7800000.0,
        "Pretax Income": -59500000.0,
        "Other Income Expense": NaN,
        "Other Non Operating Income Expenses": NaN,
        "Special Income Charges": NaN,
        "Impairment Of Capital Assets": NaN,
        "Gain On Sale Of Security": NaN,
        "Net Non Operating Interest Income Expense": -25300000.0,
        "Interest Expense Non Operating": 25300000.0,
        "Operating Income": -34200000.0,
        "Operating Expense": 283200000.0,
        "Depreciation Amortization Depletion Income Statement": 20300000.0,
        "Depreciation And Amortization In Income Statement": 20300000.0,
        "Selling General And Administration": 262900000.0,
        "Gross Profit": 249000000.0,
        "Cost Of Revenue": 229100000.0,
        "Total Revenue": 478100000.0,
        "Operating Revenue": 478100000.0
    },
    "2023-01-31": {
        "Tax Effect Of Unusual Items": -24737936.772047,
        "Tax Rate For Calcs": 0.260399,
        "Normalized EBITDA": 16800000.0,
        "Total Unusual Items": -95000000.0,
        "Total Unusual Items Excluding Goodwill": -95000000.0,
        "Net Income From Continuing Operation Net Minority Interest": -91100000.0,
        "Reconciled Depreciation": 20500000.0,
        "Reconciled Cost Of Revenue": 389100000.0,
        "EBITDA": -78200000.0,
        "EBIT": -98700000.0,
        "Net Interest Income": -21500000.0,
        "Interest Expense": 21500000.0,
        "Normalized Income": -20837936.772047,
        "Net Income From Continuing And Discontinued Operation": -91100000.0,
        "Total Expenses": 696500000.0,
        "Total Operating Income As Reported": -98700000.0,
        "Diluted Average Shares": 40900000.0,
        "Basic Average Shares": 40900000.0,
        "Diluted EPS": -2.23,
        "Basic EPS": -2.23,
        "Diluted NI Availto Com Stockholders": -91100000.0,
        "Net Income Common Stockholders": -91100000.0,
        "Net Income": -91100000.0,
        "Net Income Including Noncontrolling Interests": -91100000.0,
        "Net Income Continuous Operations": -91100000.0,
        "Earnings From Equity Interest Net Of Tax": NaN,
        "Tax Provision": -31300000.0,
        "Pretax Income": -120200000.0,
        "Other Income Expense": -95000000.0,
        "Other Non Operating Income Expenses": NaN,
        "Special Income Charges": -95000000.0,
        "Impairment Of Capital Assets": NaN,
        "Gain On Sale Of Security": 0.0,
        "Net Non Operating Interest Income Expense": -21500000.0,
        "Interest Expense Non Operating": 21500000.0,
        "Operating Income": -3700000.0,
        "Operating Expense": 307400000.0,
        "Depreciation Amortization Depletion Income Statement": 20500000.0,
        "Depreciation And Amortization In Income Statement": 20500000.0,
        "Selling General And Administration": 286900000.0,
        "Gross Profit": 303700000.0,
        "Cost Of Revenue": 389100000.0,
        "Total Revenue": 692800000.0,
        "Operating Revenue": 692800000.0
    },
    "2022-10-31": {
        "Tax Effect Of Unusual Items": 542000.0,
        "Tax Rate For Calcs": 0.271,
        "Normalized EBITDA": 12000000.0,
        "Total Unusual Items": 2000000.0,
        "Total Unusual Items Excluding Goodwill": 2000000.0,
        "Net Income From Continuing Operation Net Minority Interest": -17500000.0,
        "Reconciled Depreciation": 19900000.0,
        "Reconciled Cost Of Revenue": 281800000.0,
        "EBITDA": 14000000.0,
        "EBIT": -5900000.0,
        "Net Interest Income": -18100000.0,
        "Interest Expense": 18100000.0,
        "Normalized Income": -18958000.0,
        "Net Income From Continuing And Discontinued Operation": -17500000.0,
        "Total Expenses": 570700000.0,
        "Total Operating Income As Reported": -7900000.0,
        "Diluted Average Shares": 40800000.0,
        "Basic Average Shares": 40800000.0,
        "Diluted EPS": -0.43,
        "Basic EPS": -0.43,
        "Diluted NI Availto Com Stockholders": -17500000.0,
        "Net Income Common Stockholders": -17500000.0,
        "Net Income": -17500000.0,
        "Net Income Including Noncontrolling Interests": -17500000.0,
        "Net Income Continuous Operations": -17500000.0,
        "Earnings From Equity Interest Net Of Tax": 0.0,
        "Tax Provision": -6500000.0,
        "Pretax Income": -24000000.0,
        "Other Income Expense": 2000000.0,
        "Other Non Operating Income Expenses": NaN,
        "Special Income Charges": 0.0,
        "Impairment Of Capital Assets": 0.0,
        "Gain On Sale Of Security": 2000000.0,
        "Net Non Operating Interest Income Expense": -18100000.0,
        "Interest Expense Non Operating": 18100000.0,
        "Operating Income": -7900000.0,
        "Operating Expense": 288900000.0,
        "Depreciation Amortization Depletion Income Statement": 19900000.0,
        "Depreciation And Amortization In Income Statement": 19900000.0,
        "Selling General And Administration": 269000000.0,
        "Gross Profit": 281000000.0,
        "Cost Of Revenue": 281800000.0,
        "Total Revenue": 562800000.0,
        "Operating Revenue": 562800000.0
    },
    "2022-07-31": {
        "Tax Effect Of Unusual Items": 0.0,
        "Tax Rate For Calcs": 0.258149,
        "Normalized EBITDA": -43600000.0,
        "Total Unusual Items": 0.0,
        "Total Unusual Items Excluding Goodwill": 0.0,
        "Net Income From Continuing Operation Net Minority Interest": -56900000.0,
        "Reconciled Depreciation": 19900000.0,
        "Reconciled Cost Of Revenue": 248400000.0,
        "EBITDA": -43600000.0,
        "EBIT": -63500000.0,
        "Net Interest Income": -13200000.0,
        "Interest Expense": 13200000.0,
        "Normalized Income": -56900000.0,
        "Net Income From Continuing And Discontinued Operation": -56900000.0,
        "Total Expenses": 526800000.0,
        "Total Operating Income As Reported": -63500000.0,
        "Diluted Average Shares": 40700000.0,
        "Basic Average Shares": 40700000.0,
        "Diluted EPS": -1.4,
        "Basic EPS": -1.4,
        "Diluted NI Availto Com Stockholders": -56900000.0,
        "Net Income Common Stockholders": -56900000.0,
        "Net Income": -56900000.0,
        "Net Income Including Noncontrolling Interests": -56900000.0,
        "Net Income Continuous Operations": -56900000.0,
        "Earnings From Equity Interest Net Of Tax": NaN,
        "Tax Provision": -19800000.0,
        "Pretax Income": -76700000.0,
        "Other Income Expense": NaN,
        "Special Income Charges": 0.0,
        "Impairment Of Capital Assets": NaN,
        "Gain On Sale Of Security": NaN,
        "Net Non Operating Interest Income Expense": -13200000.0,
        "Interest Expense Non Operating": 13200000.0,
        "Operating Income": -63500000.0,
        "Operating Expense": 278400000.0,
        "Depreciation Amortization Depletion Income Statement": 19900000.0,
        "Depreciation And Amortization In Income Statement": 19900000.0,
        "Selling General And Administration": 258500000.0,
        "Gross Profit": 214900000.0,
        "Cost Of Revenue": 248400000.0,
        "Total Revenue": 463300000.0,
        "Operating Revenue": 463300000.0
    },
    "2022-04-30": {
        "Diluted EPS": -0.86,
        "Total Revenue": 498,
        "Gross Profit": 241,
        "Operating Income": -39,
        "EBIT": -18,
        "Net Income": -35
    },
    "2022-01-31": {
        "Diluted EPS": 0.32,
        "Total Revenue": 735,
        "Gross Profit": 324,
        "Operating Income": 26,
        "EBIT": 47,
        "Net Income": 14
    },
    "2021-10-31": {
        "Diluted EPS": 0.53,
        "Total Revenue": 611,
        "Gross Profit": 319,
        "Operating Income": 42,
        "EBIT": 62,
        "Net Income": 23
    },
    "2021-07-31": {
        "Diluted EPS": 0.12,
        "Total Revenue": 497,
        "Gross Profit": 267,
        "Operating Income": 0,
        "EBIT": 21,
        "Net Income": 5
    },
    "2021-04-30": {
        "Diluted EPS": 0.38,
        "Total Revenue": 574,
        "Gross Profit": 303,
        "Operating Income": 32,
        "EBIT": 54,
        "Net Income": 15
    },
    "2021-01-31": {
        "Diluted EPS": 1.12,
        "Total Revenue": 841,
        "Gross Profit": 395,
        "Operating Income": 61,
        "EBIT": 82,
        "Net Income": 38
    },
    "2020-10-31": {
        "Diluted EPS": 1.32,
        "Total Revenue": 714,
        "Gross Profit": 375,
        "Operating Income": 62,
        "EBIT": 83,
        "Net Income": 48
    },
    "2020-07-31": {
        "Diluted EPS": 4.17,
        "Total Revenue": 708,
        "Gross Profit": 351,
        "Operating Income": 48,
        "EBIT": 69,
        "Net Income": 150
    },
    "2020-04-30": {
        "Diluted EPS": -0.68,
        "Total Revenue": 499,
        "Gross Profit": 246,
        "Operating Income": -16,
        "EBIT": 5,
        "Net Income": -24
    },
    "2020-01-31": {
        "Diluted EPS": 0.0,
        "Total Revenue": NaN,
        "Gross Profit": NaN,
        "Operating Income": NaN,
        "EBIT": NaN,
        "Net Income": NaN
    },
    "2019-01-31": {
        "Diluted EPS": 0.0,
        "Total Revenue": NaN,
        "Gross Profit": NaN,
        "Operating Income": NaN,
        "EBIT": NaN,
        "Net Income": NaN
    },
    "2018-01-31": {
        "Diluted EPS": 0.0,
        "Total Revenue": NaN,
        "Gross Profit": NaN,
        "Operating Income": NaN,
        "EBIT": NaN,
        "Net Income": NaN
    },
    "2023-07-31": {
        "Tax Effect Of Unusual Items": 0.0,
        "Tax Rate For Calcs": 0.138,
        "Normalized EBITDA": -37900000.0,
        "Total Unusual Items": NaN,
        "Total Unusual Items Excluding Goodwill": NaN,
        "Net Income From Continuing Operation Net Minority Interest": -73300000.0,
        "Reconciled Depreciation": 18900000.0,
        "Reconciled Cost Of Revenue": 221800000.0,
        "EBITDA": -37900000.0,
        "EBIT": -56800000.0,
        "Net Interest Income": -26800000.0,
        "Interest Expense": 26800000.0,
        "Normalized Income": -73300000.0,
        "Net Income From Continuing And Discontinued Operation": -73300000.0,
        "Total Expenses": 510600000.0,
        "Total Operating Income As Reported": -56800000.0,
        "Diluted Average Shares": 41700000.0,
        "Basic Average Shares": 41700000.0,
        "Diluted EPS": -1.76,
        "Basic EPS": -1.76,
        "Diluted NI Availto Com Stockholders": -73300000.0,
        "Net Income Common Stockholders": -73300000.0,
        "Net Income": -73300000.0,
        "Net Income Including Noncontrolling Interests": -73300000.0,
        "Net Income Continuous Operations": -73300000.0,
        "Earnings From Equity Interest Net Of Tax": -1200000.0,
        "Tax Provision": -11500000.0,
        "Pretax Income": -83600000.0,
        "Other Income Expense": NaN,
        "Other Non Operating Income Expenses": NaN,
        "Special Income Charges": NaN,
        "Impairment Of Capital Assets": NaN,
        "Gain On Sale Of Security": NaN,
        "Net Non Operating Interest Income Expense": -26800000.0,
        "Interest Expense Non Operating": 26800000.0,
        "Operating Income": -56800000.0,
        "Operating Expense": 288800000.0,
        "Depreciation Amortization Depletion Income Statement": 18900000.0,
        "Depreciation And Amortization In Income Statement": 18900000.0,
        "Selling General And Administration": 269900000.0,
        "Gross Profit": 232000000.0,
        "Cost Of Revenue": 221800000.0,
        "Total Revenue": 453800000.0,
        "Operating Revenue": 453800000.0
    },
    "2023-10-31": {
        "Tax Effect Of Unusual Items": -584800.0,
        "Tax Rate For Calcs": 0.344,
        "Normalized EBITDA": 20800000.0,
        "Total Unusual Items": -1700000.0,
        "Total Unusual Items Excluding Goodwill": -1700000.0,
        "Net Income From Continuing Operation Net Minority Interest": -21600000.0,
        "Reconciled Depreciation": 22400000.0,
        "Reconciled Cost Of Revenue": 257700000.0,
        "EBITDA": 19100000.0,
        "EBIT": -3300000.0,
        "Net Interest Income": -28400000.0,
        "Interest Expense": 28400000.0,
        "Normalized Income": -20484800.0,
        "Net Income From Continuing And Discontinued Operation": -21600000.0,
        "Total Expenses": 553500000.0,
        "Total Operating Income As Reported": -15400000.0,
        "Diluted Average Shares": 42200000.0,
        "Basic Average Shares": 42200000.0,
        "Diluted EPS": -0.51,
        "Basic EPS": -0.51,
        "Diluted NI Availto Com Stockholders": -21600000.0,
        "Net Income Common Stockholders": -21600000.0,
        "Net Income": -21600000.0,
        "Net Income Including Noncontrolling Interests": -21600000.0,
        "Net Income Continuous Operations": -21600000.0,
        "Earnings From Equity Interest Net Of Tax": -800000.0,
        "Tax Provision": -10900000.0,
        "Pretax Income": -31700000.0,
        "Other Income Expense": 10400000.0,
        "Other Non Operating Income Expenses": 12100000.0,
        "Special Income Charges": -1700000.0,
        "Impairment Of Capital Assets": 1700000.0,
        "Gain On Sale Of Security": NaN,
        "Net Non Operating Interest Income Expense": -28400000.0,
        "Interest Expense Non Operating": 28400000.0,
        "Operating Income": -13700000.0,
        "Operating Expense": 295800000.0,
        "Depreciation Amortization Depletion Income Statement": 22400000.0,
        "Depreciation And Amortization In Income Statement": 22400000.0,
        "Selling General And Administration": 273400000.0,
        "Gross Profit": 282100000.0,
        "Cost Of Revenue": 257700000.0,
        "Total Revenue": 539800000.0,
        "Operating Revenue": 539800000.0
    }
}