{
    "2023-03-31": {
        "Tax Effect Of Unusual Items": 0.0,
        "Tax Rate For Calcs": 0.255,
        "Normalized EBITDA": 24052000.0,
        "Net Income From Continuing Operation Net Minority Interest": 14861000.0,
        "Reconciled Depreciation": 4066000.0,
        "Reconciled Cost Of Revenue": 126780000.0,
        "EBITDA": 24052000.0,
        "EBIT": 19986000.0,
        "Net Interest Income": 697000.0,
        "Interest Expense": 38000.0,
        "Interest Income": 735000.0,
        "Normalized Income": 14861000.0,
        "Net Income From Continuing And Discontinued Operation": 14861000.0,
        "Total Expenses": 190725000.0,
        "Total Operating Income As Reported": 11390000.0,
        "Diluted Average Shares": 10198000.0,
        "Basic Average Shares": 10178000.0,
        "Diluted EPS": 1.45,
        "Basic EPS": 1.47,
        "Diluted NI Availto Com Stockholders": 14861000.0,
        "Net Income Common Stockholders": 14861000.0,
        "Net Income": 14861000.0,
        "Net Income Including Noncontrolling Interests": 14861000.0,
        "Net Income Continuous Operations": 14861000.0,
        "Tax Provision": 5087000.0,
        "Pretax Income": 19948000.0,
        "Other Income Expense": 7861000.0,
        "Other Non Operating Income Expenses": 7861000.0,
        "Net Non Operating Interest Income Expense": 697000.0,
        "Interest Expense Non Operating": 38000.0,
        "Interest Income Non Operating": 735000.0,
        "Operating Income": 11390000.0,
        "Operating Expense": 63945000.0,
        "Research And Development": 8340000.0,
        "Selling General And Administration": 55605000.0,
        "Selling And Marketing Expense": 40583000.0,
        "General And Administrative Expense": 15022000.0,
        "Other Gand A": 15022000.0,
        "Gross Profit": 75335000.0,
        "Cost Of Revenue": 126780000.0,
        "Total Revenue": 202115000.0,
        "Operating Revenue": 202115000.0
    },
    "2022-12-31": {
        "Tax Effect Of Unusual Items": 0.0,
        "Tax Rate For Calcs": 0.28,
        "Normalized EBITDA": 11966000.0,
        "Net Income From Continuing Operation Net Minority Interest": 5879000.0,
        "Reconciled Depreciation": 3763000.0,
        "Reconciled Cost Of Revenue": 115558000.0,
        "EBITDA": 11966000.0,
        "EBIT": 8203000.0,
        "Net Interest Income": 790000.0,
        "Interest Expense": 37000.0,
        "Interest Income": 827000.0,
        "Normalized Income": 5879000.0,
        "Net Income From Continuing And Discontinued Operation": 5879000.0,
        "Total Expenses": 172865000.0,
        "Total Operating Income As Reported": 5472000.0,
        "Diluted Average Shares": 10168000.0,
        "Basic Average Shares": 10147000.0,
        "Diluted EPS": 0.57,
        "Basic EPS": 0.58,
        "Diluted NI Availto Com Stockholders": 5879000.0,
        "Net Income Common Stockholders": 5879000.0,
        "Net Income": 5879000.0,
        "Net Income Including Noncontrolling Interests": 5879000.0,
        "Net Income Continuous Operations": 5879000.0,
        "Tax Provision": 2287000.0,
        "Pretax Income": 8166000.0,
        "Other Income Expense": 1904000.0,
        "Other Non Operating Income Expenses": 1904000.0,
        "Net Non Operating Interest Income Expense": 790000.0,
        "Interest Expense Non Operating": 37000.0,
        "Interest Income Non Operating": 827000.0,
        "Operating Income": 5472000.0,
        "Operating Expense": 57307000.0,
        "Research And Development": 7525000.0,
        "Selling General And Administration": 49782000.0,
        "Selling And Marketing Expense": 33498000.0,
        "General And Administrative Expense": 16284000.0,
        "Other Gand A": 16284000.0,
        "Gross Profit": 62779000.0,
        "Cost Of Revenue": 115558000.0,
        "Total Revenue": 178337000.0,
        "Operating Revenue": 178337000.0
    },
    "2022-09-30": {
        "Tax Effect Of Unusual Items": 0.0,
        "Tax Rate For Calcs": 0.185057,
        "Normalized EBITDA": 13322000.0,
        "Net Income From Continuing Operation Net Minority Interest": 9653000.0,
        "Reconciled Depreciation": 3800000.0,
        "Reconciled Cost Of Revenue": 127782000.0,
        "EBITDA": 13322000.0,
        "EBIT": 13322000.0,
        "Net Interest Income": 432000.0,
        "Interest Expense": 36000.0,
        "Interest Income": 432000.0,
        "Normalized Income": 9653000.0,
        "Net Income From Continuing And Discontinued Operation": 9653000.0,
        "Total Expenses": 183067000.0,
        "Total Operating Income As Reported": 13322000.0,
        "Diluted Average Shares": 10192051.0,
        "Basic Average Shares": 10192051.0,
        "Diluted EPS": 0.947111,
        "Basic EPS": 0.947111,
        "Diluted NI Availto Com Stockholders": 9653000.0,
        "Net Income Common Stockholders": 9653000.0,
        "Net Income": 9653000.0,
        "Net Income Including Noncontrolling Interests": 9653000.0,
        "Net Income Continuous Operations": 9653000.0,
        "Tax Provision": 2192000.0,
        "Pretax Income": 11845000.0,
        "Other Income Expense": -1909000.0,
        "Other Non Operating Income Expenses": -1909000.0,
        "Net Non Operating Interest Income Expense": 432000.0,
        "Total Other Finance Cost": NaN,
        "Interest Expense Non Operating": 36000.0,
        "Interest Income Non Operating": 432000.0,
        "Operating Income": 13322000.0,
        "Operating Expense": 55285000.0,
        "Research And Development": 7473000.0,
        "Selling General And Administration": 47812000.0,
        "Selling And Marketing Expense": 35145000.0,
        "General And Administrative Expense": 12667000.0,
        "Other Gand A": 12667000.0,
        "Gross Profit": 68607000.0,
        "Cost Of Revenue": 127782000.0,
        "Total Revenue": 196389000.0,
        "Operating Revenue": 196389000.0
    },
    "2022-06-30": {
        "Tax Effect Of Unusual Items": 0.0,
        "Tax Rate For Calcs": 0.268,
        "Normalized EBITDA": 22794000.0,
        "Net Income From Continuing Operation Net Minority Interest": 14082000.0,
        "Reconciled Depreciation": 3520000.0,
        "Reconciled Cost Of Revenue": 130310000.0,
        "EBITDA": 22794000.0,
        "EBIT": 19274000.0,
        "Net Interest Income": 114000.0,
        "Interest Expense": 30000.0,
        "Interest Income": 144000.0,
        "Normalized Income": 14082000.0,
        "Net Income From Continuing And Discontinued Operation": 14082000.0,
        "Total Expenses": 180020000.0,
        "Total Operating Income As Reported": 23799000.0,
        "Diluted Average Shares": 10161000.0,
        "Basic Average Shares": 10132000.0,
        "Diluted EPS": 1.38,
        "Basic EPS": 1.4,
        "Diluted NI Availto Com Stockholders": 14082000.0,
        "Net Income Common Stockholders": 14082000.0,
        "Net Income": 14082000.0,
        "Net Income Including Noncontrolling Interests": 14082000.0,
        "Net Income Continuous Operations": 14082000.0,
        "Tax Provision": 5162000.0,
        "Pretax Income": 19244000.0,
        "Other Income Expense": -4669000.0,
        "Other Non Operating Income Expenses": -4669000.0,
        "Net Non Operating Interest Income Expense": 114000.0,
        "Total Other Finance Cost": NaN,
        "Interest Expense Non Operating": 30000.0,
        "Interest Income Non Operating": 144000.0,
        "Operating Income": 23799000.0,
        "Operating Expense": 49710000.0,
        "Research And Development": 6614000.0,
        "Selling General And Administration": 43096000.0,
        "Selling And Marketing Expense": 34823000.0,
        "General And Administrative Expense": 8273000.0,
        "Other Gand A": 8273000.0,
        "Gross Profit": 73509000.0,
        "Cost Of Revenue": 130310000.0,
        "Total Revenue": 203819000.0,
        "Operating Revenue": 203819000.0
    },
    "2022-03-31": {
        "Diluted EPS": 0.98,
        "Total Revenue": 190,
        "Gross Profit": 69,
        "Operating Income": 15,
        "EBIT": 19,
        "Net Income": 10
    },
    "2021-12-31": {
        "Diluted EPS": 1.07,
        "Total Revenue": 154,
        "Gross Profit": 61,
        "Operating Income": 14,
        "EBIT": 17,
        "Net Income": 11
    },
    "2021-09-30": {
        "Diluted EPS": 0.65,
        "Total Revenue": 166,
        "Gross Profit": 68,
        "Operating Income": 14,
        "EBIT": 17,
        "Net Income": 7
    },
    "2021-06-30": {
        "Diluted EPS": 2.84,
        "Total Revenue": 214,
        "Gross Profit": 98,
        "Operating Income": 38,
        "EBIT": 41,
        "Net Income": 29
    },
    "2021-03-31": {
        "Diluted EPS": 2.75,
        "Total Revenue": 206,
        "Gross Profit": 93,
        "Operating Income": 36,
        "EBIT": 39,
        "Net Income": 28
    },
    "2020-12-31": {
        "Diluted EPS": 1.97,
        "Total Revenue": 166,
        "Gross Profit": 75,
        "Operating Income": 24,
        "EBIT": 27,
        "Net Income": 20
    },
    "2020-09-30": {
        "Diluted EPS": 1.54,
        "Total Revenue": 165,
        "Gross Profit": 74,
        "Operating Income": 20,
        "EBIT": 23,
        "Net Income": 15
    },
    "2020-06-30": {
        "Diluted EPS": 1.28,
        "Total Revenue": 138,
        "Gross Profit": 63,
        "Operating Income": 13,
        "EBIT": 18,
        "Net Income": 13
    },
    "2020-03-31": {
        "Diluted EPS": 2.03,
        "Total Revenue": 163,
        "Gross Profit": 75,
        "Operating Income": 32,
        "EBIT": 35,
        "Net Income": 20
    },
    "2019-12-31": {
        "Diluted EPS": 0.64,
        "Total Revenue": 128,
        "Gross Profit": 54,
        "Operating Income": 7,
        "EBIT": 10,
        "Net Income": 6
    },
    "2019-09-30": {
        "Diluted EPS": 0.37,
        "Total Revenue": 104,
        "Gross Profit": 47,
        "Operating Income": 2,
        "EBIT": 6,
        "Net Income": 4
    },
    "2019-06-30": {
        "Diluted EPS": 2.2,
        "Total Revenue": 176,
        "Gross Profit": 80,
        "Operating Income": 28,
        "EBIT": 32,
        "Net Income": 22
    },
    "2019-03-31": {
        "Diluted EPS": 2.19,
        "Total Revenue": 178,
        "Gross Profit": 79,
        "Operating Income": 28,
        "EBIT": 31,
        "Net Income": 22
    },
    "2018-12-31": {
        "Diluted EPS": 0.35,
        "Total Revenue": 104,
        "Gross Profit": 44,
        "Operating Income": 6,
        "EBIT": 9,
        "Net Income": 4
    },
    "2018-09-30": {
        "Diluted EPS": -0.49,
        "Total Revenue": 91,
        "Gross Profit": 40,
        "Operating Income": -2,
        "EBIT": 2,
        "Net Income": -5
    },
    "2018-06-30": {
        "Diluted EPS": 2.38,
        "Total Revenue": 171,
        "Gross Profit": 79,
        "Operating Income": 32,
        "EBIT": 35,
        "Net Income": 24
    },
    "2018-03-31": {
        "Diluted EPS": 2.16,
        "Total Revenue": 166,
        "Gross Profit": 74,
        "Operating Income": 26,
        "EBIT": 29,
        "Net Income": 22
    },
    "2017-12-31": {
        "Diluted EPS": 0.02,
        "Total Revenue": 117,
        "Gross Profit": 49,
        "Operating Income": 7,
        "EBIT": 10,
        "Net Income": 0
    },
    "2017-09-30": {
        "Diluted EPS": 0.05,
        "Total Revenue": 92,
        "Gross Profit": 39,
        "Operating Income": 0,
        "EBIT": 3,
        "Net Income": 1
    },
    "2017-06-30": {
        "Diluted EPS": 1.67,
        "Total Revenue": 155,
        "Gross Profit": 71,
        "Operating Income": 25,
        "EBIT": 28,
        "Net Income": 17
    },
    "2017-03-31": {
        "Diluted EPS": 1.41,
        "Total Revenue": 150,
        "Gross Profit": 65,
        "Operating Income": 20,
        "EBIT": 24,
        "Net Income": 14
    },
    "2016-12-31": {
        "Diluted EPS": 0.41,
        "Total Revenue": 94,
        "Gross Profit": 37,
        "Operating Income": 0,
        "EBIT": 4,
        "Net Income": 4
    },
    "2016-09-30": {
        "Diluted EPS": -0.22,
        "Total Revenue": 75,
        "Gross Profit": 29,
        "Operating Income": -5,
        "EBIT": -2,
        "Net Income": -2
    },
    "2016-06-30": {
        "Diluted EPS": 0.69,
        "Total Revenue": 139,
        "Gross Profit": 59,
        "Operating Income": 14,
        "EBIT": 17,
        "Net Income": 7
    },
    "2016-03-31": {
        "Diluted EPS": 0.95,
        "Total Revenue": 134,
        "Gross Profit": 55,
        "Operating Income": 15,
        "EBIT": 18,
        "Net Income": 9
    },
    "2015-12-31": {
        "Diluted EPS": -0.05,
        "Total Revenue": 85,
        "Gross Profit": 33,
        "Operating Income": -1,
        "EBIT": 2,
        "Net Income": -1
    },
    "2015-09-30": {
        "Diluted EPS": 0.11,
        "Total Revenue": 86,
        "Gross Profit": 34,
        "Operating Income": 1,
        "EBIT": 4,
        "Net Income": 1
    },
    "2015-06-30": {
        "Diluted EPS": 1.03,
        "Total Revenue": 141,
        "Gross Profit": 59,
        "Operating Income": 16,
        "EBIT": 19,
        "Net Income": 10
    },
    "2015-03-31": {
        "Diluted EPS": 0.37,
        "Total Revenue": 133,
        "Gross Profit": 52,
        "Operating Income": 8,
        "EBIT": 11,
        "Net Income": 4
    },
    "2014-12-31": {
        "Diluted EPS": -0.42,
        "Total Revenue": 71,
        "Gross Profit": 27,
        "Operating Income": -7,
        "EBIT": -4,
        "Net Income": -4
    },
    "2014-09-30": {
        "Diluted EPS": -0.09,
        "Total Revenue": 85,
        "Gross Profit": 34,
        "Operating Income": -1,
        "EBIT": 2,
        "Net Income": -1
    },
    "2014-06-30": {
        "Diluted EPS": 0.49,
        "Total Revenue": 137,
        "Gross Profit": 56,
        "Operating Income": 9,
        "EBIT": 12,
        "Net Income": 5
    },
    "2014-03-31": {
        "Diluted EPS": 0.77,
        "Total Revenue": 124,
        "Gross Profit": 49,
        "Operating Income": 12,
        "EBIT": 14,
        "Net Income": 7
    },
    "2013-12-31": {
        "Diluted EPS": -0.22,
        "Total Revenue": 79,
        "Gross Profit": 30,
        "Operating Income": -3,
        "EBIT": 0,
        "Net Income": -2
    },
    "2013-09-30": {
        "Diluted EPS": -0.37,
        "Total Revenue": 77,
        "Gross Profit": 29,
        "Operating Income": -5,
        "EBIT": -2,
        "Net Income": -4
    },
    "2013-06-30": {
        "Diluted EPS": 1.43,
        "Total Revenue": 130,
        "Gross Profit": 54,
        "Operating Income": 16,
        "EBIT": 19,
        "Net Income": 14
    },
    "2013-03-31": {
        "Diluted EPS": 0.94,
        "Total Revenue": 132,
        "Gross Profit": 54,
        "Operating Income": 13,
        "EBIT": 15,
        "Net Income": 9
    },
    "2012-12-31": {
        "Diluted EPS": 0.03,
        "Total Revenue": 87,
        "Gross Profit": 34,
        "Operating Income": 2,
        "EBIT": 4,
        "Net Income": 0
    },
    "2012-09-30": {
        "Diluted EPS": -0.36,
        "Total Revenue": 75,
        "Gross Profit": 28,
        "Operating Income": -3,
        "EBIT": 0,
        "Net Income": -3
    },
    "2012-06-30": {
        "Diluted EPS": 0.96,
        "Total Revenue": 129,
        "Gross Profit": 54,
        "Operating Income": 14,
        "EBIT": 18,
        "Net Income": 9
    },
    "2012-03-31": {
        "Diluted EPS": 0.78,
        "Total Revenue": 129,
        "Gross Profit": 51,
        "Operating Income": 14,
        "EBIT": 17,
        "Net Income": 7
    },
    "2011-12-31": {
        "Diluted EPS": -0.3,
        "Total Revenue": 80,
        "Gross Profit": 31,
        "Operating Income": -4,
        "EBIT": -1,
        "Net Income": -3
    },
    "2011-09-30": {
        "Diluted EPS": 1.87,
        "Total Revenue": 77,
        "Gross Profit": 29,
        "Operating Income": -4,
        "EBIT": -1,
        "Net Income": 17
    },
    "2011-06-30": {
        "Diluted EPS": 0.87,
        "Total Revenue": 122,
        "Gross Profit": 51,
        "Operating Income": 12,
        "EBIT": 15,
        "Net Income": 8
    },
    "2011-03-31": {
        "Diluted EPS": 0.91,
        "Total Revenue": 129,
        "Gross Profit": 53,
        "Operating Income": 11,
        "EBIT": 14,
        "Net Income": 8
    },
    "2010-12-31": {
        "Diluted EPS": -0.13,
        "Total Revenue": 79,
        "Gross Profit": 31,
        "Operating Income": -1,
        "EBIT": 1,
        "Net Income": -1
    },
    "2010-09-30": {
        "Diluted EPS": -0.63,
        "Total Revenue": 75,
        "Gross Profit": 30,
        "Operating Income": -3,
        "EBIT": 0,
        "Net Income": -6
    },
    "2010-06-30": {
        "Diluted EPS": 1.12,
        "Total Revenue": 124,
        "Gross Profit": 51,
        "Operating Income": 13,
        "EBIT": 16,
        "Net Income": 10
    },
    "2010-03-31": {
        "Diluted EPS": 0.67,
        "Total Revenue": 113,
        "Gross Profit": 45,
        "Operating Income": 8,
        "EBIT": 11,
        "Net Income": 6
    },
    "2009-12-31": {
        "Diluted EPS": -0.45,
        "Total Revenue": 70,
        "Gross Profit": 26,
        "Operating Income": -4,
        "EBIT": 0,
        "Net Income": -4
    },
    "2009-09-30": {
        "Diluted EPS": -1.56,
        "Total Revenue": 65,
        "Gross Profit": 22,
        "Operating Income": -11,
        "EBIT": -5,
        "Net Income": -14
    },
    "2009-06-30": {
        "Diluted EPS": 0.98,
        "Total Revenue": 115,
        "Gross Profit": 46,
        "Operating Income": 11,
        "EBIT": 13,
        "Net Income": 9
    },
    "2009-03-31": {
        "Diluted EPS": 0.27,
        "Total Revenue": 107,
        "Gross Profit": 40,
        "Operating Income": 6,
        "EBIT": 9,
        "Net Income": 2
    },
    "2023-06-30": {
        "Tax Effect Of Unusual Items": NaN,
        "Tax Rate For Calcs": NaN,
        "Normalized EBITDA": NaN,
        "Net Income From Continuing Operation Net Minority Interest": NaN,
        "Reconciled Depreciation": NaN,
        "Reconciled Cost Of Revenue": NaN,
        "EBITDA": NaN,
        "EBIT": NaN,
        "Net Interest Income": NaN,
        "Interest Expense": NaN,
        "Interest Income": NaN,
        "Normalized Income": NaN,
        "Net Income From Continuing And Discontinued Operation": NaN,
        "Total Expenses": NaN,
        "Total Operating Income As Reported": NaN,
        "Diluted Average Shares": 10210000.0,
        "Basic Average Shares": 10188000.0,
        "Diluted EPS": 1.44,
        "Basic EPS": 1.46,
        "Diluted NI Availto Com Stockholders": NaN,
        "Net Income Common Stockholders": NaN,
        "Net Income": NaN,
        "Net Income Including Noncontrolling Interests": NaN,
        "Net Income Continuous Operations": NaN,
        "Tax Provision": NaN,
        "Pretax Income": NaN,
        "Other Income Expense": NaN,
        "Other Non Operating Income Expenses": NaN,
        "Net Non Operating Interest Income Expense": NaN,
        "Interest Expense Non Operating": NaN,
        "Interest Income Non Operating": NaN,
        "Operating Income": NaN,
        "Operating Expense": NaN,
        "Research And Development": NaN,
        "Selling General And Administration": NaN,
        "Selling And Marketing Expense": NaN,
        "General And Administrative Expense": NaN,
        "Other Gand A": NaN,
        "Gross Profit": NaN,
        "Cost Of Revenue": NaN,
        "Total Revenue": NaN,
        "Operating Revenue": NaN
    },
    "2023-09-30": {
        "Tax Effect Of Unusual Items": NaN,
        "Tax Rate For Calcs": NaN,
        "Normalized EBITDA": NaN,
        "Net Income From Continuing Operation Net Minority Interest": NaN,
        "Reconciled Depreciation": NaN,
        "Reconciled Cost Of Revenue": NaN,
        "EBITDA": NaN,
        "EBIT": NaN,
        "Net Interest Income": NaN,
        "Interest Expense": NaN,
        "Interest Income": NaN,
        "Normalized Income": NaN,
        "Net Income From Continuing And Discontinued Operation": NaN,
        "Total Expenses": NaN,
        "Total Operating Income As Reported": NaN,
        "Diluted Average Shares": 10250949.0,
        "Basic Average Shares": 10250949.0,
        "Diluted EPS": -1.561514,
        "Basic EPS": -1.561514,
        "Diluted NI Availto Com Stockholders": NaN,
        "Net Income Common Stockholders": NaN,
        "Net Income": NaN,
        "Net Income Including Noncontrolling Interests": NaN,
        "Net Income Continuous Operations": NaN,
        "Tax Provision": NaN,
        "Pretax Income": NaN,
        "Other Income Expense": NaN,
        "Other Non Operating Income Expenses": NaN,
        "Net Non Operating Interest Income Expense": NaN,
        "Interest Expense Non Operating": NaN,
        "Interest Income Non Operating": NaN,
        "Operating Income": NaN,
        "Operating Expense": NaN,
        "Research And Development": NaN,
        "Selling General And Administration": NaN,
        "Selling And Marketing Expense": NaN,
        "General And Administrative Expense": NaN,
        "Other Gand A": NaN,
        "Gross Profit": NaN,
        "Cost Of Revenue": NaN,
        "Total Revenue": NaN,
        "Operating Revenue": NaN
    },
    "2023-12-31": {
        "Tax Effect Of Unusual Items": 0.0,
        "Tax Rate For Calcs": 0.33,
        "Normalized EBITDA": 10964000.0,
        "Net Income From Continuing Operation Net Minority Interest": 3955000.0,
        "Reconciled Depreciation": 5027000.0,
        "Reconciled Cost Of Revenue": 85790000.0,
        "EBITDA": 10964000.0,
        "EBIT": 5937000.0,
        "Net Interest Income": 1160000.0,
        "Interest Expense": 38000.0,
        "Interest Income": 1198000.0,
        "Normalized Income": 3955000.0,
        "Net Income From Continuing And Discontinued Operation": 3955000.0,
        "Total Expenses": 138598000.0,
        "Total Operating Income As Reported": 46000.0,
        "Diluted Average Shares": 10284000.0,
        "Basic Average Shares": 10284000.0,
        "Diluted EPS": 0.38,
        "Basic EPS": 0.384578,
        "Diluted NI Availto Com Stockholders": 3955000.0,
        "Net Income Common Stockholders": 3955000.0,
        "Net Income": 3955000.0,
        "Net Income Including Noncontrolling Interests": 3955000.0,
        "Net Income Continuous Operations": 3955000.0,
        "Tax Provision": 1944000.0,
        "Pretax Income": 5899000.0,
        "Other Income Expense": 4693000.0,
        "Other Non Operating Income Expenses": 4693000.0,
        "Net Non Operating Interest Income Expense": 1160000.0,
        "Interest Expense Non Operating": 38000.0,
        "Interest Income Non Operating": 1198000.0,
        "Operating Income": 46000.0,
        "Operating Expense": 52808000.0,
        "Research And Development": 8065000.0,
        "Selling General And Administration": 44743000.0,
        "Selling And Marketing Expense": 30342000.0,
        "General And Administrative Expense": 14401000.0,
        "Other Gand A": 14401000.0,
        "Gross Profit": 52854000.0,
        "Cost Of Revenue": 85790000.0,
        "Total Revenue": 138644000.0,
        "Operating Revenue": 138644000.0
    },
    "2024-03-31": {
        "Tax Effect Of Unusual Items": 0.0,
        "Tax Rate For Calcs": 0.284197,
        "Normalized EBITDA": 7974000.0,
        "Net Income From Continuing Operation Net Minority Interest": 2156000.0,
        "Reconciled Depreciation": 4922000.0,
        "Reconciled Cost Of Revenue": 114425000.0,
        "EBITDA": 7974000.0,
        "EBIT": 3052000.0,
        "Net Interest Income": 817000.0,
        "Interest Expense": 40000.0,
        "Interest Income": 857000.0,
        "Normalized Income": 2156000.0,
        "Net Income From Continuing And Discontinued Operation": 2156000.0,
        "Total Expenses": 176109000.0,
        "Total Operating Income As Reported": -253000.0,
        "Diluted Average Shares": 10301342.0,
        "Basic Average Shares": 10301342.0,
        "Diluted EPS": 0.209293,
        "Basic EPS": 0.209293,
        "Diluted NI Availto Com Stockholders": 2156000.0,
        "Net Income Common Stockholders": 2156000.0,
        "Net Income": 2156000.0,
        "Net Income Including Noncontrolling Interests": 2156000.0,
        "Net Income Continuous Operations": 2156000.0,
        "Tax Provision": 856000.0,
        "Pretax Income": 3012000.0,
        "Other Income Expense": 2448000.0,
        "Other Non Operating Income Expenses": 2448000.0,
        "Net Non Operating Interest Income Expense": 817000.0,
        "Interest Expense Non Operating": 40000.0,
        "Interest Income Non Operating": 857000.0,
        "Operating Income": -253000.0,
        "Operating Expense": 61684000.0,
        "Research And Development": 8129000.0,
        "Selling General And Administration": 53555000.0,
        "Selling And Marketing Expense": 39589000.0,
        "General And Administrative Expense": 13966000.0,
        "Other Gand A": 13966000.0,
        "Gross Profit": 61431000.0,
        "Cost Of Revenue": 114425000.0,
        "Total Revenue": 175856000.0,
        "Operating Revenue": 175856000.0
    },
    "2024-06-30": {
        "Tax Effect Of Unusual Items": 0.0,
        "Tax Rate For Calcs": 0.21,
        "Normalized EBITDA": 5794000.0,
        "Net Income From Continuing Operation Net Minority Interest": 1622000.0,
        "Reconciled Depreciation": 4850000.0,
        "Reconciled Cost Of Revenue": 110650000.0,
        "EBITDA": 5794000.0,
        "EBIT": 944000.0,
        "Net Interest Income": 1086000.0,
        "Interest Expense": 37000.0,
        "Interest Income": 1123000.0,
        "Normalized Income": 1622000.0,
        "Net Income From Continuing And Discontinued Operation": 1622000.0,
        "Total Expenses": 172978000.0,
        "Total Operating Income As Reported": -506000.0,
        "Diluted Average Shares": 10304392.0,
        "Basic Average Shares": 10304392.0,
        "Diluted EPS": 0.157409,
        "Basic EPS": 0.157409,
        "Diluted NI Availto Com Stockholders": 1622000.0,
        "Net Income Common Stockholders": 1622000.0,
        "Net Income": 1622000.0,
        "Net Income Including Noncontrolling Interests": 1622000.0,
        "Net Income Continuous Operations": 1622000.0,
        "Tax Provision": -715000.0,
        "Pretax Income": 907000.0,
        "Other Income Expense": 327000.0,
        "Other Non Operating Income Expenses": 327000.0,
        "Net Non Operating Interest Income Expense": 1086000.0,
        "Interest Expense Non Operating": 37000.0,
        "Interest Income Non Operating": 1123000.0,
        "Operating Income": -506000.0,
        "Operating Expense": 62328000.0,
        "Research And Development": 7284000.0,
        "Selling General And Administration": 55044000.0,
        "Selling And Marketing Expense": 41109000.0,
        "General And Administrative Expense": 13935000.0,
        "Other Gand A": 13935000.0,
        "Gross Profit": 61822000.0,
        "Cost Of Revenue": 110650000.0,
        "Total Revenue": 172472000.0,
        "Operating Revenue": 172472000.0
    },
    "2024-09-30": {
        "Tax Effect Of Unusual Items": 0.0,
        "Tax Rate For Calcs": 0.136442,
        "Normalized EBITDA": -34834000.0,
        "Net Income From Continuing Operation Net Minority Interest": -34266000.0,
        "Reconciled Depreciation": 4809000.0,
        "Reconciled Cost Of Revenue": 81001000.0,
        "EBITDA": -34834000.0,
        "EBIT": -39643000.0,
        "Net Interest Income": 1629000.0,
        "Interest Expense": 37000.0,
        "Interest Income": 1666000.0,
        "Normalized Income": -34266000.0,
        "Net Income From Continuing And Discontinued Operation": -34266000.0,
        "Total Expenses": 137510000.0,
        "Total Operating Income As Reported": -42809000.0,
        "Diluted Average Shares": 10301738.0,
        "Basic Average Shares": 10301738.0,
        "Diluted EPS": -3.35,
        "Basic EPS": -3.326235,
        "Diluted NI Availto Com Stockholders": -34266000.0,
        "Net Income Common Stockholders": -34266000.0,
        "Net Income": -34266000.0,
        "Net Income Including Noncontrolling Interests": -34266000.0,
        "Net Income Continuous Operations": -34266000.0,
        "Tax Provision": -5414000.0,
        "Pretax Income": -39680000.0,
        "Other Income Expense": -9673000.0,
        "Other Non Operating Income Expenses": 1500000.0,
        "Net Non Operating Interest Income Expense": 1629000.0,
        "Interest Expense Non Operating": 37000.0,
        "Interest Income Non Operating": 1666000.0,
        "Operating Income": -31636000.0,
        "Operating Expense": 56509000.0,
        "Research And Development": 7644000.0,
        "Selling General And Administration": 48865000.0,
        "Selling And Marketing Expense": 33524000.0,
        "General And Administrative Expense": 15341000.0,
        "Other Gand A": 15341000.0,
        "Gross Profit": 24873000.0,
        "Cost Of Revenue": 81001000.0,
        "Total Revenue": 105874000.0,
        "Operating Revenue": 105874000.0
    },
    "2024-12-31": {
        "Tax Effect Of Unusual Items": 0.0,
        "Tax Rate For Calcs": 0.192,
        "Normalized EBITDA": -14077000.0,
        "Net Income From Continuing Operation Net Minority Interest": -15290000.0,
        "Reconciled Depreciation": 4803000.0,
        "Reconciled Cost Of Revenue": 75466000.0,
        "EBITDA": -14077000.0,
        "EBIT": -18880000.0,
        "Net Interest Income": 986000.0,
        "Interest Expense": 47000.0,
        "Interest Income": 1033000.0,
        "Normalized Income": -15290000.0,
        "Net Income From Continuing And Discontinued Operation": -15290000.0,
        "Total Expenses": 127888000.0,
        "Total Operating Income As Reported": -20239000.0,
        "Diluted Average Shares": 10327512.0,
        "Basic Average Shares": 10327512.0,
        "Diluted EPS": -1.49,
        "Basic EPS": -1.480511,
        "Diluted NI Availto Com Stockholders": -15290000.0,
        "Net Income Common Stockholders": -15290000.0,
        "Net Income": -15290000.0,
        "Net Income Including Noncontrolling Interests": -15290000.0,
        "Net Income Continuous Operations": -15290000.0,
        "Tax Provision": -3637000.0,
        "Pretax Income": -18927000.0,
        "Other Income Expense": 326000.0,
        "Other Non Operating Income Expenses": 326000.0,
        "Net Non Operating Interest Income Expense": 986000.0,
        "Interest Expense Non Operating": 47000.0,
        "Interest Income Non Operating": 1033000.0,
        "Operating Income": -20239000.0,
        "Operating Expense": 52422000.0,
        "Research And Development": 7562000.0,
        "Selling General And Administration": 44860000.0,
        "Selling And Marketing Expense": 30384000.0,
        "General And Administrative Expense": 14476000.0,
        "Other Gand A": 14476000.0,
        "Gross Profit": 32183000.0,
        "Cost Of Revenue": 75466000.0,
        "Total Revenue": 107649000.0,
        "Operating Revenue": 107649000.0
    },
    "2025-03-31": {
        "Tax Effect Of Unusual Items": 0.0,
        "Tax Rate For Calcs": 0.21,
        "Normalized EBITDA": 9464000.0,
        "Net Income From Continuing Operation Net Minority Interest": 2304000.0,
        "Reconciled Depreciation": 5238000.0,
        "Reconciled Cost Of Revenue": 109483000.0,
        "EBITDA": 9464000.0,
        "EBIT": 4226000.0,
        "Net Interest Income": 557000.0,
        "Interest Expense": 68000.0,
        "Interest Income": 625000.0,
        "Normalized Income": 2304000.0,
        "Net Income From Continuing And Discontinued Operation": 2304000.0,
        "Total Expenses": 163448000.0,
        "Total Operating Income As Reported": 4901000.0,
        "Diluted Average Shares": 10272000.0,
        "Basic Average Shares": 10257000.0,
        "Diluted EPS": 0.22,
        "Basic EPS": 0.22,
        "Diluted NI Availto Com Stockholders": 2304000.0,
        "Net Income Common Stockholders": 2304000.0,
        "Net Income": 2304000.0,
        "Net Income Including Noncontrolling Interests": 2304000.0,
        "Net Income Continuous Operations": 2304000.0,
        "Tax Provision": 1854000.0,
        "Pretax Income": 4158000.0,
        "Other Income Expense": -1300000.0,
        "Other Non Operating Income Expenses": -1300000.0,
        "Net Non Operating Interest Income Expense": 557000.0,
        "Interest Expense Non Operating": 68000.0,
        "Interest Income Non Operating": 625000.0,
        "Operating Income": 4901000.0,
        "Operating Expense": 53965000.0,
        "Research And Development": 8086000.0,
        "Selling General And Administration": 45879000.0,
        "Selling And Marketing Expense": 34644000.0,
        "General And Administrative Expense": 11235000.0,
        "Other Gand A": 11235000.0,
        "Gross Profit": 58866000.0,
        "Cost Of Revenue": 109483000.0,
        "Total Revenue": 168349000.0,
        "Operating Revenue": 168349000.0
    },
    "2025-06-30": {
        "Tax Effect Of Unusual Items": 0.0,
        "Tax Rate For Calcs": 0.262667,
        "Normalized EBITDA": 15807000.0,
        "Net Income From Continuing Operation Net Minority Interest": 7742000.0,
        "Reconciled Depreciation": 5258000.0,
        "Reconciled Cost Of Revenue": 112728000.0,
        "EBITDA": 15807000.0,
        "EBIT": 10549000.0,
        "Net Interest Income": 878000.0,
        "Interest Expense": 49000.0,
        "Interest Income": 927000.0,
        "Normalized Income": 7742000.0,
        "Net Income From Continuing And Discontinued Operation": 7742000.0,
        "Total Expenses": 173325000.0,
        "Total Operating Income As Reported": 7330000.0,
        "Diluted Average Shares": 10293000.0,
        "Basic Average Shares": 10274000.0,
        "Diluted EPS": 0.75,
        "Basic EPS": 0.75,
        "Diluted NI Availto Com Stockholders": 7742000.0,
        "Net Income Common Stockholders": 7742000.0,
        "Net Income": 7742000.0,
        "Net Income Including Noncontrolling Interests": 7742000.0,
        "Net Income Continuous Operations": 7742000.0,
        "Tax Provision": 2758000.0,
        "Pretax Income": 10500000.0,
        "Other Income Expense": 2292000.0,
        "Other Non Operating Income Expenses": 2292000.0,
        "Net Non Operating Interest Income Expense": 878000.0,
        "Interest Expense Non Operating": 49000.0,
        "Interest Income Non Operating": 927000.0,
        "Operating Income": 7330000.0,
        "Operating Expense": 60597000.0,
        "Research And Development": 7621000.0,
        "Selling General And Administration": 52976000.0,
        "Selling And Marketing Expense": 37553000.0,
        "General And Administrative Expense": 15423000.0,
        "Other Gand A": 15423000.0,
        "Gross Profit": 67927000.0,
        "Cost Of Revenue": 112728000.0,
        "Total Revenue": 180655000.0,
        "Operating Revenue": 180655000.0
    }
}