{
    "2023-03-31": {
        "Tax Effect Of Unusual Items": NaN,
        "Tax Rate For Calcs": NaN,
        "Normalized EBITDA": NaN,
        "Net Income From Continuing Operation Net Minority Interest": NaN,
        "Reconciled Depreciation": NaN,
        "Reconciled Cost Of Revenue": NaN,
        "EBITDA": NaN,
        "EBIT": NaN,
        "Net Interest Income": NaN,
        "Interest Expense": NaN,
        "Normalized Income": NaN,
        "Net Income From Continuing And Discontinued Operation": NaN,
        "Total Expenses": NaN,
        "Total Operating Income As Reported": NaN,
        "Diluted Average Shares": 12525166.0,
        "Basic Average Shares": 12525166.0,
        "Diluted EPS": -0.16,
        "Basic EPS": -0.16,
        "Diluted NI Availto Com Stockholders": NaN,
        "Net Income Common Stockholders": NaN,
        "Net Income": NaN,
        "Minority Interests": NaN,
        "Net Income Including Noncontrolling Interests": NaN,
        "Net Income Continuous Operations": NaN,
        "Tax Provision": NaN,
        "Pretax Income": NaN,
        "Other Income Expense": NaN,
        "Other Non Operating Income Expenses": NaN,
        "Net Non Operating Interest Income Expense": NaN,
        "Interest Expense Non Operating": NaN,
        "Operating Income": NaN,
        "Operating Expense": NaN,
        "Selling General And Administration": NaN,
        "General And Administrative Expense": NaN,
        "Other Gand A": NaN,
        "Salaries And Wages": NaN,
        "Gross Profit": NaN,
        "Cost Of Revenue": NaN,
        "Total Revenue": NaN,
        "Operating Revenue": NaN
    },
    "2022-12-31": {
        "Tax Effect Of Unusual Items": NaN,
        "Tax Rate For Calcs": NaN,
        "Normalized EBITDA": NaN,
        "Net Income From Continuing Operation Net Minority Interest": NaN,
        "Reconciled Depreciation": NaN,
        "Reconciled Cost Of Revenue": NaN,
        "EBITDA": NaN,
        "EBIT": NaN,
        "Net Interest Income": NaN,
        "Interest Expense": NaN,
        "Normalized Income": NaN,
        "Net Income From Continuing And Discontinued Operation": NaN,
        "Total Expenses": NaN,
        "Total Operating Income As Reported": NaN,
        "Diluted Average Shares": 12412922.0,
        "Basic Average Shares": 12412922.0,
        "Diluted EPS": 0.07,
        "Basic EPS": 0.07,
        "Diluted NI Availto Com Stockholders": NaN,
        "Net Income Common Stockholders": NaN,
        "Net Income": NaN,
        "Minority Interests": 0.0,
        "Net Income Including Noncontrolling Interests": NaN,
        "Net Income Continuous Operations": NaN,
        "Tax Provision": NaN,
        "Pretax Income": NaN,
        "Other Income Expense": NaN,
        "Other Non Operating Income Expenses": NaN,
        "Net Non Operating Interest Income Expense": NaN,
        "Interest Expense Non Operating": NaN,
        "Operating Income": NaN,
        "Operating Expense": NaN,
        "Selling General And Administration": NaN,
        "General And Administrative Expense": NaN,
        "Other Gand A": NaN,
        "Salaries And Wages": NaN,
        "Gross Profit": NaN,
        "Cost Of Revenue": NaN,
        "Total Revenue": NaN,
        "Operating Revenue": NaN
    },
    "2022-09-30": {
        "Tax Effect Of Unusual Items": NaN,
        "Tax Rate For Calcs": NaN,
        "Normalized EBITDA": NaN,
        "Net Income From Continuing Operation Net Minority Interest": NaN,
        "Reconciled Depreciation": NaN,
        "Reconciled Cost Of Revenue": NaN,
        "EBITDA": NaN,
        "EBIT": NaN,
        "Net Interest Income": NaN,
        "Interest Expense": NaN,
        "Normalized Income": NaN,
        "Net Income From Continuing And Discontinued Operation": NaN,
        "Total Expenses": NaN,
        "Total Operating Income As Reported": NaN,
        "Diluted Average Shares": NaN,
        "Basic Average Shares": NaN,
        "Diluted EPS": NaN,
        "Basic EPS": NaN,
        "Diluted NI Availto Com Stockholders": NaN,
        "Net Income Common Stockholders": NaN,
        "Net Income": NaN,
        "Minority Interests": 0.0,
        "Net Income Including Noncontrolling Interests": NaN,
        "Net Income Continuous Operations": NaN,
        "Tax Provision": NaN,
        "Pretax Income": NaN,
        "Other Income Expense": NaN,
        "Other Non Operating Income Expenses": NaN,
        "Net Non Operating Interest Income Expense": NaN,
        "Interest Expense Non Operating": NaN,
        "Operating Income": NaN,
        "Operating Expense": NaN,
        "Selling General And Administration": NaN,
        "General And Administrative Expense": NaN,
        "Other Gand A": NaN,
        "Salaries And Wages": NaN,
        "Gross Profit": NaN,
        "Cost Of Revenue": NaN,
        "Total Revenue": NaN,
        "Operating Revenue": NaN
    },
    "2022-06-30": {
        "Tax Effect Of Unusual Items": 0.0,
        "Tax Rate For Calcs": 0.245421,
        "Normalized EBITDA": 3090762.0,
        "Net Income From Continuing Operation Net Minority Interest": 1721382.0,
        "Reconciled Depreciation": 869757.0,
        "Reconciled Cost Of Revenue": 26814194.0,
        "EBITDA": 3090762.0,
        "EBIT": 2221005.0,
        "Net Interest Income": NaN,
        "Interest Expense": NaN,
        "Normalized Income": 1721382.0,
        "Net Income From Continuing And Discontinued Operation": 1721382.0,
        "Total Expenses": 31215556.0,
        "Total Operating Income As Reported": 2221005.0,
        "Diluted Average Shares": 12502378.0,
        "Basic Average Shares": 12336516.0,
        "Diluted EPS": 0.14,
        "Basic EPS": 0.14,
        "Diluted NI Availto Com Stockholders": 1721382.0,
        "Net Income Common Stockholders": 1721382.0,
        "Net Income": 1721382.0,
        "Minority Interests": NaN,
        "Net Income Including Noncontrolling Interests": 1721382.0,
        "Net Income Continuous Operations": 1721382.0,
        "Tax Provision": 559865.0,
        "Pretax Income": 2281247.0,
        "Other Income Expense": 60242.0,
        "Other Non Operating Income Expenses": 60242.0,
        "Net Non Operating Interest Income Expense": NaN,
        "Interest Expense Non Operating": NaN,
        "Operating Income": 2221005.0,
        "Operating Expense": 4401362.0,
        "Selling General And Administration": 4401362.0,
        "General And Administrative Expense": 4401362.0,
        "Other Gand A": 4106540.0,
        "Salaries And Wages": 294822.0,
        "Gross Profit": 6622367.0,
        "Cost Of Revenue": 26814194.0,
        "Total Revenue": 33436561.0,
        "Operating Revenue": 33436561.0
    },
    "2022-03-31": {
        "Diluted EPS": -0.02,
        "Total Revenue": 31,
        "Gross Profit": 5,
        "Operating Income": 0,
        "EBIT": 1,
        "Net Income": 0
    },
    "2021-12-31": {
        "Diluted EPS": 0.13,
        "Total Revenue": 37,
        "Gross Profit": 7,
        "Operating Income": 2,
        "EBIT": 3,
        "Net Income": 2
    },
    "2021-09-30": {
        "Diluted EPS": 0.39,
        "Total Revenue": 46,
        "Gross Profit": 10,
        "Operating Income": 6,
        "EBIT": 6,
        "Net Income": 4
    },
    "2021-06-30": {
        "Diluted EPS": 0.17,
        "Total Revenue": 30,
        "Gross Profit": 6,
        "Operating Income": 2,
        "EBIT": 3,
        "Net Income": 2
    },
    "2021-03-31": {
        "Diluted EPS": 0.06,
        "Total Revenue": 24,
        "Gross Profit": 5,
        "Operating Income": 1,
        "EBIT": 2,
        "Net Income": 1
    },
    "2020-12-31": {
        "Diluted EPS": 0.01,
        "Total Revenue": 21,
        "Gross Profit": 2,
        "Operating Income": 0,
        "EBIT": 0,
        "Net Income": 0
    },
    "2020-09-30": {
        "Diluted EPS": 0.23,
        "Total Revenue": 27,
        "Gross Profit": 6,
        "Operating Income": 3,
        "EBIT": 3,
        "Net Income": 3
    },
    "2020-06-30": {
        "Diluted EPS": 0.07,
        "Total Revenue": 19,
        "Gross Profit": 3,
        "Operating Income": 1,
        "EBIT": 2,
        "Net Income": 1
    },
    "2020-03-31": {
        "Diluted EPS": -0.06,
        "Total Revenue": 14,
        "Gross Profit": 1,
        "Operating Income": -1,
        "EBIT": 0,
        "Net Income": -1
    },
    "2019-12-31": {
        "Diluted EPS": 0.18,
        "Total Revenue": 25,
        "Gross Profit": 5,
        "Operating Income": 2,
        "EBIT": 3,
        "Net Income": 2
    },
    "2019-09-30": {
        "Diluted EPS": 0.31,
        "Total Revenue": 31,
        "Gross Profit": 7,
        "Operating Income": 4,
        "EBIT": 5,
        "Net Income": 4
    },
    "2019-06-30": {
        "Diluted EPS": 0.14,
        "Total Revenue": 23,
        "Gross Profit": 5,
        "Operating Income": 2,
        "EBIT": 2,
        "Net Income": 2
    },
    "2019-03-31": {
        "Diluted EPS": -0.01,
        "Total Revenue": 14,
        "Gross Profit": 3,
        "Operating Income": 0,
        "EBIT": 0,
        "Net Income": 0
    },
    "2018-12-31": {
        "Diluted EPS": 0.14,
        "Total Revenue": 19,
        "Gross Profit": 3,
        "Operating Income": 1,
        "EBIT": 1,
        "Net Income": 2
    },
    "2018-09-30": {
        "Diluted EPS": 0.4,
        "Total Revenue": 33,
        "Gross Profit": 8,
        "Operating Income": 6,
        "EBIT": 6,
        "Net Income": 5
    },
    "2018-06-30": {
        "Diluted EPS": -0.08,
        "Total Revenue": 18,
        "Gross Profit": 5,
        "Operating Income": -1,
        "EBIT": 0,
        "Net Income": -1
    },
    "2018-03-31": {
        "Diluted EPS": -0.13,
        "Total Revenue": 9,
        "Gross Profit": 2,
        "Operating Income": 0,
        "EBIT": 1,
        "Net Income": -1
    },
    "2017-12-31": {
        "Diluted EPS": 0.23,
        "Total Revenue": 12,
        "Gross Profit": 4,
        "Operating Income": 2,
        "EBIT": 3,
        "Net Income": 2
    },
    "2017-09-30": {
        "Diluted EPS": 0.6,
        "Total Revenue": 28,
        "Gross Profit": 7,
        "Operating Income": 6,
        "EBIT": 6,
        "Net Income": 6
    },
    "2017-06-30": {
        "Diluted EPS": 0.37,
        "Total Revenue": 21,
        "Gross Profit": 5,
        "Operating Income": 3,
        "EBIT": 4,
        "Net Income": 3
    },
    "2017-03-31": {
        "Diluted EPS": 0.0,
        "Total Revenue": NaN,
        "Gross Profit": NaN,
        "Operating Income": NaN,
        "EBIT": NaN,
        "Net Income": NaN
    },
    "2016-12-31": {
        "Diluted EPS": 0.27,
        "Total Revenue": 13,
        "Gross Profit": 4,
        "Operating Income": 2,
        "EBIT": 3,
        "Net Income": 2
    },
    "2016-09-30": {
        "Diluted EPS": 0.31,
        "Total Revenue": 19,
        "Gross Profit": 4,
        "Operating Income": 3,
        "EBIT": 3,
        "Net Income": 3
    },
    "2023-06-30": {
        "Tax Effect Of Unusual Items": NaN,
        "Tax Rate For Calcs": NaN,
        "Normalized EBITDA": NaN,
        "Net Income From Continuing Operation Net Minority Interest": NaN,
        "Reconciled Depreciation": NaN,
        "Reconciled Cost Of Revenue": NaN,
        "EBITDA": NaN,
        "EBIT": NaN,
        "Net Interest Income": NaN,
        "Interest Expense": NaN,
        "Normalized Income": NaN,
        "Net Income From Continuing And Discontinued Operation": NaN,
        "Total Expenses": NaN,
        "Total Operating Income As Reported": NaN,
        "Diluted Average Shares": 12294840.0,
        "Basic Average Shares": 12294840.0,
        "Diluted EPS": 0.04,
        "Basic EPS": 0.04,
        "Diluted NI Availto Com Stockholders": NaN,
        "Net Income Common Stockholders": NaN,
        "Net Income": NaN,
        "Minority Interests": NaN,
        "Net Income Including Noncontrolling Interests": NaN,
        "Net Income Continuous Operations": NaN,
        "Tax Provision": NaN,
        "Pretax Income": NaN,
        "Other Income Expense": NaN,
        "Other Non Operating Income Expenses": NaN,
        "Net Non Operating Interest Income Expense": NaN,
        "Interest Expense Non Operating": NaN,
        "Operating Income": NaN,
        "Operating Expense": NaN,
        "Selling General And Administration": NaN,
        "General And Administrative Expense": NaN,
        "Other Gand A": NaN,
        "Salaries And Wages": NaN,
        "Gross Profit": NaN,
        "Cost Of Revenue": NaN,
        "Total Revenue": NaN,
        "Operating Revenue": NaN
    },
    "2023-09-30": {
        "Tax Effect Of Unusual Items": NaN,
        "Tax Rate For Calcs": NaN,
        "Normalized EBITDA": NaN,
        "Net Income From Continuing Operation Net Minority Interest": NaN,
        "Reconciled Depreciation": NaN,
        "Reconciled Cost Of Revenue": NaN,
        "EBITDA": NaN,
        "EBIT": NaN,
        "Net Interest Income": NaN,
        "Interest Expense": NaN,
        "Normalized Income": NaN,
        "Net Income From Continuing And Discontinued Operation": NaN,
        "Total Expenses": NaN,
        "Total Operating Income As Reported": NaN,
        "Diluted Average Shares": 12294840.0,
        "Basic Average Shares": 12294840.0,
        "Diluted EPS": 0.03,
        "Basic EPS": 0.03,
        "Diluted NI Availto Com Stockholders": NaN,
        "Net Income Common Stockholders": NaN,
        "Net Income": NaN,
        "Minority Interests": NaN,
        "Net Income Including Noncontrolling Interests": NaN,
        "Net Income Continuous Operations": NaN,
        "Tax Provision": NaN,
        "Pretax Income": NaN,
        "Other Income Expense": NaN,
        "Other Non Operating Income Expenses": NaN,
        "Net Non Operating Interest Income Expense": NaN,
        "Interest Expense Non Operating": NaN,
        "Operating Income": NaN,
        "Operating Expense": NaN,
        "Selling General And Administration": NaN,
        "General And Administrative Expense": NaN,
        "Other Gand A": NaN,
        "Salaries And Wages": NaN,
        "Gross Profit": NaN,
        "Cost Of Revenue": NaN,
        "Total Revenue": NaN,
        "Operating Revenue": NaN
    },
    "2023-12-31": {
        "Tax Effect Of Unusual Items": NaN,
        "Tax Rate For Calcs": NaN,
        "Normalized EBITDA": NaN,
        "Net Income From Continuing Operation Net Minority Interest": NaN,
        "Reconciled Depreciation": NaN,
        "Reconciled Cost Of Revenue": NaN,
        "EBITDA": NaN,
        "EBIT": NaN,
        "Net Interest Income": NaN,
        "Interest Expense": NaN,
        "Normalized Income": NaN,
        "Net Income From Continuing And Discontinued Operation": NaN,
        "Total Expenses": NaN,
        "Total Operating Income As Reported": NaN,
        "Diluted Average Shares": 12294840.0,
        "Basic Average Shares": 12294840.0,
        "Diluted EPS": 0.02,
        "Basic EPS": 0.02,
        "Diluted NI Availto Com Stockholders": NaN,
        "Net Income Common Stockholders": NaN,
        "Net Income": NaN,
        "Minority Interests": NaN,
        "Net Income Including Noncontrolling Interests": NaN,
        "Net Income Continuous Operations": NaN,
        "Tax Provision": NaN,
        "Pretax Income": NaN,
        "Other Income Expense": NaN,
        "Other Non Operating Income Expenses": NaN,
        "Net Non Operating Interest Income Expense": NaN,
        "Interest Expense Non Operating": NaN,
        "Operating Income": NaN,
        "Operating Expense": NaN,
        "Selling General And Administration": NaN,
        "General And Administrative Expense": NaN,
        "Other Gand A": NaN,
        "Salaries And Wages": NaN,
        "Gross Profit": NaN,
        "Cost Of Revenue": NaN,
        "Total Revenue": NaN,
        "Operating Revenue": NaN
    },
    "2024-03-31": {
        "Tax Effect Of Unusual Items": NaN,
        "Tax Rate For Calcs": NaN,
        "Normalized EBITDA": NaN,
        "Net Income From Continuing Operation Net Minority Interest": NaN,
        "Reconciled Depreciation": NaN,
        "Reconciled Cost Of Revenue": NaN,
        "EBITDA": NaN,
        "EBIT": NaN,
        "Net Interest Income": NaN,
        "Interest Expense": NaN,
        "Normalized Income": NaN,
        "Net Income From Continuing And Discontinued Operation": NaN,
        "Total Expenses": NaN,
        "Total Operating Income As Reported": NaN,
        "Diluted Average Shares": 12294840.0,
        "Basic Average Shares": 12294840.0,
        "Diluted EPS": -0.25,
        "Basic EPS": -0.25,
        "Diluted NI Availto Com Stockholders": NaN,
        "Net Income Common Stockholders": NaN,
        "Net Income": NaN,
        "Minority Interests": NaN,
        "Net Income Including Noncontrolling Interests": NaN,
        "Net Income Continuous Operations": NaN,
        "Tax Provision": NaN,
        "Pretax Income": NaN,
        "Other Income Expense": NaN,
        "Other Non Operating Income Expenses": NaN,
        "Net Non Operating Interest Income Expense": NaN,
        "Interest Expense Non Operating": NaN,
        "Operating Income": NaN,
        "Operating Expense": NaN,
        "Selling General And Administration": NaN,
        "General And Administrative Expense": NaN,
        "Other Gand A": NaN,
        "Salaries And Wages": NaN,
        "Gross Profit": NaN,
        "Cost Of Revenue": NaN,
        "Total Revenue": NaN,
        "Operating Revenue": NaN
    },
    "2024-06-30": {
        "Tax Effect Of Unusual Items": 0.0,
        "Tax Rate For Calcs": 0.21,
        "Normalized EBITDA": -12006.0,
        "Net Income From Continuing Operation Net Minority Interest": -1345216.0,
        "Reconciled Depreciation": 762767.0,
        "Reconciled Cost Of Revenue": 36295845.0,
        "EBITDA": -12006.0,
        "EBIT": -774773.0,
        "Net Interest Income": -480203.0,
        "Interest Expense": 480203.0,
        "Normalized Income": -1345216.0,
        "Net Income From Continuing And Discontinued Operation": -1345216.0,
        "Total Expenses": 41764524.0,
        "Total Operating Income As Reported": -828808.0,
        "Diluted Average Shares": 12294840.0,
        "Basic Average Shares": 12294840.0,
        "Diluted EPS": -0.11,
        "Basic EPS": -0.11,
        "Diluted NI Availto Com Stockholders": -1345216.0,
        "Net Income Common Stockholders": -1345216.0,
        "Net Income": -1345216.0,
        "Minority Interests": 21481.0,
        "Net Income Including Noncontrolling Interests": -1366697.0,
        "Net Income Continuous Operations": -1366697.0,
        "Tax Provision": 111721.0,
        "Pretax Income": -1254976.0,
        "Other Income Expense": 54035.0,
        "Other Non Operating Income Expenses": 54035.0,
        "Net Non Operating Interest Income Expense": -480203.0,
        "Interest Expense Non Operating": 480203.0,
        "Operating Income": -828808.0,
        "Operating Expense": 5468679.0,
        "Selling General And Administration": 5468679.0,
        "General And Administrative Expense": 5468679.0,
        "Other Gand A": 4999744.0,
        "Salaries And Wages": 468935.0,
        "Gross Profit": 4639871.0,
        "Cost Of Revenue": 36295845.0,
        "Total Revenue": 40935716.0,
        "Operating Revenue": 40935716.0
    },
    "2024-09-30": {
        "Tax Effect Of Unusual Items": 0.0,
        "Tax Rate For Calcs": 0.137427,
        "Normalized EBITDA": 2020420.0,
        "Net Income From Continuing Operation Net Minority Interest": 655288.0,
        "Reconciled Depreciation": 746845.0,
        "Reconciled Cost Of Revenue": 33182244.0,
        "EBITDA": 2020420.0,
        "EBIT": 1273575.0,
        "Net Interest Income": -503149.0,
        "Interest Expense": 503149.0,
        "Normalized Income": 655288.0,
        "Net Income From Continuing And Discontinued Operation": 655288.0,
        "Total Expenses": 39105718.0,
        "Total Operating Income As Reported": 1134409.0,
        "Diluted Average Shares": 12460241.0,
        "Basic Average Shares": 12294840.0,
        "Diluted EPS": 0.05,
        "Basic EPS": 0.05,
        "Diluted NI Availto Com Stockholders": 655288.0,
        "Net Income Common Stockholders": 655288.0,
        "Net Income": 655288.0,
        "Minority Interests": -9261.0,
        "Net Income Including Noncontrolling Interests": 664549.0,
        "Net Income Continuous Operations": 664549.0,
        "Tax Provision": 105877.0,
        "Pretax Income": 770426.0,
        "Other Income Expense": 139166.0,
        "Other Non Operating Income Expenses": 139166.0,
        "Net Non Operating Interest Income Expense": -503149.0,
        "Interest Expense Non Operating": 503149.0,
        "Operating Income": 1134409.0,
        "Operating Expense": 5923474.0,
        "Selling General And Administration": 5923474.0,
        "General And Administrative Expense": 5923474.0,
        "Other Gand A": 5449386.0,
        "Salaries And Wages": 474088.0,
        "Gross Profit": 7057883.0,
        "Cost Of Revenue": 33182244.0,
        "Total Revenue": 40240127.0,
        "Operating Revenue": 40240127.0
    },
    "2024-12-31": {
        "Tax Effect Of Unusual Items": 0.0,
        "Tax Rate For Calcs": 0.21,
        "Normalized EBITDA": 1727993.0,
        "Net Income From Continuing Operation Net Minority Interest": -5806.0,
        "Reconciled Depreciation": 907026.0,
        "Reconciled Cost Of Revenue": 30001947.0,
        "EBITDA": 1727993.0,
        "EBIT": 820967.0,
        "Net Interest Income": -364939.0,
        "Interest Expense": 364939.0,
        "Normalized Income": -5806.0,
        "Net Income From Continuing And Discontinued Operation": -5806.0,
        "Total Expenses": 34677010.0,
        "Total Operating Income As Reported": 707727.0,
        "Diluted Average Shares": 12294840.0,
        "Basic Average Shares": 12294840.0,
        "Diluted EPS": 0.0,
        "Basic EPS": 0.0,
        "Diluted NI Availto Com Stockholders": -5806.0,
        "Net Income Common Stockholders": -5806.0,
        "Net Income": -5806.0,
        "Minority Interests": -12120.0,
        "Net Income Including Noncontrolling Interests": 6314.0,
        "Net Income Continuous Operations": 6314.0,
        "Tax Provision": 449714.0,
        "Pretax Income": 456028.0,
        "Other Income Expense": 113240.0,
        "Other Non Operating Income Expenses": 113240.0,
        "Net Non Operating Interest Income Expense": -364939.0,
        "Interest Expense Non Operating": 364939.0,
        "Operating Income": 707727.0,
        "Operating Expense": 4675063.0,
        "Selling General And Administration": 4675063.0,
        "General And Administrative Expense": 4675063.0,
        "Other Gand A": 4200975.0,
        "Salaries And Wages": 474088.0,
        "Gross Profit": 5382790.0,
        "Cost Of Revenue": 30001947.0,
        "Total Revenue": 35384737.0,
        "Operating Revenue": 35384737.0
    },
    "2025-03-31": {
        "Tax Effect Of Unusual Items": 0.0,
        "Tax Rate For Calcs": 0.21,
        "Normalized EBITDA": 1408214.0,
        "Net Income From Continuing Operation Net Minority Interest": -152635.0,
        "Reconciled Depreciation": 857032.0,
        "Reconciled Cost Of Revenue": 24012525.0,
        "EBITDA": 1408214.0,
        "EBIT": 551182.0,
        "Net Interest Income": -371469.0,
        "Interest Expense": 371469.0,
        "Normalized Income": -152635.0,
        "Net Income From Continuing And Discontinued Operation": -152635.0,
        "Total Expenses": 28817911.0,
        "Total Operating Income As Reported": 433515.0,
        "Diluted Average Shares": 12433363.0,
        "Basic Average Shares": 12433363.0,
        "Diluted EPS": -0.01,
        "Basic EPS": -0.01,
        "Diluted NI Availto Com Stockholders": -152635.0,
        "Net Income Common Stockholders": -152635.0,
        "Net Income": -152635.0,
        "Minority Interests": -8540.0,
        "Net Income Including Noncontrolling Interests": -144095.0,
        "Net Income Continuous Operations": -144095.0,
        "Tax Provision": 323808.0,
        "Pretax Income": 179713.0,
        "Other Income Expense": 117667.0,
        "Other Non Operating Income Expenses": 117667.0,
        "Net Non Operating Interest Income Expense": -371469.0,
        "Interest Expense Non Operating": 371469.0,
        "Operating Income": 433515.0,
        "Operating Expense": 4805386.0,
        "Selling General And Administration": 4805386.0,
        "General And Administrative Expense": 4805386.0,
        "Other Gand A": 4464351.0,
        "Salaries And Wages": 341035.0,
        "Gross Profit": 5238901.0,
        "Cost Of Revenue": 24012525.0,
        "Total Revenue": 29251426.0,
        "Operating Revenue": 29251426.0
    },
    "2025-06-30": {
        "Tax Effect Of Unusual Items": 0.0,
        "Tax Rate For Calcs": 0.21,
        "Normalized EBITDA": 1890613.0,
        "Net Income From Continuing Operation Net Minority Interest": 318676.0,
        "Reconciled Depreciation": 882303.0,
        "Reconciled Cost Of Revenue": 33540428.0,
        "EBITDA": 1890613.0,
        "EBIT": 1008310.0,
        "Net Interest Income": -355848.0,
        "Interest Expense": 355848.0,
        "Normalized Income": 318676.0,
        "Net Income From Continuing And Discontinued Operation": 318676.0,
        "Total Expenses": 38670312.0,
        "Total Operating Income As Reported": 958996.0,
        "Diluted Average Shares": 12699940.0,
        "Basic Average Shares": 12699940.0,
        "Diluted EPS": 0.03,
        "Basic EPS": 0.03,
        "Diluted NI Availto Com Stockholders": 318676.0,
        "Net Income Common Stockholders": 318676.0,
        "Net Income": 318676.0,
        "Minority Interests": -4954.0,
        "Net Income Including Noncontrolling Interests": 323630.0,
        "Net Income Continuous Operations": 323630.0,
        "Tax Provision": 328832.0,
        "Pretax Income": 652462.0,
        "Other Income Expense": 49314.0,
        "Other Non Operating Income Expenses": 49314.0,
        "Net Non Operating Interest Income Expense": -355848.0,
        "Interest Expense Non Operating": 355848.0,
        "Operating Income": 958996.0,
        "Operating Expense": 5129884.0,
        "Selling General And Administration": 5129884.0,
        "General And Administrative Expense": 5129884.0,
        "Other Gand A": 4907215.0,
        "Salaries And Wages": 222669.0,
        "Gross Profit": 6088880.0,
        "Cost Of Revenue": 33540428.0,
        "Total Revenue": 39629308.0,
        "Operating Revenue": 39629308.0
    },
    "2025-09-30": {
        "Tax Effect Of Unusual Items": 0.0,
        "Tax Rate For Calcs": 0.242878,
        "Normalized EBITDA": 2067753.0,
        "Net Income From Continuing Operation Net Minority Interest": 461605.0,
        "Reconciled Depreciation": 941212.0,
        "Reconciled Cost Of Revenue": 35678854.0,
        "EBITDA": 2067753.0,
        "EBIT": 1126541.0,
        "Net Interest Income": -493482.0,
        "Interest Expense": 493482.0,
        "Normalized Income": 461605.0,
        "Net Income From Continuing And Discontinued Operation": 461605.0,
        "Total Expenses": 40879146.0,
        "Total Operating Income As Reported": 1089388.0,
        "Diluted Average Shares": 13174524.0,
        "Basic Average Shares": 12699940.0,
        "Diluted EPS": 0.04,
        "Basic EPS": 0.04,
        "Diluted NI Availto Com Stockholders": 461605.0,
        "Net Income Common Stockholders": 461605.0,
        "Net Income": 461605.0,
        "Minority Interests": -17698.0,
        "Net Income Including Noncontrolling Interests": 479303.0,
        "Net Income Continuous Operations": 479303.0,
        "Tax Provision": 153756.0,
        "Pretax Income": 633059.0,
        "Other Income Expense": 37153.0,
        "Other Non Operating Income Expenses": 37153.0,
        "Net Non Operating Interest Income Expense": -493482.0,
        "Interest Expense Non Operating": 493482.0,
        "Operating Income": 1089388.0,
        "Operating Expense": 5200292.0,
        "Selling General And Administration": 5200292.0,
        "General And Administrative Expense": 5200292.0,
        "Other Gand A": 4971466.0,
        "Salaries And Wages": 228826.0,
        "Gross Profit": 6289680.0,
        "Cost Of Revenue": 35678854.0,
        "Total Revenue": 41968534.0,
        "Operating Revenue": 41968534.0
    }
}