{
    "2023-03-31": {
        "Tax Effect Of Unusual Items": NaN,
        "Tax Rate For Calcs": NaN,
        "Total Unusual Items": NaN,
        "Total Unusual Items Excluding Goodwill": NaN,
        "Net Income From Continuing Operation Net Minority Interest": NaN,
        "Reconciled Depreciation": NaN,
        "EBIT": NaN,
        "Net Interest Income": NaN,
        "Interest Expense": NaN,
        "Normalized Income": NaN,
        "Net Income From Continuing And Discontinued Operation": NaN,
        "Total Expenses": NaN,
        "Diluted Average Shares": 37785452.0,
        "Basic Average Shares": 37531819.0,
        "Diluted EPS": 0.18,
        "Basic EPS": 0.19,
        "Diluted NI Availto Com Stockholders": NaN,
        "Net Income Common Stockholders": NaN,
        "Preferred Stock Dividends": NaN,
        "Net Income": NaN,
        "Net Income Including Noncontrolling Interests": NaN,
        "Net Income Discontinuous Operations": 1704000.0,
        "Net Income Continuous Operations": NaN,
        "Tax Provision": NaN,
        "Pretax Income": NaN,
        "Other Income Expense": NaN,
        "Special Income Charges": NaN,
        "Impairment Of Capital Assets": NaN,
        "Net Non Operating Interest Income Expense": NaN,
        "Interest Expense Non Operating": NaN,
        "Other Operating Expenses": NaN,
        "Depreciation And Amortization In Income Statement": NaN,
        "Amortization": NaN,
        "Total Revenue": NaN,
        "Operating Revenue": NaN,
        "Loss Adjustment Expense": NaN,
        "Net Policyholder Benefits And Claims": NaN
    },
    "2022-12-31": {
        "Tax Effect Of Unusual Items": NaN,
        "Tax Rate For Calcs": NaN,
        "Total Unusual Items": NaN,
        "Total Unusual Items Excluding Goodwill": NaN,
        "Net Income From Continuing Operation Net Minority Interest": NaN,
        "Reconciled Depreciation": NaN,
        "EBIT": NaN,
        "Net Interest Income": NaN,
        "Interest Expense": NaN,
        "Normalized Income": NaN,
        "Net Income From Continuing And Discontinued Operation": NaN,
        "Total Expenses": NaN,
        "Diluted Average Shares": 37675679.0,
        "Basic Average Shares": 37463802.0,
        "Diluted EPS": 0.4,
        "Basic EPS": 0.4,
        "Diluted NI Availto Com Stockholders": NaN,
        "Net Income Common Stockholders": NaN,
        "Preferred Stock Dividends": NaN,
        "Net Income": NaN,
        "Net Income Including Noncontrolling Interests": NaN,
        "Net Income Discontinuous Operations": NaN,
        "Net Income Continuous Operations": NaN,
        "Tax Provision": NaN,
        "Pretax Income": NaN,
        "Other Income Expense": NaN,
        "Special Income Charges": NaN,
        "Impairment Of Capital Assets": NaN,
        "Net Non Operating Interest Income Expense": NaN,
        "Interest Expense Non Operating": NaN,
        "Other Operating Expenses": NaN,
        "Depreciation And Amortization In Income Statement": NaN,
        "Amortization": NaN,
        "Total Revenue": NaN,
        "Operating Revenue": NaN,
        "Loss Adjustment Expense": NaN,
        "Net Policyholder Benefits And Claims": NaN
    },
    "2022-09-30": {
        "Tax Effect Of Unusual Items": NaN,
        "Tax Rate For Calcs": NaN,
        "Total Unusual Items": 0.0,
        "Total Unusual Items Excluding Goodwill": 0.0,
        "Net Income From Continuing Operation Net Minority Interest": NaN,
        "Reconciled Depreciation": NaN,
        "EBIT": NaN,
        "Net Interest Income": NaN,
        "Interest Expense": NaN,
        "Normalized Income": NaN,
        "Net Income From Continuing And Discontinued Operation": NaN,
        "Total Expenses": NaN,
        "Diluted Average Shares": NaN,
        "Basic Average Shares": NaN,
        "Diluted EPS": NaN,
        "Basic EPS": NaN,
        "Diluted NI Availto Com Stockholders": NaN,
        "Net Income Common Stockholders": NaN,
        "Preferred Stock Dividends": NaN,
        "Net Income": NaN,
        "Net Income Including Noncontrolling Interests": NaN,
        "Net Income Discontinuous Operations": NaN,
        "Net Income Continuous Operations": NaN,
        "Tax Provision": NaN,
        "Pretax Income": NaN,
        "Other Income Expense": NaN,
        "Special Income Charges": 0.0,
        "Impairment Of Capital Assets": 0.0,
        "Net Non Operating Interest Income Expense": NaN,
        "Interest Expense Non Operating": NaN,
        "Other Operating Expenses": NaN,
        "Depreciation And Amortization In Income Statement": NaN,
        "Amortization": NaN,
        "Total Revenue": NaN,
        "Operating Revenue": NaN
    },
    "2022-06-30": {
        "Tax Effect Of Unusual Items": 0.0,
        "Tax Rate For Calcs": 0.253,
        "Net Income From Continuing Operation Net Minority Interest": 7664000.0,
        "Reconciled Depreciation": 91000.0,
        "EBIT": 14310000.0,
        "Net Interest Income": -4049000.0,
        "Interest Expense": 4049000.0,
        "Normalized Income": 7664000.0,
        "Net Income From Continuing And Discontinued Operation": 7664000.0,
        "Total Expenses": 174545000.0,
        "Diluted Average Shares": 37732371.0,
        "Basic Average Shares": 37449621.0,
        "Diluted EPS": 0.13,
        "Basic EPS": 0.13,
        "Diluted NI Availto Com Stockholders": 7664000.0,
        "Net Income Common Stockholders": 7664000.0,
        "Preferred Stock Dividends": 2625000.0,
        "Net Income": 7664000.0,
        "Net Income Including Noncontrolling Interests": 7664000.0,
        "Net Income Continuous Operations": 7664000.0,
        "Tax Provision": 2597000.0,
        "Pretax Income": 10261000.0,
        "Other Income Expense": 949000.0,
        "Net Non Operating Interest Income Expense": -4049000.0,
        "Interest Expense Non Operating": 4049000.0,
        "Other Operating Expenses": 49036000.0,
        "Depreciation And Amortization In Income Statement": 91000.0,
        "Amortization": 91000.0,
        "Total Revenue": 184806000.0,
        "Operating Revenue": 184806000.0
    },
    "2022-03-31": {
        "Diluted EPS": 0.25,
        "Total Revenue": 202,
        "Gross Profit": 66,
        "Operating Income": 16,
        "EBIT": 16,
        "Net Income": 9
    },
    "2021-12-31": {
        "Diluted EPS": -1.53,
        "Total Revenue": 207,
        "Gross Profit": -35,
        "Operating Income": -64,
        "EBIT": -64,
        "Net Income": -66
    },
    "2021-09-30": {
        "Diluted EPS": -0.64,
        "Total Revenue": 191,
        "Gross Profit": 25,
        "Operating Income": -18,
        "EBIT": -18,
        "Net Income": -24
    },
    "2021-06-30": {
        "Diluted EPS": 0.6,
        "Total Revenue": 192,
        "Gross Profit": 82,
        "Operating Income": 36,
        "EBIT": 36,
        "Net Income": 21
    },
    "2021-03-31": {
        "Diluted EPS": -3.37,
        "Total Revenue": 183,
        "Gross Profit": -91,
        "Operating Income": -138,
        "EBIT": -138,
        "Net Income": -103
    },
    "2020-12-31": {
        "Diluted EPS": -0.64,
        "Total Revenue": 194,
        "Gross Profit": 17,
        "Operating Income": -15,
        "EBIT": -15,
        "Net Income": -20
    },
    "2020-09-30": {
        "Diluted EPS": 0.85,
        "Total Revenue": 177,
        "Gross Profit": 71,
        "Operating Income": 33,
        "EBIT": 33,
        "Net Income": 26
    },
    "2020-06-30": {
        "Diluted EPS": 1.16,
        "Total Revenue": 187,
        "Gross Profit": 88,
        "Operating Income": 44,
        "EBIT": 44,
        "Net Income": 36
    },
    "2020-03-31": {
        "Diluted EPS": -1.21,
        "Total Revenue": 110,
        "Gross Profit": 13,
        "Operating Income": -38,
        "EBIT": -38,
        "Net Income": -37
    },
    "2019-12-31": {
        "Diluted EPS": 0.67,
        "Total Revenue": 241,
        "Gross Profit": 70,
        "Operating Income": 31,
        "EBIT": 31,
        "Net Income": 20
    },
    "2019-09-30": {
        "Diluted EPS": -0.83,
        "Total Revenue": 231,
        "Gross Profit": 17,
        "Operating Income": -24,
        "EBIT": -24,
        "Net Income": -25
    },
    "2019-06-30": {
        "Diluted EPS": 0.66,
        "Total Revenue": 220,
        "Gross Profit": 73,
        "Operating Income": 28,
        "EBIT": 28,
        "Net Income": 20
    },
    "2019-03-31": {
        "Diluted EPS": 0.75,
        "Total Revenue": 214,
        "Gross Profit": 74,
        "Operating Income": 28,
        "EBIT": 28,
        "Net Income": 23
    },
    "2018-12-31": {
        "Diluted EPS": 0.39,
        "Total Revenue": 215,
        "Gross Profit": 63,
        "Operating Income": 18,
        "EBIT": 18,
        "Net Income": 12
    },
    "2018-09-30": {
        "Diluted EPS": 0.64,
        "Total Revenue": 225,
        "Gross Profit": 74,
        "Operating Income": 25,
        "EBIT": 25,
        "Net Income": 20
    },
    "2018-06-30": {
        "Diluted EPS": 0.56,
        "Total Revenue": 228,
        "Gross Profit": 73,
        "Operating Income": 22,
        "EBIT": 22,
        "Net Income": 17
    },
    "2018-03-31": {
        "Diluted EPS": 0.52,
        "Total Revenue": 218,
        "Gross Profit": 75,
        "Operating Income": 20,
        "EBIT": 20,
        "Net Income": 16
    },
    "2017-12-31": {
        "Diluted EPS": 0.01,
        "Total Revenue": 218,
        "Gross Profit": 49,
        "Operating Income": 9,
        "EBIT": 9,
        "Net Income": 0
    },
    "2017-09-30": {
        "Diluted EPS": 0.34,
        "Total Revenue": 221,
        "Gross Profit": 70,
        "Operating Income": 16,
        "EBIT": 16,
        "Net Income": 10
    },
    "2017-06-30": {
        "Diluted EPS": 0.48,
        "Total Revenue": 202,
        "Gross Profit": 71,
        "Operating Income": 18,
        "EBIT": 18,
        "Net Income": 15
    },
    "2017-03-31": {
        "Diluted EPS": 0.61,
        "Total Revenue": 176,
        "Gross Profit": 71,
        "Operating Income": 22,
        "EBIT": 22,
        "Net Income": 18
    },
    "2016-12-31": {
        "Diluted EPS": 0.86,
        "Total Revenue": 169,
        "Gross Profit": 77,
        "Operating Income": 31,
        "EBIT": 31,
        "Net Income": 26
    },
    "2016-09-30": {
        "Diluted EPS": 0.71,
        "Total Revenue": 151,
        "Gross Profit": 68,
        "Operating Income": 24,
        "EBIT": 24,
        "Net Income": 21
    },
    "2016-06-30": {
        "Diluted EPS": 0.49,
        "Total Revenue": 135,
        "Gross Profit": 58,
        "Operating Income": 18,
        "EBIT": 18,
        "Net Income": 15
    },
    "2016-03-31": {
        "Diluted EPS": 0.43,
        "Total Revenue": 131,
        "Gross Profit": 58,
        "Operating Income": 16,
        "EBIT": 16,
        "Net Income": 13
    },
    "2015-12-31": {
        "Diluted EPS": 0.43,
        "Total Revenue": 125,
        "Gross Profit": 55,
        "Operating Income": 17,
        "EBIT": 17,
        "Net Income": 13
    },
    "2015-09-30": {
        "Diluted EPS": 0.64,
        "Total Revenue": 133,
        "Gross Profit": 66,
        "Operating Income": 23,
        "EBIT": 23,
        "Net Income": 19
    },
    "2015-06-30": {
        "Diluted EPS": 0.43,
        "Total Revenue": 120,
        "Gross Profit": 52,
        "Operating Income": 16,
        "EBIT": 16,
        "Net Income": 12
    },
    "2015-03-31": {
        "Diluted EPS": 0.32,
        "Total Revenue": 126,
        "Gross Profit": 52,
        "Operating Income": 12,
        "EBIT": 12,
        "Net Income": 9
    },
    "2014-12-31": {
        "Diluted EPS": 0.31,
        "Total Revenue": 121,
        "Gross Profit": 55,
        "Operating Income": 21,
        "EBIT": 21,
        "Net Income": 9
    },
    "2014-09-30": {
        "Diluted EPS": 0.6,
        "Total Revenue": 112,
        "Gross Profit": 57,
        "Operating Income": 23,
        "EBIT": 23,
        "Net Income": 17
    },
    "2014-06-30": {
        "Diluted EPS": 0.33,
        "Total Revenue": 107,
        "Gross Profit": 45,
        "Operating Income": 12,
        "EBIT": 12,
        "Net Income": 10
    },
    "2014-03-31": {
        "Diluted EPS": 0.32,
        "Total Revenue": 100,
        "Gross Profit": 44,
        "Operating Income": 12,
        "EBIT": 12,
        "Net Income": 9
    },
    "2013-12-31": {
        "Diluted EPS": 0.0,
        "Total Revenue": NaN,
        "Gross Profit": NaN,
        "Operating Income": NaN,
        "EBIT": NaN,
        "Net Income": NaN
    },
    "2012-12-31": {
        "Diluted EPS": 0.0,
        "Total Revenue": NaN,
        "Gross Profit": NaN,
        "Operating Income": NaN,
        "EBIT": NaN,
        "Net Income": NaN
    },
    "2011-12-31": {
        "Diluted EPS": 0.0,
        "Total Revenue": NaN,
        "Gross Profit": NaN,
        "Operating Income": NaN,
        "EBIT": NaN,
        "Net Income": NaN
    },
    "2023-06-30": {
        "Tax Effect Of Unusual Items": NaN,
        "Tax Rate For Calcs": NaN,
        "Total Unusual Items": NaN,
        "Total Unusual Items Excluding Goodwill": NaN,
        "Net Income From Continuing Operation Net Minority Interest": NaN,
        "Reconciled Depreciation": NaN,
        "EBIT": NaN,
        "Net Interest Income": NaN,
        "Interest Expense": NaN,
        "Normalized Income": NaN,
        "Net Income From Continuing And Discontinued Operation": NaN,
        "Total Expenses": NaN,
        "Diluted Average Shares": 37858747.0,
        "Basic Average Shares": 37642289.0,
        "Diluted EPS": 0.35,
        "Basic EPS": 0.35,
        "Diluted NI Availto Com Stockholders": NaN,
        "Net Income Common Stockholders": NaN,
        "Preferred Stock Dividends": NaN,
        "Net Income": NaN,
        "Net Income Including Noncontrolling Interests": NaN,
        "Net Income Discontinuous Operations": NaN,
        "Net Income Continuous Operations": NaN,
        "Tax Provision": NaN,
        "Pretax Income": NaN,
        "Other Income Expense": NaN,
        "Special Income Charges": NaN,
        "Impairment Of Capital Assets": NaN,
        "Net Non Operating Interest Income Expense": NaN,
        "Interest Expense Non Operating": NaN,
        "Other Operating Expenses": NaN,
        "Depreciation And Amortization In Income Statement": NaN,
        "Amortization": NaN,
        "Total Revenue": NaN,
        "Operating Revenue": NaN,
        "Loss Adjustment Expense": NaN,
        "Net Policyholder Benefits And Claims": NaN
    },
    "2023-09-30": {
        "Tax Effect Of Unusual Items": NaN,
        "Tax Rate For Calcs": NaN,
        "Total Unusual Items": -2500000.0,
        "Total Unusual Items Excluding Goodwill": -2500000.0,
        "Net Income From Continuing Operation Net Minority Interest": NaN,
        "Reconciled Depreciation": NaN,
        "EBIT": NaN,
        "Net Interest Income": NaN,
        "Interest Expense": NaN,
        "Normalized Income": NaN,
        "Net Income From Continuing And Discontinued Operation": NaN,
        "Total Expenses": NaN,
        "Diluted Average Shares": NaN,
        "Basic Average Shares": NaN,
        "Diluted EPS": NaN,
        "Basic EPS": NaN,
        "Diluted NI Availto Com Stockholders": NaN,
        "Net Income Common Stockholders": NaN,
        "Preferred Stock Dividends": NaN,
        "Net Income": NaN,
        "Net Income Including Noncontrolling Interests": NaN,
        "Net Income Discontinuous Operations": NaN,
        "Net Income Continuous Operations": NaN,
        "Tax Provision": NaN,
        "Pretax Income": NaN,
        "Other Income Expense": NaN,
        "Special Income Charges": -2500000.0,
        "Impairment Of Capital Assets": 2500000.0,
        "Net Non Operating Interest Income Expense": NaN,
        "Interest Expense Non Operating": NaN,
        "Other Operating Expenses": NaN,
        "Depreciation And Amortization In Income Statement": NaN,
        "Amortization": NaN,
        "Total Revenue": NaN,
        "Operating Revenue": NaN,
        "Loss Adjustment Expense": NaN,
        "Net Policyholder Benefits And Claims": NaN
    },
    "2023-12-31": {
        "Tax Effect Of Unusual Items": NaN,
        "Tax Rate For Calcs": NaN,
        "Total Unusual Items": 0.0,
        "Total Unusual Items Excluding Goodwill": 0.0,
        "Net Income From Continuing Operation Net Minority Interest": NaN,
        "Reconciled Depreciation": NaN,
        "EBIT": NaN,
        "Net Interest Income": NaN,
        "Interest Expense": NaN,
        "Normalized Income": NaN,
        "Net Income From Continuing And Discontinued Operation": NaN,
        "Total Expenses": NaN,
        "Diluted Average Shares": NaN,
        "Basic Average Shares": NaN,
        "Diluted EPS": NaN,
        "Basic EPS": NaN,
        "Diluted NI Availto Com Stockholders": NaN,
        "Net Income Common Stockholders": NaN,
        "Preferred Stock Dividends": NaN,
        "Net Income": NaN,
        "Net Income Including Noncontrolling Interests": NaN,
        "Net Income Discontinuous Operations": NaN,
        "Net Income Continuous Operations": NaN,
        "Tax Provision": NaN,
        "Pretax Income": NaN,
        "Other Income Expense": NaN,
        "Special Income Charges": 0.0,
        "Impairment Of Capital Assets": 0.0,
        "Net Non Operating Interest Income Expense": NaN,
        "Interest Expense Non Operating": NaN,
        "Other Operating Expenses": NaN,
        "Depreciation And Amortization In Income Statement": NaN,
        "Amortization": NaN,
        "Total Revenue": NaN,
        "Operating Revenue": NaN,
        "Loss Adjustment Expense": NaN,
        "Net Policyholder Benefits And Claims": NaN
    },
    "2024-03-31": {
        "Tax Effect Of Unusual Items": 0.0,
        "Tax Rate For Calcs": 0.286772,
        "Total Unusual Items": NaN,
        "Total Unusual Items Excluding Goodwill": NaN,
        "Net Income From Continuing Operation Net Minority Interest": 23508000.0,
        "Reconciled Depreciation": 91000.0,
        "EBIT": 39445000.0,
        "Net Interest Income": -6485000.0,
        "Interest Expense": 6485000.0,
        "Normalized Income": 23508000.0,
        "Net Income From Continuing And Discontinued Operation": 15403000.0,
        "Total Expenses": 168167000.0,
        "Diluted Average Shares": 44638969.0,
        "Basic Average Shares": 37733710.0,
        "Diluted EPS": 0.34,
        "Basic EPS": 0.34,
        "Diluted NI Availto Com Stockholders": 12778000.0,
        "Net Income Common Stockholders": 12778000.0,
        "Preferred Stock Dividends": 2625000.0,
        "Net Income": 15403000.0,
        "Net Income Including Noncontrolling Interests": 15403000.0,
        "Net Income Discontinuous Operations": -8105000.0,
        "Net Income Continuous Operations": 23508000.0,
        "Tax Provision": 9452000.0,
        "Pretax Income": 32960000.0,
        "Other Income Expense": 2221000.0,
        "Special Income Charges": NaN,
        "Impairment Of Capital Assets": NaN,
        "Net Non Operating Interest Income Expense": -6485000.0,
        "Interest Expense Non Operating": 6485000.0,
        "Other Operating Expenses": 11869000.0,
        "Depreciation And Amortization In Income Statement": 91000.0,
        "Amortization": 91000.0,
        "Total Revenue": 201127000.0,
        "Operating Revenue": 201127000.0,
        "Loss Adjustment Expense": 110049000.0,
        "Net Policyholder Benefits And Claims": 110049000.0
    },
    "2024-06-30": {
        "Tax Effect Of Unusual Items": 0.0,
        "Tax Rate For Calcs": 0.282877,
        "Total Unusual Items": NaN,
        "Total Unusual Items Excluding Goodwill": NaN,
        "Net Income From Continuing Operation Net Minority Interest": 14478000.0,
        "Reconciled Depreciation": 91000.0,
        "EBIT": 26533000.0,
        "Net Interest Income": -6344000.0,
        "Interest Expense": 6344000.0,
        "Normalized Income": 14478000.0,
        "Net Income From Continuing And Discontinued Operation": 7625000.0,
        "Total Expenses": 168100000.0,
        "Diluted Average Shares": 38037393.0,
        "Basic Average Shares": 37869322.0,
        "Diluted EPS": 0.13,
        "Basic EPS": 0.13,
        "Diluted NI Availto Com Stockholders": 5000000.0,
        "Net Income Common Stockholders": 5000000.0,
        "Preferred Stock Dividends": 2625000.0,
        "Net Income": 7625000.0,
        "Net Income Including Noncontrolling Interests": 7625000.0,
        "Net Income Discontinuous Operations": -6853000.0,
        "Net Income Continuous Operations": 14478000.0,
        "Tax Provision": 5711000.0,
        "Pretax Income": 20189000.0,
        "Other Income Expense": 2470000.0,
        "Special Income Charges": NaN,
        "Impairment Of Capital Assets": NaN,
        "Net Non Operating Interest Income Expense": -6344000.0,
        "Interest Expense Non Operating": 6344000.0,
        "Other Operating Expenses": 10722000.0,
        "Depreciation And Amortization In Income Statement": 91000.0,
        "Amortization": 91000.0,
        "Total Revenue": 188289000.0,
        "Operating Revenue": 188289000.0,
        "Loss Adjustment Expense": 115471000.0,
        "Net Policyholder Benefits And Claims": 115471000.0
    },
    "2024-09-30": {
        "Tax Effect Of Unusual Items": 0.0,
        "Tax Rate For Calcs": 0.268,
        "Total Unusual Items": 0.0,
        "Total Unusual Items Excluding Goodwill": 0.0,
        "Net Income From Continuing Operation Net Minority Interest": -38077000.0,
        "Reconciled Depreciation": 90000.0,
        "EBIT": -45863000.0,
        "Net Interest Income": -6128000.0,
        "Interest Expense": 6128000.0,
        "Normalized Income": -38077000.0,
        "Net Income From Continuing And Discontinued Operation": -39381000.0,
        "Total Expenses": 243488000.0,
        "Diluted Average Shares": 37880297.0,
        "Basic Average Shares": 37880297.0,
        "Diluted EPS": -1.1,
        "Basic EPS": -1.1,
        "Diluted NI Availto Com Stockholders": -42006000.0,
        "Net Income Common Stockholders": -42006000.0,
        "Preferred Stock Dividends": 2625000.0,
        "Net Income": -39381000.0,
        "Net Income Including Noncontrolling Interests": -39381000.0,
        "Net Income Discontinuous Operations": -1304000.0,
        "Net Income Continuous Operations": -38077000.0,
        "Tax Provision": -13914000.0,
        "Pretax Income": -51991000.0,
        "Other Income Expense": 4057000.0,
        "Special Income Charges": 0.0,
        "Impairment Of Capital Assets": 0.0,
        "Net Non Operating Interest Income Expense": -6128000.0,
        "Interest Expense Non Operating": 6128000.0,
        "Other Operating Expenses": 10173000.0,
        "Depreciation And Amortization In Income Statement": 90000.0,
        "Amortization": 90000.0,
        "Total Revenue": 191497000.0,
        "Operating Revenue": 191497000.0,
        "Loss Adjustment Expense": 184294000.0,
        "Net Policyholder Benefits And Claims": 184294000.0
    },
    "2024-12-31": {
        "Tax Effect Of Unusual Items": 0.0,
        "Tax Rate For Calcs": 0.1229,
        "Total Unusual Items": 0.0,
        "Total Unusual Items Excluding Goodwill": 0.0,
        "Net Income From Continuing Operation Net Minority Interest": -63395000.0,
        "Reconciled Depreciation": 91000.0,
        "EBIT": -66569000.0,
        "Net Interest Income": -5709000.0,
        "Interest Expense": 5709000.0,
        "Normalized Income": -63395000.0,
        "Net Income From Continuing And Discontinued Operation": -64767000.0,
        "Total Expenses": 198991000.0,
        "Diluted Average Shares": 41237480.0,
        "Basic Average Shares": 41237480.0,
        "Diluted EPS": -2.28,
        "Basic EPS": -2.28,
        "Diluted NI Availto Com Stockholders": -94041000.0,
        "Net Income Common Stockholders": -94041000.0,
        "Preferred Stock Dividends": 29274000.0,
        "Net Income": -64767000.0,
        "Net Income Including Noncontrolling Interests": -64767000.0,
        "Net Income Discontinuous Operations": -1372000.0,
        "Net Income Continuous Operations": -63395000.0,
        "Tax Provision": -8883000.0,
        "Pretax Income": -72278000.0,
        "Other Income Expense": 1968000.0,
        "Special Income Charges": 0.0,
        "Impairment Of Capital Assets": 0.0,
        "Net Non Operating Interest Income Expense": -5709000.0,
        "Interest Expense Non Operating": 5709000.0,
        "Other Operating Expenses": 8353000.0,
        "Depreciation And Amortization In Income Statement": 91000.0,
        "Amortization": 91000.0,
        "Total Revenue": 126713000.0,
        "Operating Revenue": 126713000.0,
        "Loss Adjustment Expense": 144560000.0,
        "Net Policyholder Benefits And Claims": 144560000.0
    },
    "2025-03-31": {
        "Tax Effect Of Unusual Items": 0.0,
        "Tax Rate For Calcs": 0.314,
        "Total Unusual Items": NaN,
        "Total Unusual Items Excluding Goodwill": NaN,
        "Net Income From Continuing Operation Net Minority Interest": 10988000.0,
        "Reconciled Depreciation": 91000.0,
        "EBIT": 21550000.0,
        "Net Interest Income": -5541000.0,
        "Interest Expense": 5541000.0,
        "Normalized Income": 10988000.0,
        "Net Income From Continuing And Discontinued Operation": 9574000.0,
        "Total Expenses": 156280000.0,
        "Diluted Average Shares": 59659075.0,
        "Basic Average Shares": 45803501.0,
        "Diluted EPS": 0.16,
        "Basic EPS": 0.17,
        "Diluted NI Availto Com Stockholders": 7605000.0,
        "Net Income Common Stockholders": 7605000.0,
        "Preferred Stock Dividends": 1969000.0,
        "Net Income": 9574000.0,
        "Net Income Including Noncontrolling Interests": 9574000.0,
        "Net Income Discontinuous Operations": -1414000.0,
        "Net Income Continuous Operations": 10988000.0,
        "Tax Provision": 5021000.0,
        "Pretax Income": 16009000.0,
        "Other Income Expense": 1750000.0,
        "Special Income Charges": NaN,
        "Impairment Of Capital Assets": NaN,
        "Net Non Operating Interest Income Expense": -5541000.0,
        "Interest Expense Non Operating": 5541000.0,
        "Other Operating Expenses": 11194000.0,
        "Depreciation And Amortization In Income Statement": 91000.0,
        "Amortization": 91000.0,
        "Total Revenue": 172289000.0,
        "Operating Revenue": 172289000.0,
        "Loss Adjustment Expense": 99525000.0,
        "Net Policyholder Benefits And Claims": 99525000.0
    },
    "2025-06-30": {
        "Tax Effect Of Unusual Items": 0.0,
        "Tax Rate For Calcs": 0.301215,
        "Total Unusual Items": NaN,
        "Total Unusual Items Excluding Goodwill": NaN,
        "Net Income From Continuing Operation Net Minority Interest": 5120000.0,
        "Reconciled Depreciation": 91000.0,
        "EBIT": 13132000.0,
        "Net Interest Income": -5805000.0,
        "Interest Expense": 5805000.0,
        "Normalized Income": 5120000.0,
        "Net Income From Continuing And Discontinued Operation": 4759000.0,
        "Total Expenses": 167516000.0,
        "Diluted Average Shares": 46726255.0,
        "Basic Average Shares": 46032626.0,
        "Diluted EPS": 0.06,
        "Basic EPS": 0.06,
        "Diluted NI Availto Com Stockholders": 2790000.0,
        "Net Income Common Stockholders": 2790000.0,
        "Preferred Stock Dividends": 1969000.0,
        "Net Income": 4759000.0,
        "Net Income Including Noncontrolling Interests": 4759000.0,
        "Net Income Discontinuous Operations": -361000.0,
        "Net Income Continuous Operations": 5120000.0,
        "Tax Provision": 2207000.0,
        "Pretax Income": 7327000.0,
        "Other Income Expense": 2070000.0,
        "Special Income Charges": NaN,
        "Impairment Of Capital Assets": NaN,
        "Net Non Operating Interest Income Expense": -5805000.0,
        "Interest Expense Non Operating": 5805000.0,
        "Other Operating Expenses": 9230000.0,
        "Depreciation And Amortization In Income Statement": 91000.0,
        "Amortization": 91000.0,
        "Total Revenue": 174843000.0,
        "Operating Revenue": 174843000.0,
        "Loss Adjustment Expense": 113141000.0,
        "Net Policyholder Benefits And Claims": 113141000.0
    },
    "2025-09-30": {
        "Tax Effect Of Unusual Items": 0.0,
        "Tax Rate For Calcs": 0.399,
        "Total Unusual Items": NaN,
        "Total Unusual Items Excluding Goodwill": NaN,
        "Net Income From Continuing Operation Net Minority Interest": 1593000.0,
        "Reconciled Depreciation": 90000.0,
        "EBIT": 8876000.0,
        "Net Interest Income": -6224000.0,
        "Interest Expense": 6224000.0,
        "Normalized Income": 1593000.0,
        "Net Income From Continuing And Discontinued Operation": 1021000.0,
        "Total Expenses": 170083000.0,
        "Diluted Average Shares": 46026399.0,
        "Basic Average Shares": 46026399.0,
        "Diluted EPS": -0.02,
        "Basic EPS": -0.02,
        "Diluted NI Availto Com Stockholders": -948000.0,
        "Net Income Common Stockholders": -948000.0,
        "Preferred Stock Dividends": 1969000.0,
        "Net Income": 1021000.0,
        "Net Income Including Noncontrolling Interests": 1021000.0,
        "Net Income Discontinuous Operations": -572000.0,
        "Net Income Continuous Operations": 1593000.0,
        "Tax Provision": 1059000.0,
        "Pretax Income": 2652000.0,
        "Other Income Expense": 1126000.0,
        "Special Income Charges": NaN,
        "Impairment Of Capital Assets": NaN,
        "Net Non Operating Interest Income Expense": -6224000.0,
        "Interest Expense Non Operating": 6224000.0,
        "Other Operating Expenses": 7431000.0,
        "Depreciation And Amortization In Income Statement": 90000.0,
        "Amortization": 90000.0,
        "Total Revenue": 172735000.0,
        "Operating Revenue": 172735000.0,
        "Loss Adjustment Expense": 121004000.0,
        "Net Policyholder Benefits And Claims": 121004000.0
    }
}