{
    "2023-04-30": {
        "Tax Effect Of Unusual Items": NaN,
        "Tax Rate For Calcs": NaN,
        "Normalized EBITDA": NaN,
        "Total Unusual Items": NaN,
        "Total Unusual Items Excluding Goodwill": NaN,
        "Net Income From Continuing Operation Net Minority Interest": NaN,
        "Reconciled Depreciation": NaN,
        "Reconciled Cost Of Revenue": NaN,
        "EBITDA": NaN,
        "EBIT": NaN,
        "Net Interest Income": NaN,
        "Interest Expense": NaN,
        "Interest Income": NaN,
        "Normalized Income": NaN,
        "Net Income From Continuing And Discontinued Operation": NaN,
        "Total Expenses": NaN,
        "Total Operating Income As Reported": NaN,
        "Diluted Average Shares": 5708599.0,
        "Basic Average Shares": 5708599.0,
        "Diluted EPS": -0.06,
        "Basic EPS": -0.06,
        "Diluted NI Availto Com Stockholders": NaN,
        "Net Income Common Stockholders": NaN,
        "Net Income": NaN,
        "Minority Interests": 0.0,
        "Net Income Including Noncontrolling Interests": NaN,
        "Net Income Continuous Operations": NaN,
        "Tax Provision": NaN,
        "Pretax Income": NaN,
        "Other Income Expense": NaN,
        "Other Non Operating Income Expenses": NaN,
        "Special Income Charges": NaN,
        "Other Special Charges": NaN,
        "Earnings From Equity Interest": NaN,
        "Net Non Operating Interest Income Expense": NaN,
        "Interest Expense Non Operating": NaN,
        "Interest Income Non Operating": NaN,
        "Operating Income": NaN,
        "Operating Expense": NaN,
        "Selling General And Administration": NaN,
        "General And Administrative Expense": NaN,
        "Other Gand A": NaN,
        "Salaries And Wages": NaN,
        "Gross Profit": NaN,
        "Cost Of Revenue": NaN,
        "Total Revenue": NaN,
        "Operating Revenue": NaN
    },
    "2023-01-31": {
        "Tax Effect Of Unusual Items": NaN,
        "Tax Rate For Calcs": NaN,
        "Normalized EBITDA": NaN,
        "Total Unusual Items": NaN,
        "Total Unusual Items Excluding Goodwill": NaN,
        "Net Income From Continuing Operation Net Minority Interest": NaN,
        "Reconciled Depreciation": NaN,
        "Reconciled Cost Of Revenue": NaN,
        "EBITDA": NaN,
        "EBIT": NaN,
        "Net Interest Income": NaN,
        "Interest Expense": NaN,
        "Interest Income": NaN,
        "Normalized Income": NaN,
        "Net Income From Continuing And Discontinued Operation": NaN,
        "Total Expenses": NaN,
        "Total Operating Income As Reported": NaN,
        "Diluted Average Shares": NaN,
        "Basic Average Shares": NaN,
        "Diluted EPS": NaN,
        "Basic EPS": NaN,
        "Diluted NI Availto Com Stockholders": NaN,
        "Net Income Common Stockholders": NaN,
        "Net Income": NaN,
        "Minority Interests": 0.0,
        "Net Income Including Noncontrolling Interests": NaN,
        "Net Income Continuous Operations": NaN,
        "Tax Provision": NaN,
        "Pretax Income": NaN,
        "Other Income Expense": NaN,
        "Other Non Operating Income Expenses": 234041.0,
        "Special Income Charges": NaN,
        "Other Special Charges": NaN,
        "Earnings From Equity Interest": NaN,
        "Net Non Operating Interest Income Expense": NaN,
        "Interest Expense Non Operating": NaN,
        "Interest Income Non Operating": NaN,
        "Operating Income": NaN,
        "Operating Expense": NaN,
        "Selling General And Administration": NaN,
        "General And Administrative Expense": NaN,
        "Other Gand A": NaN,
        "Salaries And Wages": NaN,
        "Gross Profit": NaN,
        "Cost Of Revenue": NaN,
        "Total Revenue": NaN,
        "Operating Revenue": NaN
    },
    "2022-10-31": {
        "Tax Effect Of Unusual Items": 0.0,
        "Tax Rate For Calcs": 0.1666,
        "Normalized EBITDA": -4184372.0,
        "Net Income From Continuing Operation Net Minority Interest": -3789933.0,
        "Reconciled Depreciation": 578919.0,
        "Reconciled Cost Of Revenue": 13886552.0,
        "EBITDA": -4184372.0,
        "EBIT": -4763291.0,
        "Net Interest Income": -71651.0,
        "Interest Expense": 81650.0,
        "Interest Income": 9999.0,
        "Normalized Income": -3789933.0,
        "Net Income From Continuing And Discontinued Operation": -3789933.0,
        "Total Expenses": 17489654.0,
        "Total Operating Income As Reported": -4768643.0,
        "Diluted Average Shares": NaN,
        "Basic Average Shares": NaN,
        "Diluted EPS": NaN,
        "Basic EPS": NaN,
        "Diluted NI Availto Com Stockholders": -3789933.0,
        "Net Income Common Stockholders": -3789933.0,
        "Net Income": -3789933.0,
        "Minority Interests": 247841.0,
        "Net Income Including Noncontrolling Interests": -4037774.0,
        "Net Income Continuous Operations": -4037774.0,
        "Tax Provision": -807167.0,
        "Pretax Income": -4844941.0,
        "Other Income Expense": -2774199.0,
        "Other Non Operating Income Expenses": NaN,
        "Earnings From Equity Interest": -4647.0,
        "Net Non Operating Interest Income Expense": -71651.0,
        "Interest Expense Non Operating": 81650.0,
        "Interest Income Non Operating": 9999.0,
        "Operating Income": -1999091.0,
        "Operating Expense": 3603102.0,
        "Selling General And Administration": 3603102.0,
        "General And Administrative Expense": 3603102.0,
        "Other Gand A": 3458215.0,
        "Salaries And Wages": 144887.0,
        "Gross Profit": 1604011.0,
        "Cost Of Revenue": 13886552.0,
        "Total Revenue": 15490563.0,
        "Operating Revenue": 15490563.0
    },
    "2022-07-31": {
        "Tax Effect Of Unusual Items": 0.0,
        "Tax Rate For Calcs": 0.260565,
        "Normalized EBITDA": 451276.0,
        "Net Income From Continuing Operation Net Minority Interest": 132381.0,
        "Reconciled Depreciation": 219146.0,
        "Reconciled Cost Of Revenue": 13867710.0,
        "EBITDA": 451276.0,
        "EBIT": 232130.0,
        "Net Interest Income": -53098.0,
        "Interest Expense": 53100.0,
        "Interest Income": 2.0,
        "Normalized Income": 132381.0,
        "Net Income From Continuing And Discontinued Operation": 132381.0,
        "Total Expenses": 16773804.0,
        "Total Operating Income As Reported": 239482.0,
        "Diluted Average Shares": 5708599.0,
        "Basic Average Shares": 5708599.0,
        "Diluted EPS": 0.02,
        "Basic EPS": 0.02,
        "Diluted NI Availto Com Stockholders": 132381.0,
        "Net Income Common Stockholders": 132381.0,
        "Net Income": 132381.0,
        "Minority Interests": 0.0,
        "Net Income Including Noncontrolling Interests": 132381.0,
        "Net Income Continuous Operations": 132381.0,
        "Tax Provision": 46649.0,
        "Pretax Income": 179030.0,
        "Other Income Expense": -7354.0,
        "Other Non Operating Income Expenses": NaN,
        "Earnings From Equity Interest": -7354.0,
        "Net Non Operating Interest Income Expense": -53098.0,
        "Interest Expense Non Operating": 53100.0,
        "Interest Income Non Operating": 2.0,
        "Operating Income": 239482.0,
        "Operating Expense": 2906094.0,
        "Selling General And Administration": 2906094.0,
        "General And Administrative Expense": 2906094.0,
        "Other Gand A": 2758995.0,
        "Salaries And Wages": 147099.0,
        "Gross Profit": 3145576.0,
        "Cost Of Revenue": 13867710.0,
        "Total Revenue": 17013286.0,
        "Operating Revenue": 17013286.0
    },
    "2022-04-30": {
        "Diluted EPS": -0.06,
        "Total Revenue": 16,
        "Gross Profit": 2,
        "Operating Income": -1,
        "EBIT": -1,
        "Net Income": 0
    },
    "2022-01-31": {
        "Diluted EPS": 0.05,
        "Total Revenue": 17,
        "Gross Profit": 4,
        "Operating Income": 1,
        "EBIT": 1,
        "Net Income": 0
    },
    "2021-10-31": {
        "Diluted EPS": 0.06,
        "Total Revenue": 18,
        "Gross Profit": 5,
        "Operating Income": 0,
        "EBIT": 0,
        "Net Income": 0
    },
    "2021-07-31": {
        "Diluted EPS": -0.02,
        "Total Revenue": 14,
        "Gross Profit": 3,
        "Operating Income": 0,
        "EBIT": 0,
        "Net Income": 0
    },
    "2021-04-30": {
        "Diluted EPS": 0.06,
        "Total Revenue": 14,
        "Gross Profit": 4,
        "Operating Income": 0,
        "EBIT": 1,
        "Net Income": 0
    },
    "2021-01-31": {
        "Diluted EPS": 0.12,
        "Total Revenue": 18,
        "Gross Profit": 4,
        "Operating Income": 1,
        "EBIT": 1,
        "Net Income": 1
    },
    "2020-10-31": {
        "Diluted EPS": -0.07,
        "Total Revenue": 9,
        "Gross Profit": 2,
        "Operating Income": -2,
        "EBIT": -1,
        "Net Income": 0
    },
    "2020-07-31": {
        "Diluted EPS": 0.07,
        "Total Revenue": 17,
        "Gross Profit": 4,
        "Operating Income": 1,
        "EBIT": 1,
        "Net Income": 0
    },
    "2020-04-30": {
        "Diluted EPS": 0.09,
        "Total Revenue": 20,
        "Gross Profit": 5,
        "Operating Income": 1,
        "EBIT": 1,
        "Net Income": 0
    },
    "2020-01-31": {
        "Diluted EPS": -0.11,
        "Total Revenue": 19,
        "Gross Profit": 3,
        "Operating Income": -1,
        "EBIT": 0,
        "Net Income": -1
    },
    "2019-10-31": {
        "Diluted EPS": -0.06,
        "Total Revenue": 11,
        "Gross Profit": 4,
        "Operating Income": 0,
        "EBIT": 0,
        "Net Income": 0
    },
    "2019-07-31": {
        "Diluted EPS": 0.02,
        "Total Revenue": 22,
        "Gross Profit": 4,
        "Operating Income": 0,
        "EBIT": 0,
        "Net Income": 0
    },
    "2019-04-30": {
        "Diluted EPS": -0.04,
        "Total Revenue": 21,
        "Gross Profit": 4,
        "Operating Income": 0,
        "EBIT": 0,
        "Net Income": 0
    },
    "2019-01-31": {
        "Diluted EPS": 0.06,
        "Total Revenue": 24,
        "Gross Profit": 5,
        "Operating Income": 1,
        "EBIT": 1,
        "Net Income": 0
    },
    "2018-10-31": {
        "Diluted EPS": 0.03,
        "Total Revenue": 23,
        "Gross Profit": 4,
        "Operating Income": 0,
        "EBIT": 1,
        "Net Income": 0
    },
    "2018-07-31": {
        "Diluted EPS": 0.0,
        "Total Revenue": 23,
        "Gross Profit": 4,
        "Operating Income": 0,
        "EBIT": 0,
        "Net Income": 0
    },
    "2018-04-30": {
        "Diluted EPS": 0.09,
        "Total Revenue": 22,
        "Gross Profit": 4,
        "Operating Income": 1,
        "EBIT": 1,
        "Net Income": 1
    },
    "2018-01-31": {
        "Diluted EPS": 0.07,
        "Total Revenue": 22,
        "Gross Profit": 4,
        "Operating Income": 1,
        "EBIT": 1,
        "Net Income": 0
    },
    "2017-10-31": {
        "Diluted EPS": 0.01,
        "Total Revenue": 22,
        "Gross Profit": 3,
        "Operating Income": 0,
        "EBIT": 1,
        "Net Income": 0
    },
    "2017-07-31": {
        "Diluted EPS": 0.01,
        "Total Revenue": 18,
        "Gross Profit": 3,
        "Operating Income": 0,
        "EBIT": 0,
        "Net Income": 0
    },
    "2017-04-30": {
        "Diluted EPS": 0.0,
        "Total Revenue": 18,
        "Gross Profit": 3,
        "Operating Income": 0,
        "EBIT": 0,
        "Net Income": 0
    },
    "2017-01-31": {
        "Diluted EPS": 0.06,
        "Total Revenue": 20,
        "Gross Profit": 3,
        "Operating Income": 1,
        "EBIT": 1,
        "Net Income": 0
    },
    "2016-10-31": {
        "Diluted EPS": 0.03,
        "Total Revenue": 17,
        "Gross Profit": 3,
        "Operating Income": 0,
        "EBIT": 1,
        "Net Income": 0
    },
    "2016-07-31": {
        "Diluted EPS": 0.12,
        "Total Revenue": 17,
        "Gross Profit": 3,
        "Operating Income": 1,
        "EBIT": 1,
        "Net Income": 1
    },
    "2016-04-30": {
        "Diluted EPS": 0.14,
        "Total Revenue": 21,
        "Gross Profit": 3,
        "Operating Income": 1,
        "EBIT": 2,
        "Net Income": 1
    },
    "2016-01-31": {
        "Diluted EPS": 0.07,
        "Total Revenue": 23,
        "Gross Profit": 3,
        "Operating Income": 1,
        "EBIT": 1,
        "Net Income": 0
    },
    "2015-10-31": {
        "Diluted EPS": 0.07,
        "Total Revenue": 22,
        "Gross Profit": 3,
        "Operating Income": 1,
        "EBIT": 1,
        "Net Income": 0
    },
    "2015-07-31": {
        "Diluted EPS": 0.02,
        "Total Revenue": 27,
        "Gross Profit": 2,
        "Operating Income": 0,
        "EBIT": 0,
        "Net Income": 0
    },
    "2015-04-30": {
        "Diluted EPS": -0.33,
        "Total Revenue": 30,
        "Gross Profit": -1,
        "Operating Income": -3,
        "EBIT": -3,
        "Net Income": -2
    },
    "2015-01-31": {
        "Diluted EPS": 0.01,
        "Total Revenue": 38,
        "Gross Profit": 2,
        "Operating Income": 0,
        "EBIT": 0,
        "Net Income": 0
    },
    "2014-10-31": {
        "Diluted EPS": 0.27,
        "Total Revenue": 29,
        "Gross Profit": 4,
        "Operating Income": 2,
        "EBIT": 3,
        "Net Income": 2
    },
    "2014-07-31": {
        "Diluted EPS": 0.11,
        "Total Revenue": 27,
        "Gross Profit": 3,
        "Operating Income": 1,
        "EBIT": 1,
        "Net Income": 1
    },
    "2014-04-30": {
        "Diluted EPS": 0.19,
        "Total Revenue": 25,
        "Gross Profit": 4,
        "Operating Income": 2,
        "EBIT": 2,
        "Net Income": 1
    },
    "2014-01-31": {
        "Diluted EPS": 0.21,
        "Total Revenue": 27,
        "Gross Profit": 4,
        "Operating Income": 2,
        "EBIT": 2,
        "Net Income": 1
    },
    "2013-10-31": {
        "Diluted EPS": 0.02,
        "Total Revenue": 34,
        "Gross Profit": 2,
        "Operating Income": 0,
        "EBIT": 0,
        "Net Income": 0
    },
    "2013-07-31": {
        "Diluted EPS": -0.33,
        "Total Revenue": 32,
        "Gross Profit": -1,
        "Operating Income": -3,
        "EBIT": -3,
        "Net Income": -2
    },
    "2013-04-30": {
        "Diluted EPS": -0.06,
        "Total Revenue": 37,
        "Gross Profit": 1,
        "Operating Income": -1,
        "EBIT": 0,
        "Net Income": 0
    },
    "2013-01-31": {
        "Diluted EPS": 0.14,
        "Total Revenue": 31,
        "Gross Profit": 4,
        "Operating Income": 2,
        "EBIT": 2,
        "Net Income": 1
    },
    "2012-10-31": {
        "Diluted EPS": 0.0,
        "Total Revenue": 35,
        "Gross Profit": 2,
        "Operating Income": 0,
        "EBIT": 0,
        "Net Income": 0
    },
    "2012-07-31": {
        "Diluted EPS": 0.19,
        "Total Revenue": 44,
        "Gross Profit": 4,
        "Operating Income": 2,
        "EBIT": 2,
        "Net Income": 1
    },
    "2012-04-30": {
        "Diluted EPS": -0.06,
        "Total Revenue": 37,
        "Gross Profit": 1,
        "Operating Income": -1,
        "EBIT": 0,
        "Net Income": 0
    },
    "2012-01-31": {
        "Diluted EPS": 0.24,
        "Total Revenue": 57,
        "Gross Profit": 4,
        "Operating Income": 3,
        "EBIT": 3,
        "Net Income": 2
    },
    "2011-10-31": {
        "Diluted EPS": -0.3,
        "Total Revenue": 48,
        "Gross Profit": 0,
        "Operating Income": -2,
        "EBIT": -2,
        "Net Income": -2
    },
    "2011-07-31": {
        "Diluted EPS": 0.03,
        "Total Revenue": 36,
        "Gross Profit": 2,
        "Operating Income": 0,
        "EBIT": 0,
        "Net Income": 0
    },
    "2011-04-30": {
        "Diluted EPS": 0.22,
        "Total Revenue": 37,
        "Gross Profit": 4,
        "Operating Income": 2,
        "EBIT": 2,
        "Net Income": 1
    },
    "2011-01-31": {
        "Diluted EPS": 0.19,
        "Total Revenue": 26,
        "Gross Profit": 3,
        "Operating Income": 1,
        "EBIT": 2,
        "Net Income": 1
    },
    "2010-10-31": {
        "Diluted EPS": 0.11,
        "Total Revenue": 23,
        "Gross Profit": 3,
        "Operating Income": 1,
        "EBIT": 1,
        "Net Income": 1
    },
    "2010-07-31": {
        "Diluted EPS": 0.08,
        "Total Revenue": 19,
        "Gross Profit": 2,
        "Operating Income": 1,
        "EBIT": 1,
        "Net Income": 0
    },
    "2010-04-30": {
        "Diluted EPS": 0.15,
        "Total Revenue": 20,
        "Gross Profit": 3,
        "Operating Income": 1,
        "EBIT": 1,
        "Net Income": 1
    },
    "2010-01-31": {
        "Diluted EPS": 0.1,
        "Total Revenue": 21,
        "Gross Profit": 3,
        "Operating Income": 1,
        "EBIT": 1,
        "Net Income": 1
    },
    "2009-10-31": {
        "Diluted EPS": 0.31,
        "Total Revenue": 20,
        "Gross Profit": 3,
        "Operating Income": 1,
        "EBIT": 1,
        "Net Income": 2
    },
    "2009-07-31": {
        "Diluted EPS": 0.15,
        "Total Revenue": 17,
        "Gross Profit": 3,
        "Operating Income": 1,
        "EBIT": 2,
        "Net Income": 1
    },
    "2009-04-30": {
        "Diluted EPS": 0.07,
        "Total Revenue": 18,
        "Gross Profit": 2,
        "Operating Income": 1,
        "EBIT": 1,
        "Net Income": 0
    },
    "2009-01-31": {
        "Diluted EPS": 0.07,
        "Total Revenue": 19,
        "Gross Profit": 2,
        "Operating Income": 1,
        "EBIT": 1,
        "Net Income": 0
    },
    "2023-07-31": {
        "Tax Effect Of Unusual Items": NaN,
        "Tax Rate For Calcs": NaN,
        "Normalized EBITDA": NaN,
        "Total Unusual Items": 0.0,
        "Total Unusual Items Excluding Goodwill": 0.0,
        "Net Income From Continuing Operation Net Minority Interest": NaN,
        "Reconciled Depreciation": NaN,
        "Reconciled Cost Of Revenue": NaN,
        "EBITDA": NaN,
        "EBIT": NaN,
        "Net Interest Income": NaN,
        "Interest Expense": NaN,
        "Interest Income": NaN,
        "Normalized Income": NaN,
        "Net Income From Continuing And Discontinued Operation": NaN,
        "Total Expenses": NaN,
        "Total Operating Income As Reported": NaN,
        "Diluted Average Shares": 5708599.0,
        "Basic Average Shares": 5708599.0,
        "Diluted EPS": -0.02,
        "Basic EPS": -0.02,
        "Diluted NI Availto Com Stockholders": NaN,
        "Net Income Common Stockholders": NaN,
        "Net Income": NaN,
        "Minority Interests": 0.0,
        "Net Income Including Noncontrolling Interests": NaN,
        "Net Income Continuous Operations": NaN,
        "Tax Provision": NaN,
        "Pretax Income": NaN,
        "Other Income Expense": NaN,
        "Other Non Operating Income Expenses": 400140.0,
        "Special Income Charges": 0.0,
        "Other Special Charges": NaN,
        "Earnings From Equity Interest": NaN,
        "Net Non Operating Interest Income Expense": NaN,
        "Interest Expense Non Operating": NaN,
        "Interest Income Non Operating": NaN,
        "Operating Income": NaN,
        "Operating Expense": NaN,
        "Selling General And Administration": NaN,
        "General And Administrative Expense": NaN,
        "Other Gand A": NaN,
        "Salaries And Wages": NaN,
        "Gross Profit": NaN,
        "Cost Of Revenue": NaN,
        "Total Revenue": NaN,
        "Operating Revenue": NaN
    },
    "2023-10-31": {
        "Tax Effect Of Unusual Items": NaN,
        "Tax Rate For Calcs": NaN,
        "Normalized EBITDA": NaN,
        "Total Unusual Items": NaN,
        "Total Unusual Items Excluding Goodwill": NaN,
        "Net Income From Continuing Operation Net Minority Interest": NaN,
        "Reconciled Depreciation": NaN,
        "Reconciled Cost Of Revenue": NaN,
        "EBITDA": NaN,
        "EBIT": NaN,
        "Net Interest Income": NaN,
        "Interest Expense": NaN,
        "Interest Income": NaN,
        "Normalized Income": NaN,
        "Net Income From Continuing And Discontinued Operation": NaN,
        "Total Expenses": NaN,
        "Total Operating Income As Reported": NaN,
        "Diluted Average Shares": NaN,
        "Basic Average Shares": NaN,
        "Diluted EPS": NaN,
        "Basic EPS": NaN,
        "Diluted NI Availto Com Stockholders": NaN,
        "Net Income Common Stockholders": NaN,
        "Net Income": NaN,
        "Minority Interests": 0.0,
        "Net Income Including Noncontrolling Interests": NaN,
        "Net Income Continuous Operations": NaN,
        "Tax Provision": NaN,
        "Pretax Income": NaN,
        "Other Income Expense": NaN,
        "Other Non Operating Income Expenses": 0.0,
        "Special Income Charges": NaN,
        "Other Special Charges": NaN,
        "Earnings From Equity Interest": NaN,
        "Net Non Operating Interest Income Expense": NaN,
        "Interest Expense Non Operating": NaN,
        "Interest Income Non Operating": NaN,
        "Operating Income": NaN,
        "Operating Expense": NaN,
        "Selling General And Administration": NaN,
        "General And Administrative Expense": NaN,
        "Other Gand A": NaN,
        "Salaries And Wages": NaN,
        "Gross Profit": NaN,
        "Cost Of Revenue": NaN,
        "Total Revenue": NaN,
        "Operating Revenue": NaN
    },
    "2024-01-31": {
        "Tax Effect Of Unusual Items": NaN,
        "Tax Rate For Calcs": NaN,
        "Normalized EBITDA": NaN,
        "Total Unusual Items": NaN,
        "Total Unusual Items Excluding Goodwill": NaN,
        "Net Income From Continuing Operation Net Minority Interest": NaN,
        "Reconciled Depreciation": NaN,
        "Reconciled Cost Of Revenue": NaN,
        "EBITDA": NaN,
        "EBIT": NaN,
        "Net Interest Income": NaN,
        "Interest Expense": NaN,
        "Interest Income": NaN,
        "Normalized Income": NaN,
        "Net Income From Continuing And Discontinued Operation": NaN,
        "Total Expenses": NaN,
        "Total Operating Income As Reported": NaN,
        "Diluted Average Shares": NaN,
        "Basic Average Shares": NaN,
        "Diluted EPS": NaN,
        "Basic EPS": NaN,
        "Diluted NI Availto Com Stockholders": NaN,
        "Net Income Common Stockholders": NaN,
        "Net Income": NaN,
        "Minority Interests": 0.0,
        "Net Income Including Noncontrolling Interests": NaN,
        "Net Income Continuous Operations": NaN,
        "Tax Provision": NaN,
        "Pretax Income": NaN,
        "Other Income Expense": NaN,
        "Other Non Operating Income Expenses": NaN,
        "Special Income Charges": NaN,
        "Other Special Charges": NaN,
        "Earnings From Equity Interest": NaN,
        "Net Non Operating Interest Income Expense": NaN,
        "Interest Expense Non Operating": NaN,
        "Interest Income Non Operating": NaN,
        "Operating Income": NaN,
        "Operating Expense": NaN,
        "Selling General And Administration": NaN,
        "General And Administrative Expense": NaN,
        "Other Gand A": NaN,
        "Salaries And Wages": NaN,
        "Gross Profit": NaN,
        "Cost Of Revenue": NaN,
        "Total Revenue": NaN,
        "Operating Revenue": NaN
    },
    "2024-04-30": {
        "Tax Effect Of Unusual Items": NaN,
        "Tax Rate For Calcs": NaN,
        "Normalized EBITDA": NaN,
        "Total Unusual Items": NaN,
        "Total Unusual Items Excluding Goodwill": NaN,
        "Net Income From Continuing Operation Net Minority Interest": NaN,
        "Reconciled Depreciation": NaN,
        "Reconciled Cost Of Revenue": NaN,
        "EBITDA": NaN,
        "EBIT": NaN,
        "Net Interest Income": NaN,
        "Interest Expense": NaN,
        "Interest Income": NaN,
        "Normalized Income": NaN,
        "Net Income From Continuing And Discontinued Operation": NaN,
        "Total Expenses": NaN,
        "Total Operating Income As Reported": NaN,
        "Diluted Average Shares": 5708599.0,
        "Basic Average Shares": 5708599.0,
        "Diluted EPS": 0.0,
        "Basic EPS": 0.0,
        "Diluted NI Availto Com Stockholders": NaN,
        "Net Income Common Stockholders": NaN,
        "Net Income": NaN,
        "Net Income Including Noncontrolling Interests": NaN,
        "Net Income Continuous Operations": NaN,
        "Tax Provision": NaN,
        "Pretax Income": NaN,
        "Other Income Expense": 6024.0,
        "Other Non Operating Income Expenses": NaN,
        "Special Income Charges": NaN,
        "Other Special Charges": NaN,
        "Earnings From Equity Interest": 6024.0,
        "Net Non Operating Interest Income Expense": NaN,
        "Interest Expense Non Operating": NaN,
        "Interest Income Non Operating": NaN,
        "Operating Income": NaN,
        "Operating Expense": NaN,
        "Selling General And Administration": NaN,
        "General And Administrative Expense": NaN,
        "Other Gand A": NaN,
        "Salaries And Wages": NaN,
        "Gross Profit": NaN,
        "Cost Of Revenue": NaN,
        "Total Revenue": NaN,
        "Operating Revenue": NaN
    },
    "2024-07-31": {
        "Tax Effect Of Unusual Items": NaN,
        "Tax Rate For Calcs": NaN,
        "Normalized EBITDA": NaN,
        "Total Unusual Items": 210567.0,
        "Total Unusual Items Excluding Goodwill": 210567.0,
        "Net Income From Continuing Operation Net Minority Interest": NaN,
        "Reconciled Depreciation": NaN,
        "Reconciled Cost Of Revenue": NaN,
        "EBITDA": NaN,
        "EBIT": NaN,
        "Net Interest Income": NaN,
        "Interest Expense": NaN,
        "Interest Income": NaN,
        "Normalized Income": NaN,
        "Net Income From Continuing And Discontinued Operation": NaN,
        "Total Expenses": NaN,
        "Total Operating Income As Reported": NaN,
        "Diluted Average Shares": 5708599.0,
        "Basic Average Shares": 5708599.0,
        "Diluted EPS": 0.11,
        "Basic EPS": 0.11,
        "Diluted NI Availto Com Stockholders": NaN,
        "Net Income Common Stockholders": NaN,
        "Net Income": NaN,
        "Net Income Including Noncontrolling Interests": NaN,
        "Net Income Continuous Operations": NaN,
        "Tax Provision": NaN,
        "Pretax Income": NaN,
        "Other Income Expense": 210567.0,
        "Other Non Operating Income Expenses": NaN,
        "Special Income Charges": 210567.0,
        "Other Special Charges": -210567.0,
        "Earnings From Equity Interest": 0.0,
        "Net Non Operating Interest Income Expense": NaN,
        "Interest Expense Non Operating": NaN,
        "Interest Income Non Operating": NaN,
        "Operating Income": NaN,
        "Operating Expense": NaN,
        "Selling General And Administration": NaN,
        "General And Administrative Expense": NaN,
        "Other Gand A": NaN,
        "Salaries And Wages": NaN,
        "Gross Profit": NaN,
        "Cost Of Revenue": NaN,
        "Total Revenue": NaN,
        "Operating Revenue": NaN
    },
    "2024-10-31": {
        "Tax Effect Of Unusual Items": 0.0,
        "Tax Rate For Calcs": 0.29415,
        "Normalized EBITDA": 2056662.0,
        "Total Unusual Items": 0.0,
        "Total Unusual Items Excluding Goodwill": 0.0,
        "Net Income From Continuing Operation Net Minority Interest": 1262035.0,
        "Reconciled Depreciation": 263733.0,
        "Reconciled Cost Of Revenue": 16281395.0,
        "EBITDA": 2056662.0,
        "EBIT": 1792929.0,
        "Net Interest Income": -5202.0,
        "Interest Expense": 4963.0,
        "Interest Income": -239.0,
        "Normalized Income": 1262035.0,
        "Net Income From Continuing And Discontinued Operation": 1262035.0,
        "Total Expenses": 19519387.0,
        "Total Operating Income As Reported": 1693434.0,
        "Diluted Average Shares": NaN,
        "Basic Average Shares": NaN,
        "Diluted EPS": NaN,
        "Basic EPS": NaN,
        "Diluted NI Availto Com Stockholders": 1262035.0,
        "Net Income Common Stockholders": 1262035.0,
        "Net Income": 1262035.0,
        "Net Income Including Noncontrolling Interests": 1262035.0,
        "Net Income Continuous Operations": 1262035.0,
        "Tax Provision": 525931.0,
        "Pretax Income": 1787966.0,
        "Other Income Expense": 99734.0,
        "Other Non Operating Income Expenses": NaN,
        "Special Income Charges": 0.0,
        "Other Special Charges": 0.0,
        "Earnings From Equity Interest": 0.0,
        "Net Non Operating Interest Income Expense": -5202.0,
        "Interest Expense Non Operating": 4963.0,
        "Interest Income Non Operating": -239.0,
        "Operating Income": 1693434.0,
        "Operating Expense": 3237992.0,
        "Selling General And Administration": 3237992.0,
        "General And Administrative Expense": 3237992.0,
        "Other Gand A": 3092032.0,
        "Salaries And Wages": 145960.0,
        "Gross Profit": 4931426.0,
        "Cost Of Revenue": 16281395.0,
        "Total Revenue": 21212821.0,
        "Operating Revenue": 21212821.0
    },
    "2025-01-31": {
        "Tax Effect Of Unusual Items": 0.0,
        "Tax Rate For Calcs": 0.26,
        "Normalized EBITDA": 1940871.0,
        "Total Unusual Items": NaN,
        "Total Unusual Items Excluding Goodwill": NaN,
        "Net Income From Continuing Operation Net Minority Interest": 1153256.0,
        "Reconciled Depreciation": 349853.0,
        "Reconciled Cost Of Revenue": 15573359.0,
        "EBITDA": 1940871.0,
        "EBIT": 1591018.0,
        "Net Interest Income": -31660.0,
        "Interest Expense": 31670.0,
        "Interest Income": 10.0,
        "Normalized Income": 1153256.0,
        "Net Income From Continuing And Discontinued Operation": 1153256.0,
        "Total Expenses": 19714254.0,
        "Total Operating Income As Reported": 1591031.0,
        "Diluted Average Shares": 5708599.0,
        "Basic Average Shares": 5708599.0,
        "Diluted EPS": 0.2,
        "Basic EPS": 0.2,
        "Diluted NI Availto Com Stockholders": 1153256.0,
        "Net Income Common Stockholders": 1153256.0,
        "Net Income": 1153256.0,
        "Net Income Including Noncontrolling Interests": 1153256.0,
        "Net Income Continuous Operations": 1153256.0,
        "Tax Provision": 406092.0,
        "Pretax Income": 1559348.0,
        "Other Income Expense": -23.0,
        "Other Non Operating Income Expenses": NaN,
        "Special Income Charges": NaN,
        "Other Special Charges": NaN,
        "Earnings From Equity Interest": -23.0,
        "Net Non Operating Interest Income Expense": -31660.0,
        "Interest Expense Non Operating": 31670.0,
        "Interest Income Non Operating": 10.0,
        "Operating Income": 1591031.0,
        "Operating Expense": 4140895.0,
        "Selling General And Administration": 4140895.0,
        "General And Administrative Expense": 4140895.0,
        "Other Gand A": 3929598.0,
        "Salaries And Wages": 211297.0,
        "Gross Profit": 5731926.0,
        "Cost Of Revenue": 15573359.0,
        "Total Revenue": 21305285.0,
        "Operating Revenue": 21305285.0
    },
    "2025-04-30": {
        "Tax Effect Of Unusual Items": 0.0,
        "Tax Rate For Calcs": 0.260665,
        "Normalized EBITDA": 1242427.0,
        "Total Unusual Items": NaN,
        "Total Unusual Items Excluding Goodwill": NaN,
        "Net Income From Continuing Operation Net Minority Interest": 644055.0,
        "Reconciled Depreciation": 353747.0,
        "Reconciled Cost Of Revenue": 18901189.0,
        "EBITDA": 1242427.0,
        "EBIT": 888680.0,
        "Net Interest Income": -17539.0,
        "Interest Expense": 17552.0,
        "Interest Income": 13.0,
        "Normalized Income": 644055.0,
        "Net Income From Continuing And Discontinued Operation": 644055.0,
        "Total Expenses": 22431446.0,
        "Total Operating Income As Reported": 888615.0,
        "Diluted Average Shares": 5708599.0,
        "Basic Average Shares": 5708599.0,
        "Diluted EPS": 0.11,
        "Basic EPS": 0.11,
        "Diluted NI Availto Com Stockholders": 644055.0,
        "Net Income Common Stockholders": 644055.0,
        "Net Income": 644055.0,
        "Net Income Including Noncontrolling Interests": 644055.0,
        "Net Income Continuous Operations": 644055.0,
        "Tax Provision": 227073.0,
        "Pretax Income": 871128.0,
        "Other Income Expense": 52.0,
        "Other Non Operating Income Expenses": 29.0,
        "Special Income Charges": NaN,
        "Other Special Charges": NaN,
        "Earnings From Equity Interest": 23.0,
        "Net Non Operating Interest Income Expense": -17539.0,
        "Interest Expense Non Operating": 17552.0,
        "Interest Income Non Operating": 13.0,
        "Operating Income": 888615.0,
        "Operating Expense": 3530257.0,
        "Selling General And Administration": 3530257.0,
        "General And Administrative Expense": 3530257.0,
        "Other Gand A": 3286983.0,
        "Salaries And Wages": 243274.0,
        "Gross Profit": 4418872.0,
        "Cost Of Revenue": 18901189.0,
        "Total Revenue": 23320061.0,
        "Operating Revenue": 23320061.0
    },
    "2025-07-31": {
        "Tax Effect Of Unusual Items": 0.0,
        "Tax Rate For Calcs": 0.21,
        "Normalized EBITDA": -722724.0,
        "Total Unusual Items": 0.0,
        "Total Unusual Items Excluding Goodwill": 0.0,
        "Net Income From Continuing Operation Net Minority Interest": -1205413.0,
        "Reconciled Depreciation": 372422.0,
        "Reconciled Cost Of Revenue": 20997777.0,
        "EBITDA": -722724.0,
        "EBIT": -1095146.0,
        "Net Interest Income": -92678.0,
        "Interest Expense": 92683.0,
        "Interest Income": 5.0,
        "Normalized Income": -1205413.0,
        "Net Income From Continuing And Discontinued Operation": -1205413.0,
        "Total Expenses": 25005665.0,
        "Total Operating Income As Reported": -1095151.0,
        "Diluted Average Shares": 5708599.0,
        "Basic Average Shares": 5708599.0,
        "Diluted EPS": -0.21,
        "Basic EPS": -0.21,
        "Diluted NI Availto Com Stockholders": -1205413.0,
        "Net Income Common Stockholders": -1205413.0,
        "Net Income": -1205413.0,
        "Net Income Including Noncontrolling Interests": -1205413.0,
        "Net Income Continuous Operations": -1205413.0,
        "Tax Provision": 17584.0,
        "Pretax Income": -1187829.0,
        "Other Income Expense": NaN,
        "Other Non Operating Income Expenses": NaN,
        "Special Income Charges": 0.0,
        "Other Special Charges": NaN,
        "Earnings From Equity Interest": NaN,
        "Net Non Operating Interest Income Expense": -92678.0,
        "Interest Expense Non Operating": 92683.0,
        "Interest Income Non Operating": 5.0,
        "Operating Income": -1095151.0,
        "Operating Expense": 4007888.0,
        "Selling General And Administration": 4007888.0,
        "General And Administrative Expense": 4007888.0,
        "Other Gand A": 3824473.0,
        "Salaries And Wages": 183415.0,
        "Gross Profit": 2912737.0,
        "Cost Of Revenue": 20997777.0,
        "Total Revenue": 23910514.0,
        "Operating Revenue": 23910514.0
    },
    "2025-10-31": {
        "Tax Effect Of Unusual Items": 0.0,
        "Tax Rate For Calcs": 0.21,
        "Normalized EBITDA": 1187218.0,
        "Total Unusual Items": 0.0,
        "Total Unusual Items Excluding Goodwill": 0.0,
        "Net Income From Continuing Operation Net Minority Interest": 811541.0,
        "Reconciled Depreciation": 409390.0,
        "Reconciled Cost Of Revenue": 25614902.0,
        "EBITDA": 1187218.0,
        "EBIT": 777828.0,
        "Net Interest Income": -99355.0,
        "Interest Expense": 99347.0,
        "Interest Income": -8.0,
        "Normalized Income": 811541.0,
        "Net Income From Continuing And Discontinued Operation": 811541.0,
        "Total Expenses": 26979822.0,
        "Total Operating Income As Reported": 767865.0,
        "Diluted Average Shares": NaN,
        "Basic Average Shares": NaN,
        "Diluted EPS": NaN,
        "Basic EPS": NaN,
        "Diluted NI Availto Com Stockholders": 811541.0,
        "Net Income Common Stockholders": 811541.0,
        "Net Income": 811541.0,
        "Net Income Including Noncontrolling Interests": 811541.0,
        "Net Income Continuous Operations": 811541.0,
        "Tax Provision": -133060.0,
        "Pretax Income": 678481.0,
        "Other Income Expense": 9971.0,
        "Other Non Operating Income Expenses": 9971.0,
        "Special Income Charges": 0.0,
        "Other Special Charges": NaN,
        "Earnings From Equity Interest": NaN,
        "Net Non Operating Interest Income Expense": -99355.0,
        "Interest Expense Non Operating": 99347.0,
        "Interest Income Non Operating": -8.0,
        "Operating Income": 767865.0,
        "Operating Expense": 1364920.0,
        "Selling General And Administration": 1364920.0,
        "General And Administrative Expense": 1364920.0,
        "Other Gand A": 1159240.0,
        "Salaries And Wages": 205680.0,
        "Gross Profit": 2132785.0,
        "Cost Of Revenue": 25614902.0,
        "Total Revenue": 27747687.0,
        "Operating Revenue": 27747687.0
    }
}