{
    "2023-03-31": {
        "Tax Effect Of Unusual Items": 0.0,
        "Tax Rate For Calcs": 0.27,
        "Net Income From Continuing Operation Net Minority Interest": -1497000000.0,
        "EBIT": -2026000000.0,
        "Net Interest Income": -28000000.0,
        "Interest Expense": 28000000.0,
        "Normalized Income": -1497000000.0,
        "Net Income From Continuing And Discontinued Operation": -1497000000.0,
        "Total Expenses": 1300000000.0,
        "Diluted Average Shares": 82646113.0,
        "Basic Average Shares": 82646113.0,
        "Diluted EPS": -18.11,
        "Basic EPS": -18.11,
        "Diluted NI Availto Com Stockholders": -1497000000.0,
        "Net Income Common Stockholders": -1497000000.0,
        "Preferred Stock Dividends": NaN,
        "Net Income": -1497000000.0,
        "Minority Interests": -1000000.0,
        "Net Income Including Noncontrolling Interests": -1496000000.0,
        "Net Income Continuous Operations": -1496000000.0,
        "Tax Provision": -558000000.0,
        "Pretax Income": -2054000000.0,
        "Other Income Expense": 15000000.0,
        "Net Non Operating Interest Income Expense": -28000000.0,
        "Interest Expense Non Operating": 28000000.0,
        "Other Operating Expenses": -50000000.0,
        "Selling General And Administration": 236000000.0,
        "General And Administrative Expense": 236000000.0,
        "Other Gand A": 236000000.0,
        "Total Revenue": -754000000.0,
        "Operating Revenue": -754000000.0,
        "Loss Adjustment Expense": 242000000.0,
        "Net Policyholder Benefits And Claims": 242000000.0,
        "Policyholder Benefits Gross": 242000000.0
    },
    "2022-12-31": {
        "Tax Effect Of Unusual Items": 0.0,
        "Tax Rate For Calcs": 0.24659,
        "Net Income From Continuing Operation Net Minority Interest": -710000000.0,
        "EBIT": -913000000.0,
        "Net Interest Income": -40000000.0,
        "Interest Expense": 40000000.0,
        "Normalized Income": -710000000.0,
        "Net Income From Continuing And Discontinued Operation": -710000000.0,
        "Total Expenses": 418000000.0,
        "Diluted Average Shares": NaN,
        "Basic Average Shares": NaN,
        "Diluted EPS": NaN,
        "Basic EPS": NaN,
        "Diluted NI Availto Com Stockholders": -710000000.0,
        "Net Income Common Stockholders": -710000000.0,
        "Preferred Stock Dividends": NaN,
        "Net Income": -710000000.0,
        "Minority Interests": 8000000.0,
        "Net Income Including Noncontrolling Interests": -718000000.0,
        "Net Income Continuous Operations": -718000000.0,
        "Tax Provision": -235000000.0,
        "Pretax Income": -953000000.0,
        "Other Income Expense": 25000000.0,
        "Net Non Operating Interest Income Expense": -40000000.0,
        "Interest Expense Non Operating": 40000000.0,
        "Other Operating Expenses": 75000000.0,
        "Selling General And Administration": 261000000.0,
        "General And Administrative Expense": 261000000.0,
        "Other Gand A": 261000000.0,
        "Total Revenue": -535000000.0,
        "Operating Revenue": -535000000.0
    },
    "2022-09-30": {
        "Tax Effect Of Unusual Items": NaN,
        "Tax Rate For Calcs": NaN,
        "Net Income From Continuing Operation Net Minority Interest": NaN,
        "Reconciled Depreciation": 2000000.0,
        "EBIT": NaN,
        "Net Interest Income": NaN,
        "Interest Expense": NaN,
        "Normalized Income": NaN,
        "Net Income From Continuing And Discontinued Operation": NaN,
        "Total Expenses": NaN,
        "Diluted Average Shares": NaN,
        "Basic Average Shares": NaN,
        "Diluted EPS": NaN,
        "Basic EPS": NaN,
        "Diluted NI Availto Com Stockholders": NaN,
        "Net Income Common Stockholders": NaN,
        "Preferred Stock Dividends": NaN,
        "Net Income": NaN,
        "Minority Interests": NaN,
        "Net Income Including Noncontrolling Interests": NaN,
        "Net Income Continuous Operations": NaN,
        "Tax Provision": NaN,
        "Pretax Income": NaN,
        "Other Income Expense": NaN,
        "Net Non Operating Interest Income Expense": NaN,
        "Interest Expense Non Operating": NaN,
        "Other Operating Expenses": NaN,
        "Depreciation And Amortization In Income Statement": 2000000.0,
        "Depreciation Income Statement": 2000000.0,
        "Selling General And Administration": NaN,
        "General And Administrative Expense": NaN,
        "Other Gand A": NaN,
        "Total Revenue": NaN,
        "Operating Revenue": NaN
    },
    "2022-06-30": {
        "Tax Effect Of Unusual Items": 0.0,
        "Tax Rate For Calcs": 0.198,
        "Net Income From Continuing Operation Net Minority Interest": 2903000000.0,
        "Reconciled Depreciation": 3000000.0,
        "EBIT": 3675000000.0,
        "Net Interest Income": -24000000.0,
        "Interest Expense": 24000000.0,
        "Normalized Income": 2903000000.0,
        "Net Income From Continuing And Discontinued Operation": 2903000000.0,
        "Total Expenses": 2880000000.0,
        "Diluted Average Shares": 89168775.0,
        "Basic Average Shares": 85968564.0,
        "Diluted EPS": 36.59,
        "Basic EPS": 37.96,
        "Diluted NI Availto Com Stockholders": 2903000000.0,
        "Net Income Common Stockholders": 2903000000.0,
        "Net Income": 2903000000.0,
        "Minority Interests": -31000000.0,
        "Net Income Including Noncontrolling Interests": 2934000000.0,
        "Net Income Continuous Operations": 2934000000.0,
        "Tax Provision": 717000000.0,
        "Pretax Income": 3651000000.0,
        "Other Income Expense": 21000000.0,
        "Net Non Operating Interest Income Expense": -24000000.0,
        "Interest Expense Non Operating": 24000000.0,
        "Other Operating Expenses": 9000000.0,
        "Depreciation And Amortization In Income Statement": 3000000.0,
        "Depreciation Income Statement": 3000000.0,
        "Selling General And Administration": 208000000.0,
        "General And Administrative Expense": 208000000.0,
        "Other Gand A": 208000000.0,
        "Total Revenue": 6531000000.0,
        "Operating Revenue": 6531000000.0
    },
    "2022-03-31": {
        "Diluted EPS": 24.39,
        "Total Revenue": NaN,
        "Gross Profit": NaN,
        "Operating Income": NaN,
        "EBIT": NaN,
        "Net Income": NaN
    },
    "2021-12-31": {
        "Diluted EPS": 6.2,
        "Total Revenue": NaN,
        "Gross Profit": 733,
        "Operating Income": 747,
        "EBIT": 774,
        "Net Income": 585
    },
    "2021-09-30": {
        "Diluted EPS": 2.18,
        "Total Revenue": NaN,
        "Gross Profit": 262,
        "Operating Income": 252,
        "EBIT": 271,
        "Net Income": 206
    },
    "2021-06-30": {
        "Diluted EPS": -5.72,
        "Total Revenue": 232,
        "Gross Profit": -795,
        "Operating Income": -538,
        "EBIT": -516,
        "Net Income": -540
    },
    "2021-03-31": {
        "Diluted EPS": 31.03,
        "Total Revenue": NaN,
        "Gross Profit": NaN,
        "Operating Income": NaN,
        "EBIT": NaN,
        "Net Income": NaN
    },
    "2020-12-31": {
        "Diluted EPS": 0.0,
        "Total Revenue": NaN,
        "Gross Profit": NaN,
        "Operating Income": NaN,
        "EBIT": NaN,
        "Net Income": NaN
    },
    "2020-09-30": {
        "Diluted EPS": -4.28,
        "Total Revenue": 111,
        "Gross Profit": -923,
        "Operating Income": -532,
        "EBIT": -507,
        "Net Income": -397
    },
    "2020-06-30": {
        "Diluted EPS": -69.98,
        "Total Revenue": NaN,
        "Gross Profit": NaN,
        "Operating Income": NaN,
        "EBIT": NaN,
        "Net Income": NaN
    },
    "2019-12-31": {
        "Diluted EPS": 0.0,
        "Total Revenue": NaN,
        "Gross Profit": NaN,
        "Operating Income": NaN,
        "EBIT": NaN,
        "Net Income": NaN
    },
    "2023-06-30": {
        "Tax Effect Of Unusual Items": 0.0,
        "Tax Rate For Calcs": 0.168,
        "Net Income From Continuing Operation Net Minority Interest": 1217000000.0,
        "EBIT": 1493000000.0,
        "Net Interest Income": -28000000.0,
        "Interest Expense": 28000000.0,
        "Normalized Income": 1217000000.0,
        "Net Income From Continuing And Discontinued Operation": 1217000000.0,
        "Total Expenses": -1034000000.0,
        "Diluted Average Shares": 84754611.0,
        "Basic Average Shares": 82595287.0,
        "Diluted EPS": 14.21,
        "Basic EPS": 14.58,
        "Diluted NI Availto Com Stockholders": 1204000000.0,
        "Net Income Common Stockholders": 1204000000.0,
        "Preferred Stock Dividends": 13000000.0,
        "Net Income": 1217000000.0,
        "Minority Interests": -3000000.0,
        "Net Income Including Noncontrolling Interests": 1220000000.0,
        "Net Income Continuous Operations": 1220000000.0,
        "Tax Provision": 245000000.0,
        "Pretax Income": 1465000000.0,
        "Other Income Expense": 19000000.0,
        "Net Non Operating Interest Income Expense": -28000000.0,
        "Interest Expense Non Operating": 28000000.0,
        "Other Operating Expenses": 90000000.0,
        "Selling General And Administration": 238000000.0,
        "General And Administrative Expense": 238000000.0,
        "Other Gand A": 238000000.0,
        "Total Revenue": 431000000.0,
        "Operating Revenue": 431000000.0,
        "Loss Adjustment Expense": -2319000000.0,
        "Net Policyholder Benefits And Claims": -2319000000.0,
        "Policyholder Benefits Gross": -2319000000.0
    },
    "2023-09-30": {
        "Tax Effect Of Unusual Items": NaN,
        "Tax Rate For Calcs": NaN,
        "Net Income From Continuing Operation Net Minority Interest": NaN,
        "EBIT": NaN,
        "Net Interest Income": NaN,
        "Interest Expense": NaN,
        "Normalized Income": NaN,
        "Net Income From Continuing And Discontinued Operation": NaN,
        "Total Expenses": NaN,
        "Diluted Average Shares": 82821818.0,
        "Basic Average Shares": 82061813.0,
        "Diluted EPS": 33.35,
        "Basic EPS": 33.66,
        "Diluted NI Availto Com Stockholders": NaN,
        "Net Income Common Stockholders": NaN,
        "Preferred Stock Dividends": NaN,
        "Net Income": NaN,
        "Minority Interests": NaN,
        "Net Income Including Noncontrolling Interests": NaN,
        "Net Income Continuous Operations": NaN,
        "Tax Provision": NaN,
        "Pretax Income": NaN,
        "Other Income Expense": NaN,
        "Net Non Operating Interest Income Expense": NaN,
        "Interest Expense Non Operating": NaN,
        "Other Operating Expenses": NaN,
        "Selling General And Administration": NaN,
        "General And Administrative Expense": NaN,
        "Other Gand A": NaN,
        "Total Revenue": NaN,
        "Operating Revenue": NaN,
        "Loss Adjustment Expense": NaN,
        "Net Policyholder Benefits And Claims": NaN,
        "Policyholder Benefits Gross": NaN
    },
    "2023-12-31": {
        "Tax Effect Of Unusual Items": 0.0,
        "Tax Rate For Calcs": 0.202046,
        "Net Income From Continuing Operation Net Minority Interest": -1559000000.0,
        "EBIT": -1920000000.0,
        "Net Interest Income": -35000000.0,
        "Interest Expense": 35000000.0,
        "Normalized Income": -1559000000.0,
        "Net Income From Continuing And Discontinued Operation": -1559000000.0,
        "Total Expenses": 2860000000.0,
        "Diluted Average Shares": 80716770.0,
        "Basic Average Shares": 79938900.0,
        "Diluted EPS": -19.64,
        "Basic EPS": -19.64,
        "Diluted NI Availto Com Stockholders": -1570000000.0,
        "Net Income Common Stockholders": -1570000000.0,
        "Preferred Stock Dividends": 11000000.0,
        "Net Income": -1559000000.0,
        "Minority Interests": 1000000.0,
        "Net Income Including Noncontrolling Interests": -1560000000.0,
        "Net Income Continuous Operations": -1560000000.0,
        "Tax Provision": -395000000.0,
        "Pretax Income": -1955000000.0,
        "Other Income Expense": 15000000.0,
        "Net Non Operating Interest Income Expense": -35000000.0,
        "Interest Expense Non Operating": 35000000.0,
        "Other Operating Expenses": 93000000.0,
        "Selling General And Administration": 301000000.0,
        "General And Administrative Expense": 301000000.0,
        "Other Gand A": 301000000.0,
        "Total Revenue": 905000000.0,
        "Operating Revenue": 905000000.0,
        "Loss Adjustment Expense": 1566000000.0,
        "Net Policyholder Benefits And Claims": 1566000000.0,
        "Policyholder Benefits Gross": 2397000000.0
    },
    "2024-03-31": {
        "Tax Effect Of Unusual Items": 0.0,
        "Tax Rate For Calcs": 0.11,
        "Net Income From Continuing Operation Net Minority Interest": 795000000.0,
        "EBIT": 928000000.0,
        "Net Interest Income": -25000000.0,
        "Interest Expense": 25000000.0,
        "Normalized Income": 795000000.0,
        "Net Income From Continuing And Discontinued Operation": 795000000.0,
        "Total Expenses": -1262000000.0,
        "Diluted Average Shares": 78867103.0,
        "Basic Average Shares": 78059817.0,
        "Diluted EPS": 9.94,
        "Basic EPS": 10.04,
        "Diluted NI Availto Com Stockholders": 784000000.0,
        "Net Income Common Stockholders": 784000000.0,
        "Preferred Stock Dividends": 11000000.0,
        "Net Income": 795000000.0,
        "Minority Interests": -7000000.0,
        "Net Income Including Noncontrolling Interests": 802000000.0,
        "Net Income Continuous Operations": 802000000.0,
        "Tax Provision": 101000000.0,
        "Pretax Income": 903000000.0,
        "Other Income Expense": 1000000.0,
        "Net Non Operating Interest Income Expense": -25000000.0,
        "Interest Expense Non Operating": 25000000.0,
        "Other Operating Expenses": 84000000.0,
        "Selling General And Administration": 271000000.0,
        "General And Administrative Expense": 271000000.0,
        "Other Gand A": 271000000.0,
        "Total Revenue": -359000000.0,
        "Operating Revenue": -359000000.0,
        "Loss Adjustment Expense": -2486000000.0,
        "Net Policyholder Benefits And Claims": -2486000000.0,
        "Policyholder Benefits Gross": -2486000000.0
    },
    "2024-06-30": {
        "Tax Effect Of Unusual Items": 0.0,
        "Tax Rate For Calcs": 0.114,
        "Net Income From Continuing Operation Net Minority Interest": 275000000.0,
        "EBIT": 344000000.0,
        "Net Interest Income": -26000000.0,
        "Interest Expense": 26000000.0,
        "Normalized Income": 275000000.0,
        "Net Income From Continuing And Discontinued Operation": 275000000.0,
        "Total Expenses": 882000000.0,
        "Diluted Average Shares": 77078930.0,
        "Basic Average Shares": 76521739.0,
        "Diluted EPS": 3.43,
        "Basic EPS": 3.45,
        "Diluted NI Availto Com Stockholders": 264000000.0,
        "Net Income Common Stockholders": 264000000.0,
        "Preferred Stock Dividends": 11000000.0,
        "Net Income": 275000000.0,
        "Minority Interests": -7000000.0,
        "Net Income Including Noncontrolling Interests": 282000000.0,
        "Net Income Continuous Operations": 282000000.0,
        "Tax Provision": 36000000.0,
        "Pretax Income": 318000000.0,
        "Other Income Expense": 10000000.0,
        "Net Non Operating Interest Income Expense": -26000000.0,
        "Interest Expense Non Operating": 26000000.0,
        "Other Operating Expenses": 80000000.0,
        "Selling General And Administration": 258000000.0,
        "General And Administrative Expense": 258000000.0,
        "Other Gand A": 258000000.0,
        "Total Revenue": 1200000000.0,
        "Operating Revenue": 1200000000.0,
        "Loss Adjustment Expense": -325000000.0,
        "Net Policyholder Benefits And Claims": -325000000.0,
        "Policyholder Benefits Gross": -325000000.0
    },
    "2024-09-30": {
        "Tax Effect Of Unusual Items": 0.0,
        "Tax Rate For Calcs": 0.193,
        "Net Income From Continuing Operation Net Minority Interest": -469000000.0,
        "EBIT": -554000000.0,
        "Net Interest Income": -25000000.0,
        "Interest Expense": 25000000.0,
        "Normalized Income": -469000000.0,
        "Net Income From Continuing And Discontinued Operation": -469000000.0,
        "Total Expenses": 2672000000.0,
        "Diluted Average Shares": 75374073.0,
        "Basic Average Shares": 75374073.0,
        "Diluted EPS": -6.37,
        "Basic EPS": -6.37,
        "Diluted NI Availto Com Stockholders": -480000000.0,
        "Net Income Common Stockholders": -480000000.0,
        "Preferred Stock Dividends": 11000000.0,
        "Net Income": -469000000.0,
        "Minority Interests": -3000000.0,
        "Net Income Including Noncontrolling Interests": -466000000.0,
        "Net Income Continuous Operations": -466000000.0,
        "Tax Provision": -113000000.0,
        "Pretax Income": -579000000.0,
        "Other Income Expense": 14000000.0,
        "Net Non Operating Interest Income Expense": -25000000.0,
        "Interest Expense Non Operating": 25000000.0,
        "Other Operating Expenses": 74000000.0,
        "Selling General And Administration": 310000000.0,
        "General And Administrative Expense": 310000000.0,
        "Other Gand A": 310000000.0,
        "Total Revenue": 2093000000.0,
        "Operating Revenue": 2093000000.0,
        "Loss Adjustment Expense": 1381000000.0,
        "Net Policyholder Benefits And Claims": 1381000000.0,
        "Policyholder Benefits Gross": 1381000000.0
    },
    "2024-12-31": {
        "Tax Effect Of Unusual Items": 0.0,
        "Tax Rate For Calcs": 0.057895,
        "Net Income From Continuing Operation Net Minority Interest": 345000000.0,
        "EBIT": 405000000.0,
        "Net Interest Income": -25000000.0,
        "Interest Expense": 25000000.0,
        "Normalized Income": 345000000.0,
        "Net Income From Continuing And Discontinued Operation": 345000000.0,
        "Total Expenses": -222000000.0,
        "Diluted Average Shares": 75128975.0,
        "Basic Average Shares": 74222222.0,
        "Diluted EPS": 4.45,
        "Basic EPS": 4.5,
        "Diluted NI Availto Com Stockholders": 334000000.0,
        "Net Income Common Stockholders": 334000000.0,
        "Preferred Stock Dividends": 11000000.0,
        "Net Income": 345000000.0,
        "Minority Interests": -13000000.0,
        "Net Income Including Noncontrolling Interests": 358000000.0,
        "Net Income Continuous Operations": 358000000.0,
        "Tax Provision": 22000000.0,
        "Pretax Income": 380000000.0,
        "Other Income Expense": 19000000.0,
        "Net Non Operating Interest Income Expense": -25000000.0,
        "Interest Expense Non Operating": 25000000.0,
        "Other Operating Expenses": 72000000.0,
        "Selling General And Administration": 281000000.0,
        "General And Administrative Expense": 281000000.0,
        "Other Gand A": 281000000.0,
        "Total Revenue": 158000000.0,
        "Operating Revenue": 158000000.0,
        "Loss Adjustment Expense": -1465000000.0,
        "Net Policyholder Benefits And Claims": -1465000000.0,
        "Policyholder Benefits Gross": -694000000.0
    },
    "2025-03-31": {
        "Tax Effect Of Unusual Items": 0.0,
        "Tax Rate For Calcs": 0.21,
        "Net Income From Continuing Operation Net Minority Interest": -24000000.0,
        "EBIT": 8000000.0,
        "Net Interest Income": -25000000.0,
        "Interest Expense": 25000000.0,
        "Normalized Income": -24000000.0,
        "Net Income From Continuing And Discontinued Operation": -24000000.0,
        "Total Expenses": 3740000000.0,
        "Diluted Average Shares": 73717082.0,
        "Basic Average Shares": 72916667.0,
        "Diluted EPS": -0.48,
        "Basic EPS": -0.48,
        "Diluted NI Availto Com Stockholders": -35000000.0,
        "Net Income Common Stockholders": -35000000.0,
        "Preferred Stock Dividends": 11000000.0,
        "Net Income": -24000000.0,
        "Minority Interests": -6000000.0,
        "Net Income Including Noncontrolling Interests": -18000000.0,
        "Net Income Continuous Operations": -18000000.0,
        "Tax Provision": 1000000.0,
        "Pretax Income": -17000000.0,
        "Other Income Expense": 14000000.0,
        "Net Non Operating Interest Income Expense": -25000000.0,
        "Interest Expense Non Operating": 25000000.0,
        "Other Operating Expenses": 89000000.0,
        "Selling General And Administration": 259000000.0,
        "General And Administrative Expense": 259000000.0,
        "Other Gand A": 259000000.0,
        "Total Revenue": 3723000000.0,
        "Operating Revenue": 3723000000.0,
        "Loss Adjustment Expense": 2502000000.0,
        "Net Policyholder Benefits And Claims": 2502000000.0,
        "Policyholder Benefits Gross": 2502000000.0
    },
    "2025-06-30": {
        "Tax Effect Of Unusual Items": 0.0,
        "Tax Rate For Calcs": 0.018,
        "Net Income From Continuing Operation Net Minority Interest": 179000000.0,
        "EBIT": 214000000.0,
        "Net Interest Income": -25000000.0,
        "Interest Expense": 25000000.0,
        "Normalized Income": 179000000.0,
        "Net Income From Continuing And Discontinued Operation": 179000000.0,
        "Total Expenses": -672000000.0,
        "Diluted Average Shares": 71938152.0,
        "Basic Average Shares": 71825321.0,
        "Diluted EPS": 2.34,
        "Basic EPS": 2.34,
        "Diluted NI Availto Com Stockholders": 168000000.0,
        "Net Income Common Stockholders": 168000000.0,
        "Preferred Stock Dividends": 11000000.0,
        "Net Income": 179000000.0,
        "Minority Interests": -6000000.0,
        "Net Income Including Noncontrolling Interests": 185000000.0,
        "Net Income Continuous Operations": 185000000.0,
        "Tax Provision": 4000000.0,
        "Pretax Income": 189000000.0,
        "Other Income Expense": 16000000.0,
        "Net Non Operating Interest Income Expense": -25000000.0,
        "Interest Expense Non Operating": 25000000.0,
        "Other Operating Expenses": 86000000.0,
        "Selling General And Administration": 274000000.0,
        "General And Administrative Expense": 274000000.0,
        "Other Gand A": 274000000.0,
        "Total Revenue": -483000000.0,
        "Operating Revenue": -483000000.0,
        "Loss Adjustment Expense": -1935000000.0,
        "Net Policyholder Benefits And Claims": -1935000000.0,
        "Policyholder Benefits Gross": -1935000000.0
    }
}