{
    "2023-03-31": {
        "Tax Effect Of Unusual Items": -17397.951026,
        "Tax Rate For Calcs": 0.265743,
        "Normalized EBITDA": 1692884.0,
        "Total Unusual Items": -65469.0,
        "Total Unusual Items Excluding Goodwill": -65469.0,
        "Net Income From Continuing Operation Net Minority Interest": 2326164.0,
        "Reconciled Depreciation": 2215055.0,
        "Reconciled Cost Of Revenue": 2474685.0,
        "EBITDA": 1627415.0,
        "EBIT": -587640.0,
        "Normalized Income": 2374235.048974,
        "Net Income From Continuing And Discontinued Operation": 2326164.0,
        "Total Expenses": 28888460.0,
        "Total Operating Income As Reported": -653109.0,
        "Diluted Average Shares": 14861734.0,
        "Basic Average Shares": 14566185.0,
        "Diluted EPS": 0.16,
        "Basic EPS": 0.16,
        "Diluted NI Availto Com Stockholders": 2326164.0,
        "Net Income Common Stockholders": 2326164.0,
        "Net Income": 2326164.0,
        "Net Income Including Noncontrolling Interests": 2326164.0,
        "Net Income Continuous Operations": 2326164.0,
        "Tax Provision": 841889.0,
        "Pretax Income": 3168053.0,
        "Other Income Expense": 3755693.0,
        "Other Non Operating Income Expenses": 3821162.0,
        "Special Income Charges": -65469.0,
        "Gain On Sale Of Ppe": -65469.0,
        "Operating Income": -587640.0,
        "Operating Expense": 26413775.0,
        "Depreciation Amortization Depletion Income Statement": 2215055.0,
        "Depreciation And Amortization In Income Statement": 2215055.0,
        "Selling General And Administration": 24198720.0,
        "Selling And Marketing Expense": 4160244.0,
        "General And Administrative Expense": 20038476.0,
        "Other Gand A": 20038476.0,
        "Gross Profit": 25826135.0,
        "Cost Of Revenue": 2474685.0,
        "Total Revenue": 28300820.0,
        "Operating Revenue": 27910816.0
    },
    "2022-12-31": {
        "Tax Effect Of Unusual Items": NaN,
        "Tax Rate For Calcs": NaN,
        "Normalized EBITDA": NaN,
        "Total Unusual Items": NaN,
        "Total Unusual Items Excluding Goodwill": NaN,
        "Net Income From Continuing Operation Net Minority Interest": NaN,
        "Reconciled Depreciation": NaN,
        "Reconciled Cost Of Revenue": NaN,
        "EBITDA": NaN,
        "EBIT": NaN,
        "Normalized Income": NaN,
        "Net Income From Continuing And Discontinued Operation": NaN,
        "Total Expenses": NaN,
        "Total Operating Income As Reported": NaN,
        "Diluted Average Shares": 14817591.0,
        "Basic Average Shares": 14529829.0,
        "Diluted EPS": 0.04,
        "Basic EPS": 0.04,
        "Diluted NI Availto Com Stockholders": NaN,
        "Net Income Common Stockholders": NaN,
        "Net Income": NaN,
        "Net Income Including Noncontrolling Interests": NaN,
        "Net Income Continuous Operations": NaN,
        "Tax Provision": NaN,
        "Pretax Income": NaN,
        "Other Income Expense": NaN,
        "Other Non Operating Income Expenses": NaN,
        "Special Income Charges": NaN,
        "Gain On Sale Of Ppe": NaN,
        "Operating Income": NaN,
        "Operating Expense": NaN,
        "Depreciation Amortization Depletion Income Statement": NaN,
        "Depreciation And Amortization In Income Statement": NaN,
        "Selling General And Administration": NaN,
        "Selling And Marketing Expense": NaN,
        "General And Administrative Expense": NaN,
        "Other Gand A": NaN,
        "Gross Profit": NaN,
        "Cost Of Revenue": NaN,
        "Total Revenue": NaN,
        "Operating Revenue": NaN
    },
    "2022-09-30": {
        "Tax Effect Of Unusual Items": -105756.4,
        "Tax Rate For Calcs": 0.4,
        "Normalized EBITDA": 3041022.0,
        "Total Unusual Items": -264391.0,
        "Total Unusual Items Excluding Goodwill": -264391.0,
        "Net Income From Continuing Operation Net Minority Interest": 491113.0,
        "Reconciled Depreciation": 2011767.0,
        "Reconciled Cost Of Revenue": 2490277.0,
        "EBITDA": 2776631.0,
        "EBIT": 764863.0,
        "Normalized Income": 649747.6,
        "Net Income From Continuing And Discontinued Operation": 491113.0,
        "Total Expenses": 25838137.0,
        "Total Operating Income As Reported": 500472.0,
        "Diluted Average Shares": 14829629.0,
        "Basic Average Shares": 14512856.0,
        "Diluted EPS": 0.03,
        "Basic EPS": 0.03,
        "Diluted NI Availto Com Stockholders": 491113.0,
        "Net Income Common Stockholders": 491113.0,
        "Net Income": 491113.0,
        "Net Income Including Noncontrolling Interests": 491113.0,
        "Net Income Continuous Operations": 491113.0,
        "Tax Provision": -15876.0,
        "Pretax Income": 475237.0,
        "Other Income Expense": -289626.0,
        "Other Non Operating Income Expenses": -25235.0,
        "Special Income Charges": -264391.0,
        "Gain On Sale Of Ppe": -264391.0,
        "Operating Income": 764863.0,
        "Operating Expense": 23347861.0,
        "Depreciation Amortization Depletion Income Statement": 2011768.0,
        "Depreciation And Amortization In Income Statement": 2011768.0,
        "Selling General And Administration": 21336093.0,
        "Selling And Marketing Expense": 3539287.0,
        "General And Administrative Expense": 17796806.0,
        "Other Gand A": 17796806.0,
        "Gross Profit": 24112724.0,
        "Cost Of Revenue": 2490276.0,
        "Total Revenue": 26603000.0,
        "Operating Revenue": 26227686.0
    },
    "2022-06-30": {
        "Tax Effect Of Unusual Items": -21369.134885,
        "Tax Rate For Calcs": 0.240524,
        "Normalized EBITDA": 2351371.0,
        "Total Unusual Items": -88844.0,
        "Total Unusual Items Excluding Goodwill": -88844.0,
        "Net Income From Continuing Operation Net Minority Interest": 344742.0,
        "Reconciled Depreciation": 1700476.0,
        "Reconciled Cost Of Revenue": 2427045.0,
        "EBITDA": 2262527.0,
        "EBIT": 562051.0,
        "Normalized Income": 412216.865115,
        "Net Income From Continuing And Discontinued Operation": 344742.0,
        "Total Expenses": 24495267.0,
        "Total Operating Income As Reported": 473207.0,
        "Diluted Average Shares": 14842816.0,
        "Basic Average Shares": 14475825.0,
        "Diluted EPS": 0.02,
        "Basic EPS": 0.02,
        "Diluted NI Availto Com Stockholders": 344742.0,
        "Net Income Common Stockholders": 344742.0,
        "Net Income": 344742.0,
        "Net Income Including Noncontrolling Interests": 344742.0,
        "Net Income Continuous Operations": 344742.0,
        "Tax Provision": 109179.0,
        "Pretax Income": 453921.0,
        "Other Income Expense": -108130.0,
        "Other Non Operating Income Expenses": -19286.0,
        "Special Income Charges": -88844.0,
        "Gain On Sale Of Ppe": -88844.0,
        "Operating Income": 562051.0,
        "Operating Expense": 22068222.0,
        "Depreciation Amortization Depletion Income Statement": 1700476.0,
        "Depreciation And Amortization In Income Statement": 1700476.0,
        "Selling General And Administration": 20367746.0,
        "Selling And Marketing Expense": 3839724.0,
        "General And Administrative Expense": 16528022.0,
        "Other Gand A": 16528022.0,
        "Gross Profit": 22630273.0,
        "Cost Of Revenue": 2427045.0,
        "Total Revenue": 25057318.0,
        "Operating Revenue": 24686763.0
    },
    "2022-03-31": {
        "Diluted EPS": -0.01,
        "Total Revenue": 22,
        "Gross Profit": 20,
        "Operating Income": 0,
        "EBIT": 1,
        "Net Income": 0
    },
    "2021-12-31": {
        "Diluted EPS": -0.03,
        "Total Revenue": 22,
        "Gross Profit": 20,
        "Operating Income": 0,
        "EBIT": 2,
        "Net Income": 0
    },
    "2021-09-30": {
        "Diluted EPS": 0.13,
        "Total Revenue": 21,
        "Gross Profit": 19,
        "Operating Income": 1,
        "EBIT": 3,
        "Net Income": 2
    },
    "2021-06-30": {
        "Diluted EPS": 0.18,
        "Total Revenue": 20,
        "Gross Profit": 18,
        "Operating Income": 2,
        "EBIT": 3,
        "Net Income": 3
    },
    "2021-03-31": {
        "Diluted EPS": 0.16,
        "Total Revenue": 18,
        "Gross Profit": 16,
        "Operating Income": 2,
        "EBIT": 3,
        "Net Income": 2
    },
    "2020-12-31": {
        "Diluted EPS": 0.72,
        "Total Revenue": 17,
        "Gross Profit": 15,
        "Operating Income": 3,
        "EBIT": 3,
        "Net Income": 11
    },
    "2020-09-30": {
        "Diluted EPS": 0.11,
        "Total Revenue": 15,
        "Gross Profit": 14,
        "Operating Income": 2,
        "EBIT": 2,
        "Net Income": 2
    },
    "2020-06-30": {
        "Diluted EPS": 0.01,
        "Total Revenue": 13,
        "Gross Profit": 11,
        "Operating Income": 0,
        "EBIT": 1,
        "Net Income": 0
    },
    "2020-03-31": {
        "Diluted EPS": 0.06,
        "Total Revenue": 14,
        "Gross Profit": 12,
        "Operating Income": 1,
        "EBIT": 1,
        "Net Income": 1
    },
    "2019-12-31": {
        "Diluted EPS": 0.09,
        "Total Revenue": 14,
        "Gross Profit": 12,
        "Operating Income": 1,
        "EBIT": 2,
        "Net Income": 1
    },
    "2019-09-30": {
        "Diluted EPS": 0.04,
        "Total Revenue": 13,
        "Gross Profit": 11,
        "Operating Income": 1,
        "EBIT": 1,
        "Net Income": 1
    },
    "2019-06-30": {
        "Diluted EPS": 0.03,
        "Total Revenue": 11,
        "Gross Profit": 10,
        "Operating Income": 0,
        "EBIT": 1,
        "Net Income": 0
    },
    "2019-03-31": {
        "Diluted EPS": 0.07,
        "Total Revenue": 11,
        "Gross Profit": 9,
        "Operating Income": 1,
        "EBIT": 1,
        "Net Income": 1
    },
    "2018-12-31": {
        "Diluted EPS": 0.03,
        "Total Revenue": 10,
        "Gross Profit": 9,
        "Operating Income": 1,
        "EBIT": 1,
        "Net Income": 0
    },
    "2018-09-30": {
        "Diluted EPS": -0.02,
        "Total Revenue": 9,
        "Gross Profit": 8,
        "Operating Income": 0,
        "EBIT": 0,
        "Net Income": 0
    },
    "2018-06-30": {
        "Diluted EPS": -0.0,
        "Total Revenue": 9,
        "Gross Profit": 8,
        "Operating Income": 0,
        "EBIT": 0,
        "Net Income": 0
    },
    "2018-03-31": {
        "Diluted EPS": 0.0,
        "Total Revenue": 9,
        "Gross Profit": 8,
        "Operating Income": 0,
        "EBIT": 0,
        "Net Income": 0
    },
    "2017-12-31": {
        "Diluted EPS": -0.01,
        "Total Revenue": 7,
        "Gross Profit": 6,
        "Operating Income": 0,
        "EBIT": 0,
        "Net Income": 0
    },
    "2017-09-30": {
        "Diluted EPS": -0.03,
        "Total Revenue": 7,
        "Gross Profit": 6,
        "Operating Income": 0,
        "EBIT": 0,
        "Net Income": 0
    },
    "2017-06-30": {
        "Diluted EPS": -0.08,
        "Total Revenue": 6,
        "Gross Profit": 5,
        "Operating Income": -1,
        "EBIT": 0,
        "Net Income": -1
    },
    "2017-03-31": {
        "Diluted EPS": -0.14,
        "Total Revenue": 6,
        "Gross Profit": 5,
        "Operating Income": -2,
        "EBIT": -1,
        "Net Income": -2
    },
    "2016-12-31": {
        "Diluted EPS": -0.45,
        "Total Revenue": 6,
        "Gross Profit": 5,
        "Operating Income": -6,
        "EBIT": -5,
        "Net Income": -6
    },
    "2016-09-30": {
        "Diluted EPS": -0.21,
        "Total Revenue": 6,
        "Gross Profit": 5,
        "Operating Income": -3,
        "EBIT": -2,
        "Net Income": -3
    },
    "2016-06-30": {
        "Diluted EPS": -0.26,
        "Total Revenue": 5,
        "Gross Profit": 4,
        "Operating Income": -3,
        "EBIT": -3,
        "Net Income": -3
    },
    "2016-03-31": {
        "Diluted EPS": -0.28,
        "Total Revenue": 4,
        "Gross Profit": 4,
        "Operating Income": -3,
        "EBIT": -3,
        "Net Income": -4
    },
    "2015-12-31": {
        "Diluted EPS": -0.32,
        "Total Revenue": 4,
        "Gross Profit": 3,
        "Operating Income": -4,
        "EBIT": -3,
        "Net Income": -3
    },
    "2015-09-30": {
        "Diluted EPS": -0.17,
        "Total Revenue": 4,
        "Gross Profit": 3,
        "Operating Income": -2,
        "EBIT": -2,
        "Net Income": -2
    },
    "2015-06-30": {
        "Diluted EPS": -0.19,
        "Total Revenue": 3,
        "Gross Profit": 3,
        "Operating Income": -2,
        "EBIT": -2,
        "Net Income": -2
    },
    "2015-03-31": {
        "Diluted EPS": -0.2,
        "Total Revenue": 3,
        "Gross Profit": 2,
        "Operating Income": -2,
        "EBIT": -2,
        "Net Income": -2
    },
    "2014-12-31": {
        "Diluted EPS": -0.46,
        "Total Revenue": 2,
        "Gross Profit": 1,
        "Operating Income": -1,
        "EBIT": -1,
        "Net Income": -3
    },
    "2014-09-30": {
        "Diluted EPS": -0.04,
        "Total Revenue": 2,
        "Gross Profit": 1,
        "Operating Income": 0,
        "EBIT": 0,
        "Net Income": 0
    },
    "2014-06-30": {
        "Diluted EPS": -0.03,
        "Total Revenue": 2,
        "Gross Profit": 1,
        "Operating Income": 0,
        "EBIT": 0,
        "Net Income": 0
    },
    "2014-03-31": {
        "Diluted EPS": -0.03,
        "Total Revenue": 2,
        "Gross Profit": 1,
        "Operating Income": 0,
        "EBIT": 0,
        "Net Income": 0
    },
    "2013-12-31": {
        "Diluted EPS": 0.0,
        "Total Revenue": NaN,
        "Gross Profit": NaN,
        "Operating Income": NaN,
        "EBIT": NaN,
        "Net Income": NaN
    },
    "2013-09-30": {
        "Diluted EPS": 0.01,
        "Total Revenue": 1,
        "Gross Profit": 1,
        "Operating Income": 0,
        "EBIT": 0,
        "Net Income": 0
    },
    "2012-12-31": {
        "Diluted EPS": 0.0,
        "Total Revenue": NaN,
        "Gross Profit": NaN,
        "Operating Income": NaN,
        "EBIT": NaN,
        "Net Income": NaN
    },
    "2023-06-30": {
        "Tax Effect Of Unusual Items": -48183.110758,
        "Tax Rate For Calcs": 0.333805,
        "Normalized EBITDA": 2243403.0,
        "Total Unusual Items": -144345.0,
        "Total Unusual Items Excluding Goodwill": -144345.0,
        "Net Income From Continuing Operation Net Minority Interest": -320489.0,
        "Reconciled Depreciation": 2329267.0,
        "Reconciled Cost Of Revenue": 2595512.0,
        "EBITDA": 2099058.0,
        "EBIT": -230209.0,
        "Normalized Income": -224327.110758,
        "Net Income From Continuing And Discontinued Operation": -320489.0,
        "Total Expenses": 29537393.0,
        "Total Operating Income As Reported": -374554.0,
        "Diluted Average Shares": 14952363.0,
        "Basic Average Shares": 14684035.0,
        "Diluted EPS": -0.01,
        "Basic EPS": -0.01,
        "Diluted NI Availto Com Stockholders": -320489.0,
        "Net Income Common Stockholders": -320489.0,
        "Net Income": -320489.0,
        "Net Income Including Noncontrolling Interests": -320489.0,
        "Net Income Continuous Operations": -320489.0,
        "Tax Provision": -160585.0,
        "Pretax Income": -481074.0,
        "Other Income Expense": -250865.0,
        "Other Non Operating Income Expenses": -106520.0,
        "Special Income Charges": -144345.0,
        "Gain On Sale Of Ppe": -144345.0,
        "Operating Income": -230209.0,
        "Operating Expense": 26941881.0,
        "Depreciation Amortization Depletion Income Statement": 2329267.0,
        "Depreciation And Amortization In Income Statement": 2329267.0,
        "Selling General And Administration": 24612614.0,
        "Selling And Marketing Expense": 4707818.0,
        "General And Administrative Expense": 19904796.0,
        "Other Gand A": 19904796.0,
        "Gross Profit": 26711672.0,
        "Cost Of Revenue": 2595512.0,
        "Total Revenue": 29307184.0,
        "Operating Revenue": 28922227.0
    },
    "2023-09-30": {
        "Tax Effect Of Unusual Items": NaN,
        "Tax Rate For Calcs": NaN,
        "Normalized EBITDA": NaN,
        "Total Unusual Items": NaN,
        "Total Unusual Items Excluding Goodwill": NaN,
        "Net Income From Continuing Operation Net Minority Interest": NaN,
        "Reconciled Depreciation": NaN,
        "Reconciled Cost Of Revenue": NaN,
        "EBITDA": NaN,
        "EBIT": NaN,
        "Normalized Income": NaN,
        "Net Income From Continuing And Discontinued Operation": NaN,
        "Total Expenses": NaN,
        "Total Operating Income As Reported": NaN,
        "Diluted Average Shares": 15015953.0,
        "Basic Average Shares": 14790663.0,
        "Diluted EPS": -0.05,
        "Basic EPS": -0.05,
        "Diluted NI Availto Com Stockholders": NaN,
        "Net Income Common Stockholders": NaN,
        "Net Income": NaN,
        "Net Income Including Noncontrolling Interests": NaN,
        "Net Income Continuous Operations": NaN,
        "Tax Provision": NaN,
        "Pretax Income": NaN,
        "Other Income Expense": NaN,
        "Other Non Operating Income Expenses": NaN,
        "Special Income Charges": NaN,
        "Gain On Sale Of Ppe": NaN,
        "Operating Income": NaN,
        "Operating Expense": NaN,
        "Depreciation Amortization Depletion Income Statement": NaN,
        "Depreciation And Amortization In Income Statement": NaN,
        "Selling General And Administration": NaN,
        "Selling And Marketing Expense": NaN,
        "General And Administrative Expense": NaN,
        "Other Gand A": NaN,
        "Gross Profit": NaN,
        "Cost Of Revenue": NaN,
        "Total Revenue": NaN,
        "Operating Revenue": NaN
    },
    "2023-12-31": {
        "Tax Effect Of Unusual Items": -318751.86,
        "Tax Rate For Calcs": 0.21,
        "Normalized EBITDA": 4577030.0,
        "Total Unusual Items": -1517866.0,
        "Total Unusual Items Excluding Goodwill": -1517866.0,
        "Net Income From Continuing Operation Net Minority Interest": -11041599.0,
        "Reconciled Depreciation": 1688674.0,
        "Reconciled Cost Of Revenue": 2872262.0,
        "EBITDA": 3059164.0,
        "EBIT": 1370490.0,
        "Normalized Income": -9842484.86,
        "Net Income From Continuing And Discontinued Operation": -11041599.0,
        "Total Expenses": 29243913.0,
        "Total Operating Income As Reported": -147376.0,
        "Diluted Average Shares": 14933539.0,
        "Basic Average Shares": 14753079.0,
        "Diluted EPS": -0.75,
        "Basic EPS": -0.75,
        "Diluted NI Availto Com Stockholders": -11041599.0,
        "Net Income Common Stockholders": -11041599.0,
        "Net Income": -11041599.0,
        "Net Income Including Noncontrolling Interests": -11041599.0,
        "Net Income Continuous Operations": -11041599.0,
        "Tax Provision": 10897667.0,
        "Pretax Income": -143932.0,
        "Other Income Expense": -1514422.0,
        "Other Non Operating Income Expenses": 3444.0,
        "Special Income Charges": -1517866.0,
        "Gain On Sale Of Ppe": -1517866.0,
        "Operating Income": 1370490.0,
        "Operating Expense": 26371651.0,
        "Depreciation Amortization Depletion Income Statement": 1688674.0,
        "Depreciation And Amortization In Income Statement": 1688674.0,
        "Selling General And Administration": 24682977.0,
        "Selling And Marketing Expense": 3372911.0,
        "General And Administrative Expense": 21310066.0,
        "Other Gand A": 21310066.0,
        "Gross Profit": 27742141.0,
        "Cost Of Revenue": 2872262.0,
        "Total Revenue": 30614403.0,
        "Operating Revenue": 30205361.0
    },
    "2024-03-31": {
        "Tax Effect Of Unusual Items": -57.75,
        "Tax Rate For Calcs": 0.21,
        "Normalized EBITDA": 977860.0,
        "Total Unusual Items": -275.0,
        "Total Unusual Items Excluding Goodwill": -275.0,
        "Net Income From Continuing Operation Net Minority Interest": -398919.0,
        "Reconciled Depreciation": 1403906.0,
        "Reconciled Cost Of Revenue": 1630240.0,
        "EBITDA": 977585.0,
        "EBIT": -426321.0,
        "Normalized Income": -398701.75,
        "Net Income From Continuing And Discontinued Operation": 946979.0,
        "Total Expenses": 12611037.0,
        "Total Operating Income As Reported": -426596.0,
        "Diluted Average Shares": 15011286.0,
        "Basic Average Shares": 14801354.0,
        "Diluted EPS": 0.06,
        "Basic EPS": 0.06,
        "Diluted NI Availto Com Stockholders": 946979.0,
        "Net Income Common Stockholders": 946979.0,
        "Net Income": 946979.0,
        "Net Income Including Noncontrolling Interests": 946979.0,
        "Net Income Discontinuous Operations": 1345898.0,
        "Net Income Continuous Operations": -398919.0,
        "Tax Provision": 8582.0,
        "Pretax Income": -390337.0,
        "Other Income Expense": 35984.0,
        "Other Non Operating Income Expenses": 36259.0,
        "Special Income Charges": -275.0,
        "Gain On Sale Of Ppe": -275.0,
        "Operating Income": -426321.0,
        "Operating Expense": 9906525.0,
        "Depreciation Amortization Depletion Income Statement": 329634.0,
        "Depreciation And Amortization In Income Statement": 329634.0,
        "Selling General And Administration": 9576891.0,
        "Selling And Marketing Expense": 2237583.0,
        "General And Administrative Expense": 7339308.0,
        "Other Gand A": 7339308.0,
        "Gross Profit": 9480204.0,
        "Cost Of Revenue": 2704512.0,
        "Total Revenue": 12184716.0,
        "Operating Revenue": 11796669.0
    },
    "2024-06-30": {
        "Tax Effect Of Unusual Items": -301417.2,
        "Tax Rate For Calcs": 0.21,
        "Normalized EBITDA": 896467.0,
        "Total Unusual Items": -1435320.0,
        "Total Unusual Items Excluding Goodwill": -1435320.0,
        "Net Income From Continuing Operation Net Minority Interest": -3596398.0,
        "Reconciled Depreciation": 1523812.0,
        "Reconciled Cost Of Revenue": 2826673.0,
        "EBITDA": -538853.0,
        "EBIT": -2062666.0,
        "Normalized Income": -2462495.2,
        "Net Income From Continuing And Discontinued Operation": -3596398.0,
        "Total Expenses": 32323227.0,
        "Total Operating Income As Reported": -3497986.0,
        "Diluted Average Shares": 15206238.0,
        "Basic Average Shares": 14950082.0,
        "Diluted EPS": -0.24,
        "Basic EPS": -0.24,
        "Diluted NI Availto Com Stockholders": -3596398.0,
        "Net Income Common Stockholders": -3596398.0,
        "Net Income": -3596398.0,
        "Net Income Including Noncontrolling Interests": -3596398.0,
        "Net Income Discontinuous Operations": NaN,
        "Net Income Continuous Operations": -3596398.0,
        "Tax Provision": 178322.0,
        "Pretax Income": -3418076.0,
        "Other Income Expense": -1355410.0,
        "Other Non Operating Income Expenses": 79910.0,
        "Special Income Charges": -1435320.0,
        "Gain On Sale Of Ppe": -1435320.0,
        "Operating Income": -2062666.0,
        "Operating Expense": 29496555.0,
        "Depreciation Amortization Depletion Income Statement": 1523813.0,
        "Depreciation And Amortization In Income Statement": 1523813.0,
        "Selling General And Administration": 27972742.0,
        "Selling And Marketing Expense": 5401834.0,
        "General And Administrative Expense": 22570908.0,
        "Other Gand A": 22570908.0,
        "Gross Profit": 27433889.0,
        "Cost Of Revenue": 2826672.0,
        "Total Revenue": 30260561.0,
        "Operating Revenue": 29870041.0
    },
    "2024-09-30": {
        "Tax Effect Of Unusual Items": -799095.78,
        "Tax Rate For Calcs": 0.21,
        "Normalized EBITDA": 5663783.0,
        "Total Unusual Items": -3805218.0,
        "Total Unusual Items Excluding Goodwill": -3805218.0,
        "Net Income From Continuing Operation Net Minority Interest": -3165139.0,
        "Reconciled Depreciation": 1239234.0,
        "Reconciled Cost Of Revenue": 2823266.0,
        "EBITDA": 1858565.0,
        "EBIT": 619331.0,
        "Normalized Income": -159016.78,
        "Net Income From Continuing And Discontinued Operation": -3165139.0,
        "Total Expenses": 29579159.0,
        "Total Operating Income As Reported": -3185887.0,
        "Diluted Average Shares": 15192379.0,
        "Basic Average Shares": 14959132.0,
        "Diluted EPS": -0.21,
        "Basic EPS": -0.21,
        "Diluted NI Availto Com Stockholders": -3165139.0,
        "Net Income Common Stockholders": -3165139.0,
        "Net Income": -3165139.0,
        "Net Income Including Noncontrolling Interests": -3165139.0,
        "Net Income Discontinuous Operations": NaN,
        "Net Income Continuous Operations": -3165139.0,
        "Tax Provision": 62585.0,
        "Pretax Income": -3102554.0,
        "Other Income Expense": -3721885.0,
        "Other Non Operating Income Expenses": 83333.0,
        "Special Income Charges": -3805218.0,
        "Gain On Sale Of Ppe": -3805218.0,
        "Operating Income": 619331.0,
        "Operating Expense": 26755892.0,
        "Depreciation Amortization Depletion Income Statement": 1239233.0,
        "Depreciation And Amortization In Income Statement": 1239233.0,
        "Selling General And Administration": 25516659.0,
        "Selling And Marketing Expense": 4762395.0,
        "General And Administrative Expense": 20754264.0,
        "Other Gand A": 20754264.0,
        "Gross Profit": 27375223.0,
        "Cost Of Revenue": 2823267.0,
        "Total Revenue": 30198490.0,
        "Operating Revenue": 29791363.0
    },
    "2024-12-31": {
        "Tax Effect Of Unusual Items": 1173479.79,
        "Tax Rate For Calcs": 0.21,
        "Normalized EBITDA": -6782273.0,
        "Total Unusual Items": 5587999.0,
        "Total Unusual Items Excluding Goodwill": 5587999.0,
        "Net Income From Continuing Operation Net Minority Interest": 4277646.0,
        "Reconciled Depreciation": 555185.0,
        "Reconciled Cost Of Revenue": 3150641.0,
        "EBITDA": -1194274.0,
        "EBIT": -1749459.0,
        "Normalized Income": -136873.21,
        "Net Income From Continuing And Discontinued Operation": -2715285.0,
        "Total Expenses": -36535153.0,
        "Total Operating Income As Reported": 3838540.0,
        "Diluted Average Shares": 15176596.0,
        "Basic Average Shares": 14964854.0,
        "Diluted EPS": -0.18,
        "Basic EPS": -0.18,
        "Diluted NI Availto Com Stockholders": -2715285.0,
        "Net Income Common Stockholders": -2715285.0,
        "Net Income": -2715285.0,
        "Net Income Including Noncontrolling Interests": -2715285.0,
        "Net Income Discontinuous Operations": NaN,
        "Net Income Continuous Operations": 4277646.0,
        "Tax Provision": -357692.0,
        "Pretax Income": 3919954.0,
        "Other Income Expense": 5669413.0,
        "Other Non Operating Income Expenses": 81414.0,
        "Special Income Charges": 5587999.0,
        "Gain On Sale Of Ppe": 5587999.0,
        "Operating Income": -1749459.0,
        "Operating Expense": -39685794.0,
        "Depreciation Amortization Depletion Income Statement": -2803499.0,
        "Depreciation And Amortization In Income Statement": -2803499.0,
        "Selling General And Administration": -36882295.0,
        "Selling And Marketing Expense": -3127001.0,
        "General And Administrative Expense": -33755294.0,
        "Other Gand A": -33755294.0,
        "Gross Profit": -41435253.0,
        "Cost Of Revenue": 3150641.0,
        "Total Revenue": -38284612.0,
        "Operating Revenue": -38985324.0
    },
    "2025-03-31": {
        "Tax Effect Of Unusual Items": -414.33,
        "Tax Rate For Calcs": 0.21,
        "Normalized EBITDA": -286272.0,
        "Total Unusual Items": -1973.0,
        "Total Unusual Items Excluding Goodwill": -1973.0,
        "Net Income From Continuing Operation Net Minority Interest": -506021.0,
        "Reconciled Depreciation": 388316.0,
        "Reconciled Cost Of Revenue": 2945740.0,
        "EBITDA": -288245.0,
        "EBIT": -676561.0,
        "Normalized Income": -504462.33,
        "Net Income From Continuing And Discontinued Operation": 801430.0,
        "Total Expenses": 13754151.0,
        "Total Operating Income As Reported": -678534.0,
        "Diluted Average Shares": 15263152.0,
        "Basic Average Shares": 15186420.0,
        "Diluted EPS": 0.05,
        "Basic EPS": 0.05,
        "Diluted NI Availto Com Stockholders": 801430.0,
        "Net Income Common Stockholders": 801430.0,
        "Net Income": 801430.0,
        "Net Income Including Noncontrolling Interests": 801430.0,
        "Net Income Discontinuous Operations": 1307451.0,
        "Net Income Continuous Operations": -506021.0,
        "Tax Provision": 13404.0,
        "Pretax Income": -492617.0,
        "Other Income Expense": 183944.0,
        "Other Non Operating Income Expenses": 185917.0,
        "Special Income Charges": -1973.0,
        "Gain On Sale Of Ppe": -1973.0,
        "Operating Income": -676561.0,
        "Operating Expense": 10782025.0,
        "Depreciation Amortization Depletion Income Statement": 361930.0,
        "Depreciation And Amortization In Income Statement": 361930.0,
        "Selling General And Administration": 10420095.0,
        "Selling And Marketing Expense": 3505150.0,
        "General And Administrative Expense": 6914945.0,
        "Other Gand A": 6914945.0,
        "Gross Profit": 10105464.0,
        "Cost Of Revenue": 2972126.0,
        "Total Revenue": 13077590.0,
        "Operating Revenue": 12668973.0
    }
}