{
    "2023-03-31": {
        "Tax Effect Of Unusual Items": NaN,
        "Tax Rate For Calcs": NaN,
        "Normalized EBITDA": NaN,
        "Total Unusual Items": NaN,
        "Total Unusual Items Excluding Goodwill": NaN,
        "Net Income From Continuing Operation Net Minority Interest": NaN,
        "Reconciled Depreciation": NaN,
        "Reconciled Cost Of Revenue": NaN,
        "EBITDA": NaN,
        "EBIT": NaN,
        "Net Interest Income": NaN,
        "Interest Expense": NaN,
        "Interest Income": NaN,
        "Normalized Income": NaN,
        "Net Income From Continuing And Discontinued Operation": NaN,
        "Total Expenses": NaN,
        "Total Operating Income As Reported": NaN,
        "Diluted Average Shares": NaN,
        "Basic Average Shares": NaN,
        "Diluted EPS": NaN,
        "Basic EPS": NaN,
        "Diluted NI Availto Com Stockholders": NaN,
        "Net Income Common Stockholders": NaN,
        "Net Income": NaN,
        "Minority Interests": NaN,
        "Net Income Including Noncontrolling Interests": NaN,
        "Net Income Continuous Operations": NaN,
        "Tax Provision": NaN,
        "Pretax Income": NaN,
        "Other Income Expense": NaN,
        "Other Non Operating Income Expenses": NaN,
        "Special Income Charges": NaN,
        "Gain On Sale Of Ppe": 0.0,
        "Impairment Of Capital Assets": 0.0,
        "Net Non Operating Interest Income Expense": NaN,
        "Interest Expense Non Operating": NaN,
        "Interest Income Non Operating": NaN,
        "Operating Income": NaN,
        "Operating Expense": NaN,
        "Research And Development": NaN,
        "Selling General And Administration": NaN,
        "Gross Profit": NaN,
        "Cost Of Revenue": NaN,
        "Total Revenue": NaN,
        "Operating Revenue": NaN
    },
    "2022-12-31": {
        "Tax Effect Of Unusual Items": NaN,
        "Tax Rate For Calcs": NaN,
        "Normalized EBITDA": NaN,
        "Total Unusual Items": NaN,
        "Total Unusual Items Excluding Goodwill": NaN,
        "Net Income From Continuing Operation Net Minority Interest": NaN,
        "Reconciled Depreciation": NaN,
        "Reconciled Cost Of Revenue": NaN,
        "EBITDA": NaN,
        "EBIT": NaN,
        "Net Interest Income": NaN,
        "Interest Expense": NaN,
        "Interest Income": NaN,
        "Normalized Income": NaN,
        "Net Income From Continuing And Discontinued Operation": NaN,
        "Total Expenses": NaN,
        "Total Operating Income As Reported": NaN,
        "Diluted Average Shares": NaN,
        "Basic Average Shares": NaN,
        "Diluted EPS": NaN,
        "Basic EPS": NaN,
        "Diluted NI Availto Com Stockholders": NaN,
        "Net Income Common Stockholders": NaN,
        "Net Income": NaN,
        "Minority Interests": NaN,
        "Net Income Including Noncontrolling Interests": NaN,
        "Net Income Continuous Operations": NaN,
        "Tax Provision": NaN,
        "Pretax Income": NaN,
        "Other Income Expense": NaN,
        "Other Non Operating Income Expenses": NaN,
        "Special Income Charges": NaN,
        "Gain On Sale Of Ppe": 254000.0,
        "Impairment Of Capital Assets": NaN,
        "Net Non Operating Interest Income Expense": NaN,
        "Interest Expense Non Operating": NaN,
        "Interest Income Non Operating": NaN,
        "Operating Income": NaN,
        "Operating Expense": NaN,
        "Research And Development": NaN,
        "Selling General And Administration": NaN,
        "Gross Profit": NaN,
        "Cost Of Revenue": NaN,
        "Total Revenue": NaN,
        "Operating Revenue": NaN
    },
    "2022-09-30": {
        "Tax Effect Of Unusual Items": -18753.828474,
        "Tax Rate For Calcs": 0.26047,
        "Normalized EBITDA": 39210000.0,
        "Total Unusual Items": -72000.0,
        "Total Unusual Items Excluding Goodwill": -72000.0,
        "Net Income From Continuing Operation Net Minority Interest": 27487000.0,
        "Reconciled Depreciation": 8456000.0,
        "Reconciled Cost Of Revenue": 129154000.0,
        "EBITDA": 39138000.0,
        "EBIT": 39138000.0,
        "Net Interest Income": -1450000.0,
        "Interest Expense": 1721000.0,
        "Interest Income": 271000.0,
        "Normalized Income": 27540246.171526,
        "Net Income From Continuing And Discontinued Operation": 27487000.0,
        "Total Expenses": 185552000.0,
        "Total Operating Income As Reported": 38886000.0,
        "Diluted Average Shares": 11700000.0,
        "Basic Average Shares": 11662000.0,
        "Diluted EPS": 2.35,
        "Basic EPS": 2.36,
        "Diluted NI Availto Com Stockholders": 27487000.0,
        "Net Income Common Stockholders": 27487000.0,
        "Net Income": 27487000.0,
        "Minority Interests": -184000.0,
        "Net Income Including Noncontrolling Interests": 27671000.0,
        "Net Income Continuous Operations": 27671000.0,
        "Tax Provision": 9746000.0,
        "Pretax Income": 37417000.0,
        "Other Income Expense": -91000.0,
        "Other Non Operating Income Expenses": -19000.0,
        "Special Income Charges": -72000.0,
        "Gain On Sale Of Ppe": -72000.0,
        "Net Non Operating Interest Income Expense": -1450000.0,
        "Interest Expense Non Operating": 1721000.0,
        "Interest Income Non Operating": 271000.0,
        "Operating Income": 38958000.0,
        "Operating Expense": 56398000.0,
        "Research And Development": 3245000.0,
        "Selling General And Administration": 53153000.0,
        "Gross Profit": 95356000.0,
        "Cost Of Revenue": 129154000.0,
        "Total Revenue": 224510000.0,
        "Operating Revenue": 224510000.0
    },
    "2022-06-30": {
        "Tax Effect Of Unusual Items": 0.0,
        "Tax Rate For Calcs": 0.27368,
        "Normalized EBITDA": 37726000.0,
        "Total Unusual Items": 0.0,
        "Total Unusual Items Excluding Goodwill": 0.0,
        "Net Income From Continuing Operation Net Minority Interest": 26170000.0,
        "Reconciled Depreciation": 8486000.0,
        "Reconciled Cost Of Revenue": 125611000.0,
        "EBITDA": 37726000.0,
        "EBIT": 37726000.0,
        "Net Interest Income": -1089000.0,
        "Interest Expense": 1366000.0,
        "Interest Income": 277000.0,
        "Normalized Income": 26170000.0,
        "Net Income From Continuing And Discontinued Operation": 26170000.0,
        "Total Expenses": 184181000.0,
        "Total Operating Income As Reported": 37468000.0,
        "Diluted Average Shares": 11689000.0,
        "Basic Average Shares": 11660000.0,
        "Diluted EPS": 2.24,
        "Basic EPS": 2.24,
        "Diluted NI Availto Com Stockholders": 26170000.0,
        "Net Income Common Stockholders": 26170000.0,
        "Net Income": 26170000.0,
        "Minority Interests": -239000.0,
        "Net Income Including Noncontrolling Interests": 26409000.0,
        "Net Income Continuous Operations": 26409000.0,
        "Tax Provision": 9951000.0,
        "Pretax Income": 36360000.0,
        "Other Income Expense": -19000.0,
        "Other Non Operating Income Expenses": -19000.0,
        "Special Income Charges": 0.0,
        "Gain On Sale Of Ppe": 0.0,
        "Net Non Operating Interest Income Expense": -1089000.0,
        "Interest Expense Non Operating": 1366000.0,
        "Interest Income Non Operating": 277000.0,
        "Operating Income": 37468000.0,
        "Operating Expense": 58570000.0,
        "Research And Development": 3251000.0,
        "Selling General And Administration": 55319000.0,
        "Gross Profit": 96038000.0,
        "Cost Of Revenue": 125611000.0,
        "Total Revenue": 221649000.0,
        "Operating Revenue": 221649000.0
    },
    "2023-06-30": {
        "Tax Effect Of Unusual Items": NaN,
        "Tax Rate For Calcs": NaN,
        "Normalized EBITDA": NaN,
        "Total Unusual Items": NaN,
        "Total Unusual Items Excluding Goodwill": NaN,
        "Net Income From Continuing Operation Net Minority Interest": NaN,
        "Reconciled Depreciation": NaN,
        "Reconciled Cost Of Revenue": NaN,
        "EBITDA": NaN,
        "EBIT": NaN,
        "Net Interest Income": NaN,
        "Interest Expense": NaN,
        "Interest Income": NaN,
        "Normalized Income": NaN,
        "Net Income From Continuing And Discontinued Operation": NaN,
        "Total Expenses": NaN,
        "Total Operating Income As Reported": NaN,
        "Diluted Average Shares": NaN,
        "Basic Average Shares": NaN,
        "Diluted EPS": NaN,
        "Basic EPS": NaN,
        "Diluted NI Availto Com Stockholders": NaN,
        "Net Income Common Stockholders": NaN,
        "Net Income": NaN,
        "Minority Interests": NaN,
        "Net Income Including Noncontrolling Interests": NaN,
        "Net Income Continuous Operations": NaN,
        "Tax Provision": NaN,
        "Pretax Income": NaN,
        "Other Income Expense": NaN,
        "Other Non Operating Income Expenses": NaN,
        "Special Income Charges": NaN,
        "Gain On Sale Of Ppe": -74000.0,
        "Impairment Of Capital Assets": 74000.0,
        "Net Non Operating Interest Income Expense": NaN,
        "Interest Expense Non Operating": NaN,
        "Interest Income Non Operating": NaN,
        "Operating Income": NaN,
        "Operating Expense": NaN,
        "Research And Development": NaN,
        "Selling General And Administration": NaN,
        "Gross Profit": NaN,
        "Cost Of Revenue": NaN,
        "Total Revenue": NaN,
        "Operating Revenue": NaN
    },
    "2022-03-31": {
        "Diluted EPS": 3.53,
        "Total Revenue": 226,
        "Gross Profit": 98,
        "Operating Income": 56,
        "EBIT": 65,
        "Net Income": 41
    },
    "2021-12-31": {
        "Diluted EPS": 2.07,
        "Total Revenue": 219,
        "Gross Profit": 93,
        "Operating Income": 32,
        "EBIT": 42,
        "Net Income": 24
    },
    "2021-09-30": {
        "Diluted EPS": 1.75,
        "Total Revenue": 200,
        "Gross Profit": 84,
        "Operating Income": 29,
        "EBIT": 38,
        "Net Income": 20
    },
    "2021-06-30": {
        "Diluted EPS": 1.96,
        "Total Revenue": 196,
        "Gross Profit": 85,
        "Operating Income": 33,
        "EBIT": 41,
        "Net Income": 23
    },
    "2021-03-31": {
        "Diluted EPS": 1.43,
        "Total Revenue": 172,
        "Gross Profit": 76,
        "Operating Income": 23,
        "EBIT": 31,
        "Net Income": 17
    },
    "2020-12-31": {
        "Diluted EPS": 1.4,
        "Total Revenue": 168,
        "Gross Profit": 74,
        "Operating Income": 22,
        "EBIT": 32,
        "Net Income": 16
    },
    "2020-09-30": {
        "Diluted EPS": 1.28,
        "Total Revenue": 155,
        "Gross Profit": 68,
        "Operating Income": 21,
        "EBIT": 29,
        "Net Income": 15
    },
    "2020-06-30": {
        "Diluted EPS": 1.0,
        "Total Revenue": 153,
        "Gross Profit": 66,
        "Operating Income": 18,
        "EBIT": 26,
        "Net Income": 12
    },
    "2020-03-31": {
        "Diluted EPS": 1.09,
        "Total Revenue": 159,
        "Gross Profit": 68,
        "Operating Income": 20,
        "EBIT": 27,
        "Net Income": 13
    },
    "2019-12-31": {
        "Diluted EPS": 0.75,
        "Total Revenue": 183,
        "Gross Profit": 75,
        "Operating Income": 22,
        "EBIT": 32,
        "Net Income": 9
    },
    "2019-09-30": {
        "Diluted EPS": 1.41,
        "Total Revenue": 174,
        "Gross Profit": 74,
        "Operating Income": 25,
        "EBIT": 32,
        "Net Income": 16
    },
    "2019-06-30": {
        "Diluted EPS": 1.42,
        "Total Revenue": 177,
        "Gross Profit": 74,
        "Operating Income": 23,
        "EBIT": 31,
        "Net Income": 16
    },
    "2019-03-31": {
        "Diluted EPS": 0.96,
        "Total Revenue": 171,
        "Gross Profit": 71,
        "Operating Income": 19,
        "EBIT": 27,
        "Net Income": 11
    },
    "2018-12-31": {
        "Diluted EPS": 1.62,
        "Total Revenue": 164,
        "Gross Profit": 71,
        "Operating Income": 25,
        "EBIT": 31,
        "Net Income": 18
    },
    "2018-09-30": {
        "Diluted EPS": 1.64,
        "Total Revenue": 166,
        "Gross Profit": 73,
        "Operating Income": 27,
        "EBIT": 33,
        "Net Income": 19
    },
    "2018-06-30": {
        "Diluted EPS": 1.08,
        "Total Revenue": 155,
        "Gross Profit": 68,
        "Operating Income": 20,
        "EBIT": 26,
        "Net Income": 12
    },
    "2018-03-31": {
        "Diluted EPS": 0.96,
        "Total Revenue": 149,
        "Gross Profit": 66,
        "Operating Income": 17,
        "EBIT": 23,
        "Net Income": 11
    },
    "2017-12-31": {
        "Diluted EPS": 0.06,
        "Total Revenue": 149,
        "Gross Profit": 65,
        "Operating Income": 18,
        "EBIT": 24,
        "Net Income": 1
    },
    "2017-09-30": {
        "Diluted EPS": 1.17,
        "Total Revenue": 153,
        "Gross Profit": 65,
        "Operating Income": 20,
        "EBIT": 26,
        "Net Income": 13
    },
    "2017-06-30": {
        "Diluted EPS": 0.72,
        "Total Revenue": 110,
        "Gross Profit": 53,
        "Operating Income": 12,
        "EBIT": 15,
        "Net Income": 8
    },
    "2017-03-31": {
        "Diluted EPS": 0.8,
        "Total Revenue": 103,
        "Gross Profit": 49,
        "Operating Income": 12,
        "EBIT": 16,
        "Net Income": 9
    },
    "2016-12-31": {
        "Diluted EPS": 0.69,
        "Total Revenue": 100,
        "Gross Profit": 46,
        "Operating Income": 12,
        "EBIT": 15,
        "Net Income": 8
    },
    "2016-09-30": {
        "Diluted EPS": 0.82,
        "Total Revenue": 106,
        "Gross Profit": 48,
        "Operating Income": 13,
        "EBIT": 16,
        "Net Income": 9
    },
    "2016-06-30": {
        "Diluted EPS": 0.75,
        "Total Revenue": 112,
        "Gross Profit": 50,
        "Operating Income": 12,
        "EBIT": 17,
        "Net Income": 8
    },
    "2016-03-31": {
        "Diluted EPS": 0.62,
        "Total Revenue": 97,
        "Gross Profit": 44,
        "Operating Income": 10,
        "EBIT": 13,
        "Net Income": 7
    },
    "2015-12-31": {
        "Diluted EPS": 0.94,
        "Total Revenue": 108,
        "Gross Profit": 46,
        "Operating Income": 14,
        "EBIT": 17,
        "Net Income": 10
    },
    "2015-09-30": {
        "Diluted EPS": 0.78,
        "Total Revenue": 92,
        "Gross Profit": 44,
        "Operating Income": 13,
        "EBIT": 15,
        "Net Income": 9
    },
    "2015-06-30": {
        "Diluted EPS": 0.76,
        "Total Revenue": 98,
        "Gross Profit": 46,
        "Operating Income": 13,
        "EBIT": 15,
        "Net Income": 8
    },
    "2015-03-31": {
        "Diluted EPS": 0.62,
        "Total Revenue": 92,
        "Gross Profit": 44,
        "Operating Income": 10,
        "EBIT": 13,
        "Net Income": 7
    },
    "2014-12-31": {
        "Diluted EPS": 0.81,
        "Total Revenue": 105,
        "Gross Profit": 47,
        "Operating Income": 12,
        "EBIT": 15,
        "Net Income": 9
    },
    "2014-09-30": {
        "Diluted EPS": 0.6,
        "Total Revenue": 99,
        "Gross Profit": 44,
        "Operating Income": 10,
        "EBIT": 13,
        "Net Income": 7
    },
    "2014-06-30": {
        "Diluted EPS": 0.7,
        "Total Revenue": 105,
        "Gross Profit": 45,
        "Operating Income": 12,
        "EBIT": 15,
        "Net Income": 8
    },
    "2014-03-31": {
        "Diluted EPS": 0.45,
        "Total Revenue": 93,
        "Gross Profit": 42,
        "Operating Income": 8,
        "EBIT": 11,
        "Net Income": 5
    },
    "2013-12-31": {
        "Diluted EPS": 0.52,
        "Total Revenue": 95,
        "Gross Profit": 42,
        "Operating Income": 8,
        "EBIT": 11,
        "Net Income": 6
    },
    "2013-09-30": {
        "Diluted EPS": 0.57,
        "Total Revenue": 91,
        "Gross Profit": 40,
        "Operating Income": 10,
        "EBIT": 12,
        "Net Income": 6
    },
    "2013-06-30": {
        "Diluted EPS": 0.51,
        "Total Revenue": 82,
        "Gross Profit": 40,
        "Operating Income": 8,
        "EBIT": 11,
        "Net Income": 6
    },
    "2013-03-31": {
        "Diluted EPS": 0.47,
        "Total Revenue": 76,
        "Gross Profit": 36,
        "Operating Income": 7,
        "EBIT": 9,
        "Net Income": 5
    },
    "2012-12-31": {
        "Diluted EPS": 0.83,
        "Total Revenue": 78,
        "Gross Profit": 34,
        "Operating Income": 7,
        "EBIT": 9,
        "Net Income": 10
    },
    "2012-09-30": {
        "Diluted EPS": 0.74,
        "Total Revenue": 87,
        "Gross Profit": 38,
        "Operating Income": 10,
        "EBIT": 12,
        "Net Income": 8
    },
    "2012-06-30": {
        "Diluted EPS": 0.56,
        "Total Revenue": 83,
        "Gross Profit": 36,
        "Operating Income": 9,
        "EBIT": 11,
        "Net Income": 7
    },
    "2012-03-31": {
        "Diluted EPS": 0.6,
        "Total Revenue": 84,
        "Gross Profit": 38,
        "Operating Income": 10,
        "EBIT": 13,
        "Net Income": 7
    },
    "2011-12-31": {
        "Diluted EPS": 0.98,
        "Total Revenue": 97,
        "Gross Profit": 37,
        "Operating Income": 9,
        "EBIT": 11,
        "Net Income": 12
    },
    "2011-09-30": {
        "Diluted EPS": 0.7,
        "Total Revenue": 84,
        "Gross Profit": 36,
        "Operating Income": 11,
        "EBIT": 13,
        "Net Income": 9
    },
    "2011-06-30": {
        "Diluted EPS": 0.59,
        "Total Revenue": 82,
        "Gross Profit": 38,
        "Operating Income": 10,
        "EBIT": 12,
        "Net Income": 7
    },
    "2011-03-31": {
        "Diluted EPS": 0.47,
        "Total Revenue": 72,
        "Gross Profit": 34,
        "Operating Income": 8,
        "EBIT": 10,
        "Net Income": 6
    },
    "2010-12-31": {
        "Diluted EPS": 0.41,
        "Total Revenue": 73,
        "Gross Profit": 31,
        "Operating Income": 7,
        "EBIT": 9,
        "Net Income": 5
    },
    "2010-09-30": {
        "Diluted EPS": 0.36,
        "Total Revenue": 67,
        "Gross Profit": 29,
        "Operating Income": 6,
        "EBIT": 8,
        "Net Income": 4
    },
    "2010-06-30": {
        "Diluted EPS": 0.42,
        "Total Revenue": 69,
        "Gross Profit": 31,
        "Operating Income": 7,
        "EBIT": 9,
        "Net Income": 5
    },
    "2010-03-31": {
        "Diluted EPS": 0.29,
        "Total Revenue": 61,
        "Gross Profit": 27,
        "Operating Income": 5,
        "EBIT": 6,
        "Net Income": 4
    },
    "2009-12-31": {
        "Diluted EPS": -0.14,
        "Total Revenue": 57,
        "Gross Profit": 23,
        "Operating Income": 0,
        "EBIT": 2,
        "Net Income": -2
    },
    "2009-09-30": {
        "Diluted EPS": -0.01,
        "Total Revenue": 54,
        "Gross Profit": 22,
        "Operating Income": 1,
        "EBIT": 3,
        "Net Income": 0
    },
    "2009-06-30": {
        "Diluted EPS": -0.1,
        "Total Revenue": 50,
        "Gross Profit": 21,
        "Operating Income": -1,
        "EBIT": 1,
        "Net Income": -1
    },
    "2009-03-31": {
        "Diluted EPS": -0.23,
        "Total Revenue": 65,
        "Gross Profit": 25,
        "Operating Income": 0,
        "EBIT": 2,
        "Net Income": -3
    },
    "2023-09-30": {
        "Tax Effect Of Unusual Items": NaN,
        "Tax Rate For Calcs": NaN,
        "Normalized EBITDA": NaN,
        "Total Unusual Items": -969000.0,
        "Total Unusual Items Excluding Goodwill": -969000.0,
        "Net Income From Continuing Operation Net Minority Interest": NaN,
        "Reconciled Depreciation": NaN,
        "Reconciled Cost Of Revenue": NaN,
        "EBITDA": NaN,
        "EBIT": NaN,
        "Net Interest Income": NaN,
        "Interest Expense": NaN,
        "Interest Income": NaN,
        "Normalized Income": NaN,
        "Net Income From Continuing And Discontinued Operation": NaN,
        "Total Expenses": NaN,
        "Total Operating Income As Reported": NaN,
        "Diluted Average Shares": NaN,
        "Basic Average Shares": NaN,
        "Diluted EPS": NaN,
        "Basic EPS": NaN,
        "Diluted NI Availto Com Stockholders": NaN,
        "Net Income Common Stockholders": NaN,
        "Net Income": NaN,
        "Minority Interests": NaN,
        "Net Income Including Noncontrolling Interests": NaN,
        "Net Income Continuous Operations": NaN,
        "Tax Provision": NaN,
        "Pretax Income": NaN,
        "Other Income Expense": NaN,
        "Other Non Operating Income Expenses": NaN,
        "Special Income Charges": -969000.0,
        "Gain On Sale Of Ppe": -969000.0,
        "Impairment Of Capital Assets": 969000.0,
        "Net Non Operating Interest Income Expense": NaN,
        "Interest Expense Non Operating": NaN,
        "Interest Income Non Operating": NaN,
        "Operating Income": NaN,
        "Operating Expense": NaN,
        "Research And Development": NaN,
        "Selling General And Administration": NaN,
        "Gross Profit": NaN,
        "Cost Of Revenue": NaN,
        "Total Revenue": NaN,
        "Operating Revenue": NaN
    },
    "2023-12-31": {
        "Tax Effect Of Unusual Items": NaN,
        "Tax Rate For Calcs": NaN,
        "Normalized EBITDA": NaN,
        "Total Unusual Items": 320000.0,
        "Total Unusual Items Excluding Goodwill": 320000.0,
        "Net Income From Continuing Operation Net Minority Interest": NaN,
        "Reconciled Depreciation": NaN,
        "Reconciled Cost Of Revenue": NaN,
        "EBITDA": NaN,
        "EBIT": NaN,
        "Net Interest Income": NaN,
        "Interest Expense": NaN,
        "Interest Income": NaN,
        "Normalized Income": NaN,
        "Net Income From Continuing And Discontinued Operation": NaN,
        "Total Expenses": NaN,
        "Total Operating Income As Reported": NaN,
        "Diluted Average Shares": NaN,
        "Basic Average Shares": NaN,
        "Diluted EPS": NaN,
        "Basic EPS": NaN,
        "Diluted NI Availto Com Stockholders": NaN,
        "Net Income Common Stockholders": NaN,
        "Net Income": NaN,
        "Minority Interests": NaN,
        "Net Income Including Noncontrolling Interests": NaN,
        "Net Income Continuous Operations": NaN,
        "Tax Provision": NaN,
        "Pretax Income": NaN,
        "Other Income Expense": NaN,
        "Other Non Operating Income Expenses": NaN,
        "Special Income Charges": 320000.0,
        "Gain On Sale Of Ppe": 1884000.0,
        "Impairment Of Capital Assets": NaN,
        "Net Non Operating Interest Income Expense": NaN,
        "Interest Expense Non Operating": NaN,
        "Interest Income Non Operating": NaN,
        "Operating Income": NaN,
        "Operating Expense": NaN,
        "Research And Development": NaN,
        "Selling General And Administration": NaN,
        "Gross Profit": NaN,
        "Cost Of Revenue": NaN,
        "Total Revenue": NaN,
        "Operating Revenue": NaN
    },
    "2024-03-31": {
        "Tax Effect Of Unusual Items": 0.0,
        "Tax Rate For Calcs": 0.239167,
        "Normalized EBITDA": 49247000.0,
        "Total Unusual Items": NaN,
        "Total Unusual Items Excluding Goodwill": NaN,
        "Net Income From Continuing Operation Net Minority Interest": 24689000.0,
        "Reconciled Depreciation": 11739000.0,
        "Reconciled Cost Of Revenue": 138013000.0,
        "EBITDA": 49247000.0,
        "EBIT": 37508000.0,
        "Net Interest Income": -4058000.0,
        "Interest Expense": 4669000.0,
        "Interest Income": 611000.0,
        "Normalized Income": 24689000.0,
        "Net Income From Continuing And Discontinued Operation": 24689000.0,
        "Total Expenses": 212048000.0,
        "Total Operating Income As Reported": 36927000.0,
        "Diluted Average Shares": 11744000.0,
        "Basic Average Shares": 11724000.0,
        "Diluted EPS": 2.1,
        "Basic EPS": 2.11,
        "Diluted NI Availto Com Stockholders": 24689000.0,
        "Net Income Common Stockholders": 24689000.0,
        "Net Income": 24689000.0,
        "Minority Interests": -296000.0,
        "Net Income Including Noncontrolling Interests": 24985000.0,
        "Net Income Continuous Operations": 24985000.0,
        "Tax Provision": 7854000.0,
        "Pretax Income": 32839000.0,
        "Other Income Expense": -30000.0,
        "Other Non Operating Income Expenses": -30000.0,
        "Special Income Charges": NaN,
        "Gain On Sale Of Ppe": NaN,
        "Impairment Of Capital Assets": NaN,
        "Net Non Operating Interest Income Expense": -4058000.0,
        "Interest Expense Non Operating": 4669000.0,
        "Interest Income Non Operating": 611000.0,
        "Operating Income": 36927000.0,
        "Operating Expense": 74035000.0,
        "Research And Development": 3730000.0,
        "Selling General And Administration": 70305000.0,
        "Gross Profit": 110962000.0,
        "Cost Of Revenue": 138013000.0,
        "Total Revenue": 248975000.0,
        "Operating Revenue": 248975000.0
    },
    "2024-06-30": {
        "Tax Effect Of Unusual Items": NaN,
        "Tax Rate For Calcs": NaN,
        "Normalized EBITDA": NaN,
        "Total Unusual Items": 0.0,
        "Total Unusual Items Excluding Goodwill": 0.0,
        "Net Income From Continuing Operation Net Minority Interest": NaN,
        "Reconciled Depreciation": NaN,
        "Reconciled Cost Of Revenue": NaN,
        "EBITDA": NaN,
        "EBIT": NaN,
        "Net Interest Income": NaN,
        "Interest Expense": NaN,
        "Interest Income": NaN,
        "Normalized Income": NaN,
        "Net Income From Continuing And Discontinued Operation": NaN,
        "Total Expenses": NaN,
        "Total Operating Income As Reported": NaN,
        "Diluted Average Shares": NaN,
        "Basic Average Shares": NaN,
        "Diluted EPS": NaN,
        "Basic EPS": NaN,
        "Diluted NI Availto Com Stockholders": NaN,
        "Net Income Common Stockholders": NaN,
        "Net Income": NaN,
        "Minority Interests": NaN,
        "Net Income Including Noncontrolling Interests": NaN,
        "Net Income Continuous Operations": NaN,
        "Tax Provision": NaN,
        "Pretax Income": NaN,
        "Other Income Expense": NaN,
        "Other Non Operating Income Expenses": NaN,
        "Special Income Charges": 0.0,
        "Impairment Of Capital Assets": 0.0,
        "Net Non Operating Interest Income Expense": NaN,
        "Interest Expense Non Operating": NaN,
        "Interest Income Non Operating": NaN,
        "Operating Income": NaN,
        "Operating Expense": NaN,
        "Other Operating Expenses": NaN,
        "Research And Development": NaN,
        "Selling General And Administration": NaN,
        "Gross Profit": NaN,
        "Cost Of Revenue": NaN,
        "Total Revenue": NaN,
        "Operating Revenue": NaN
    },
    "2024-09-30": {
        "Tax Effect Of Unusual Items": 0.0,
        "Tax Rate For Calcs": 0.27,
        "Normalized EBITDA": 62153000.0,
        "Total Unusual Items": 0.0,
        "Total Unusual Items Excluding Goodwill": 0.0,
        "Net Income From Continuing Operation Net Minority Interest": 31586000.0,
        "Reconciled Depreciation": 12775000.0,
        "Reconciled Cost Of Revenue": 150175000.0,
        "EBITDA": 62153000.0,
        "EBIT": 49378000.0,
        "Net Interest Income": -5109000.0,
        "Interest Expense": 5516000.0,
        "Interest Income": 407000.0,
        "Normalized Income": 31586000.0,
        "Net Income From Continuing And Discontinued Operation": 31586000.0,
        "Total Expenses": 222627000.0,
        "Total Operating Income As Reported": 48987000.0,
        "Diluted Average Shares": 11780000.0,
        "Basic Average Shares": 11745000.0,
        "Diluted EPS": 2.68,
        "Basic EPS": 2.69,
        "Diluted NI Availto Com Stockholders": 31586000.0,
        "Net Income Common Stockholders": 31586000.0,
        "Net Income": 31586000.0,
        "Minority Interests": -312000.0,
        "Net Income Including Noncontrolling Interests": 31898000.0,
        "Net Income Continuous Operations": 31898000.0,
        "Tax Provision": 11964000.0,
        "Pretax Income": 43862000.0,
        "Other Income Expense": -16000.0,
        "Other Non Operating Income Expenses": -16000.0,
        "Special Income Charges": 0.0,
        "Impairment Of Capital Assets": 0.0,
        "Net Non Operating Interest Income Expense": -5109000.0,
        "Interest Expense Non Operating": 5516000.0,
        "Interest Income Non Operating": 407000.0,
        "Operating Income": 48987000.0,
        "Operating Expense": 72452000.0,
        "Other Operating Expenses": NaN,
        "Research And Development": 3409000.0,
        "Selling General And Administration": 69043000.0,
        "Gross Profit": 121439000.0,
        "Cost Of Revenue": 150175000.0,
        "Total Revenue": 271614000.0,
        "Operating Revenue": 271614000.0
    },
    "2024-12-31": {
        "Tax Effect Of Unusual Items": -174634.880956,
        "Tax Rate For Calcs": 0.265403,
        "Normalized EBITDA": 51185000.0,
        "Total Unusual Items": -658000.0,
        "Total Unusual Items Excluding Goodwill": -658000.0,
        "Net Income From Continuing Operation Net Minority Interest": 24032000.0,
        "Reconciled Depreciation": 13082000.0,
        "Reconciled Cost Of Revenue": 146170000.0,
        "EBITDA": 50527000.0,
        "EBIT": 37445000.0,
        "Net Interest Income": -4113000.0,
        "Interest Expense": 4642000.0,
        "Interest Income": 529000.0,
        "Normalized Income": 24515365.119044,
        "Net Income From Continuing And Discontinued Operation": 24032000.0,
        "Total Expenses": 220435000.0,
        "Total Operating Income As Reported": 36937000.0,
        "Diluted Average Shares": 11794000.0,
        "Basic Average Shares": 11745000.0,
        "Diluted EPS": 2.04,
        "Basic EPS": 2.05,
        "Diluted NI Availto Com Stockholders": 24032000.0,
        "Net Income Common Stockholders": 24032000.0,
        "Net Income": 24032000.0,
        "Minority Interests": -65000.0,
        "Net Income Including Noncontrolling Interests": 24097000.0,
        "Net Income Continuous Operations": 24097000.0,
        "Tax Provision": 8706000.0,
        "Pretax Income": 32803000.0,
        "Other Income Expense": -679000.0,
        "Other Non Operating Income Expenses": -21000.0,
        "Special Income Charges": -658000.0,
        "Impairment Of Capital Assets": NaN,
        "Net Non Operating Interest Income Expense": -4113000.0,
        "Interest Expense Non Operating": 4642000.0,
        "Interest Income Non Operating": 529000.0,
        "Operating Income": 37595000.0,
        "Operating Expense": 74265000.0,
        "Other Operating Expenses": NaN,
        "Research And Development": 3697000.0,
        "Selling General And Administration": 70568000.0,
        "Gross Profit": 111860000.0,
        "Cost Of Revenue": 146170000.0,
        "Total Revenue": 258030000.0,
        "Operating Revenue": 258030000.0
    },
    "2025-03-31": {
        "Tax Effect Of Unusual Items": 0.0,
        "Tax Rate For Calcs": 0.24,
        "Normalized EBITDA": 48100000.0,
        "Total Unusual Items": NaN,
        "Total Unusual Items Excluding Goodwill": NaN,
        "Net Income From Continuing Operation Net Minority Interest": 24063000.0,
        "Reconciled Depreciation": 12013000.0,
        "Reconciled Cost Of Revenue": 128880000.0,
        "EBITDA": 48100000.0,
        "EBIT": 36087000.0,
        "Net Interest Income": -3305000.0,
        "Interest Expense": 3822000.0,
        "Interest Income": 517000.0,
        "Normalized Income": 24063000.0,
        "Net Income From Continuing And Discontinued Operation": 24063000.0,
        "Total Expenses": 203624000.0,
        "Total Operating Income As Reported": 35586000.0,
        "Diluted Average Shares": 11776000.0,
        "Basic Average Shares": 11760000.0,
        "Diluted EPS": 2.04,
        "Basic EPS": 2.05,
        "Diluted NI Availto Com Stockholders": 24063000.0,
        "Net Income Common Stockholders": 24063000.0,
        "Net Income": 24063000.0,
        "Minority Interests": -374000.0,
        "Net Income Including Noncontrolling Interests": 24437000.0,
        "Net Income Continuous Operations": 24437000.0,
        "Tax Provision": 7828000.0,
        "Pretax Income": 32265000.0,
        "Other Income Expense": -16000.0,
        "Other Non Operating Income Expenses": -16000.0,
        "Special Income Charges": NaN,
        "Impairment Of Capital Assets": NaN,
        "Net Non Operating Interest Income Expense": -3305000.0,
        "Interest Expense Non Operating": 3822000.0,
        "Interest Income Non Operating": 517000.0,
        "Operating Income": 35586000.0,
        "Operating Expense": 74744000.0,
        "Other Operating Expenses": NaN,
        "Research And Development": 3523000.0,
        "Selling General And Administration": 71221000.0,
        "Gross Profit": 110330000.0,
        "Cost Of Revenue": 128880000.0,
        "Total Revenue": 239210000.0,
        "Operating Revenue": 239210000.0
    },
    "2025-06-30": {
        "Tax Effect Of Unusual Items": 0.0,
        "Tax Rate For Calcs": 0.27,
        "Normalized EBITDA": 51868000.0,
        "Total Unusual Items": NaN,
        "Total Unusual Items Excluding Goodwill": NaN,
        "Net Income From Continuing Operation Net Minority Interest": 26159000.0,
        "Reconciled Depreciation": 12069000.0,
        "Reconciled Cost Of Revenue": 138225000.0,
        "EBITDA": 51868000.0,
        "EBIT": 39799000.0,
        "Net Interest Income": -2899000.0,
        "Interest Expense": 3338000.0,
        "Interest Income": 439000.0,
        "Normalized Income": 26159000.0,
        "Net Income From Continuing And Discontinued Operation": 26159000.0,
        "Total Expenses": 215890000.0,
        "Total Operating Income As Reported": 39377000.0,
        "Diluted Average Shares": 11793000.0,
        "Basic Average Shares": 11776000.0,
        "Diluted EPS": 2.22,
        "Basic EPS": 2.22,
        "Diluted NI Availto Com Stockholders": 26159000.0,
        "Net Income Common Stockholders": 26159000.0,
        "Net Income": 26159000.0,
        "Minority Interests": -480000.0,
        "Net Income Including Noncontrolling Interests": 26639000.0,
        "Net Income Continuous Operations": 26639000.0,
        "Tax Provision": 9822000.0,
        "Pretax Income": 36461000.0,
        "Other Income Expense": -17000.0,
        "Other Non Operating Income Expenses": -17000.0,
        "Special Income Charges": NaN,
        "Impairment Of Capital Assets": NaN,
        "Net Non Operating Interest Income Expense": -2899000.0,
        "Interest Expense Non Operating": 3338000.0,
        "Interest Income Non Operating": 439000.0,
        "Operating Income": 39377000.0,
        "Operating Expense": 77665000.0,
        "Other Operating Expenses": NaN,
        "Research And Development": 3724000.0,
        "Selling General And Administration": 73941000.0,
        "Gross Profit": 117042000.0,
        "Cost Of Revenue": 138225000.0,
        "Total Revenue": 255267000.0,
        "Operating Revenue": 255267000.0
    },
    "2025-09-30": {
        "Tax Effect Of Unusual Items": 0.0,
        "Tax Rate For Calcs": 0.3,
        "Normalized EBITDA": 55367000.0,
        "Total Unusual Items": NaN,
        "Total Unusual Items Excluding Goodwill": NaN,
        "Net Income From Continuing Operation Net Minority Interest": 27722000.0,
        "Reconciled Depreciation": 12397000.0,
        "Reconciled Cost Of Revenue": 148906000.0,
        "EBITDA": 55367000.0,
        "EBIT": 42970000.0,
        "Net Interest Income": -2716000.0,
        "Interest Expense": 3089000.0,
        "Interest Income": 373000.0,
        "Normalized Income": 27722000.0,
        "Net Income From Continuing And Discontinued Operation": 27722000.0,
        "Total Expenses": 228951000.0,
        "Total Operating Income As Reported": 42616000.0,
        "Diluted Average Shares": 11802000.0,
        "Basic Average Shares": 11777000.0,
        "Diluted EPS": 2.35,
        "Basic EPS": 2.35,
        "Diluted NI Availto Com Stockholders": 27722000.0,
        "Net Income Common Stockholders": 27722000.0,
        "Net Income": 27722000.0,
        "Minority Interests": -393000.0,
        "Net Income Including Noncontrolling Interests": 28115000.0,
        "Net Income Continuous Operations": 28115000.0,
        "Tax Provision": 11766000.0,
        "Pretax Income": 39881000.0,
        "Other Income Expense": -19000.0,
        "Other Non Operating Income Expenses": -19000.0,
        "Special Income Charges": NaN,
        "Impairment Of Capital Assets": NaN,
        "Net Non Operating Interest Income Expense": -2716000.0,
        "Interest Expense Non Operating": 3089000.0,
        "Interest Income Non Operating": 373000.0,
        "Operating Income": 42616000.0,
        "Operating Expense": 80045000.0,
        "Other Operating Expenses": 287000.0,
        "Research And Development": 3919000.0,
        "Selling General And Administration": 75839000.0,
        "Gross Profit": 122661000.0,
        "Cost Of Revenue": 148906000.0,
        "Total Revenue": 271567000.0,
        "Operating Revenue": 271567000.0
    }
}