{
    "2023-06-30": {
        "Tax Effect Of Unusual Items": NaN,
        "Tax Rate For Calcs": NaN,
        "Normalized EBITDA": NaN,
        "Total Unusual Items": NaN,
        "Total Unusual Items Excluding Goodwill": NaN,
        "Net Income From Continuing Operation Net Minority Interest": NaN,
        "Reconciled Depreciation": NaN,
        "Reconciled Cost Of Revenue": NaN,
        "EBITDA": NaN,
        "EBIT": NaN,
        "Net Interest Income": NaN,
        "Interest Expense": NaN,
        "Interest Income": NaN,
        "Normalized Income": NaN,
        "Net Income From Continuing And Discontinued Operation": NaN,
        "Total Expenses": NaN,
        "Total Operating Income As Reported": NaN,
        "Diluted Average Shares": 16083000.0,
        "Basic Average Shares": 15974000.0,
        "Diluted EPS": 1.14,
        "Basic EPS": 1.14,
        "Diluted NI Availto Com Stockholders": NaN,
        "Net Income Common Stockholders": NaN,
        "Net Income": NaN,
        "Net Income Including Noncontrolling Interests": NaN,
        "Net Income Continuous Operations": NaN,
        "Tax Provision": NaN,
        "Pretax Income": NaN,
        "Other Income Expense": NaN,
        "Other Non Operating Income Expenses": NaN,
        "Special Income Charges": NaN,
        "Gain On Sale Of Ppe": NaN,
        "Other Special Charges": NaN,
        "Restructuring And Mergern Acquisition": NaN,
        "Gain On Sale Of Security": NaN,
        "Net Non Operating Interest Income Expense": NaN,
        "Interest Expense Non Operating": NaN,
        "Interest Income Non Operating": NaN,
        "Operating Income": NaN,
        "Operating Expense": NaN,
        "Other Operating Expenses": NaN,
        "Depreciation Amortization Depletion Income Statement": NaN,
        "Depreciation And Amortization In Income Statement": NaN,
        "Selling General And Administration": NaN,
        "Selling And Marketing Expense": 32200000.0,
        "General And Administrative Expense": 32200000.0,
        "Other Gand A": 32200000.0,
        "Salaries And Wages": 1900000.0,
        "Gross Profit": NaN,
        "Cost Of Revenue": NaN,
        "Total Revenue": NaN,
        "Operating Revenue": NaN
    },
    "2023-03-31": {
        "Tax Effect Of Unusual Items": NaN,
        "Tax Rate For Calcs": NaN,
        "Normalized EBITDA": NaN,
        "Total Unusual Items": NaN,
        "Total Unusual Items Excluding Goodwill": NaN,
        "Net Income From Continuing Operation Net Minority Interest": NaN,
        "Reconciled Depreciation": NaN,
        "Reconciled Cost Of Revenue": NaN,
        "EBITDA": NaN,
        "EBIT": NaN,
        "Net Interest Income": NaN,
        "Interest Expense": NaN,
        "Interest Income": NaN,
        "Normalized Income": NaN,
        "Net Income From Continuing And Discontinued Operation": NaN,
        "Total Expenses": NaN,
        "Total Operating Income As Reported": NaN,
        "Diluted Average Shares": NaN,
        "Basic Average Shares": NaN,
        "Diluted EPS": NaN,
        "Basic EPS": NaN,
        "Diluted NI Availto Com Stockholders": NaN,
        "Net Income Common Stockholders": NaN,
        "Net Income": NaN,
        "Net Income Including Noncontrolling Interests": NaN,
        "Net Income Continuous Operations": NaN,
        "Tax Provision": NaN,
        "Pretax Income": NaN,
        "Other Income Expense": NaN,
        "Other Non Operating Income Expenses": NaN,
        "Special Income Charges": NaN,
        "Gain On Sale Of Ppe": NaN,
        "Other Special Charges": NaN,
        "Restructuring And Mergern Acquisition": NaN,
        "Gain On Sale Of Security": NaN,
        "Net Non Operating Interest Income Expense": NaN,
        "Interest Expense Non Operating": NaN,
        "Interest Income Non Operating": NaN,
        "Operating Income": NaN,
        "Operating Expense": NaN,
        "Other Operating Expenses": NaN,
        "Depreciation Amortization Depletion Income Statement": NaN,
        "Depreciation And Amortization In Income Statement": NaN,
        "Selling General And Administration": NaN,
        "Selling And Marketing Expense": NaN,
        "General And Administrative Expense": 29700000.0,
        "Other Gand A": 29700000.0,
        "Salaries And Wages": NaN,
        "Gross Profit": NaN,
        "Cost Of Revenue": NaN,
        "Total Revenue": NaN,
        "Operating Revenue": NaN
    },
    "2022-12-31": {
        "Tax Effect Of Unusual Items": NaN,
        "Tax Rate For Calcs": NaN,
        "Normalized EBITDA": NaN,
        "Total Unusual Items": NaN,
        "Total Unusual Items Excluding Goodwill": NaN,
        "Net Income From Continuing Operation Net Minority Interest": NaN,
        "Reconciled Depreciation": NaN,
        "Reconciled Cost Of Revenue": NaN,
        "EBITDA": NaN,
        "EBIT": NaN,
        "Net Interest Income": NaN,
        "Interest Expense": NaN,
        "Interest Income": NaN,
        "Normalized Income": NaN,
        "Net Income From Continuing And Discontinued Operation": NaN,
        "Total Expenses": NaN,
        "Total Operating Income As Reported": NaN,
        "Diluted Average Shares": NaN,
        "Basic Average Shares": NaN,
        "Diluted EPS": NaN,
        "Basic EPS": NaN,
        "Diluted NI Availto Com Stockholders": NaN,
        "Net Income Common Stockholders": NaN,
        "Net Income": NaN,
        "Net Income Including Noncontrolling Interests": NaN,
        "Net Income Continuous Operations": NaN,
        "Tax Provision": NaN,
        "Pretax Income": NaN,
        "Other Income Expense": NaN,
        "Other Non Operating Income Expenses": NaN,
        "Special Income Charges": NaN,
        "Gain On Sale Of Ppe": NaN,
        "Other Special Charges": NaN,
        "Restructuring And Mergern Acquisition": NaN,
        "Gain On Sale Of Security": NaN,
        "Net Non Operating Interest Income Expense": NaN,
        "Interest Expense Non Operating": NaN,
        "Interest Income Non Operating": NaN,
        "Operating Income": NaN,
        "Operating Expense": NaN,
        "Other Operating Expenses": 0.0,
        "Depreciation Amortization Depletion Income Statement": NaN,
        "Depreciation And Amortization In Income Statement": NaN,
        "Selling General And Administration": NaN,
        "Selling And Marketing Expense": NaN,
        "General And Administrative Expense": NaN,
        "Other Gand A": NaN,
        "Salaries And Wages": NaN,
        "Gross Profit": NaN,
        "Cost Of Revenue": NaN,
        "Total Revenue": NaN,
        "Operating Revenue": NaN
    },
    "2022-09-30": {
        "Tax Effect Of Unusual Items": NaN,
        "Tax Rate For Calcs": NaN,
        "Normalized EBITDA": NaN,
        "Total Unusual Items": NaN,
        "Total Unusual Items Excluding Goodwill": NaN,
        "Net Income From Continuing Operation Net Minority Interest": NaN,
        "Reconciled Depreciation": NaN,
        "Reconciled Cost Of Revenue": NaN,
        "EBITDA": NaN,
        "EBIT": NaN,
        "Net Interest Income": NaN,
        "Interest Expense": NaN,
        "Interest Income": NaN,
        "Normalized Income": NaN,
        "Net Income From Continuing And Discontinued Operation": NaN,
        "Total Expenses": NaN,
        "Total Operating Income As Reported": NaN,
        "Diluted Average Shares": 16029000.0,
        "Basic Average Shares": 15926000.0,
        "Diluted EPS": 0.16,
        "Basic EPS": 0.16,
        "Diluted NI Availto Com Stockholders": NaN,
        "Net Income Common Stockholders": NaN,
        "Net Income": NaN,
        "Net Income Including Noncontrolling Interests": NaN,
        "Net Income Continuous Operations": NaN,
        "Tax Provision": NaN,
        "Pretax Income": NaN,
        "Other Income Expense": NaN,
        "Other Non Operating Income Expenses": NaN,
        "Special Income Charges": NaN,
        "Gain On Sale Of Ppe": NaN,
        "Other Special Charges": NaN,
        "Restructuring And Mergern Acquisition": NaN,
        "Gain On Sale Of Security": NaN,
        "Net Non Operating Interest Income Expense": NaN,
        "Interest Expense Non Operating": NaN,
        "Interest Income Non Operating": NaN,
        "Operating Income": NaN,
        "Operating Expense": NaN,
        "Other Operating Expenses": NaN,
        "Depreciation Amortization Depletion Income Statement": NaN,
        "Depreciation And Amortization In Income Statement": NaN,
        "Selling General And Administration": NaN,
        "Selling And Marketing Expense": 25200000.0,
        "General And Administrative Expense": NaN,
        "Other Gand A": NaN,
        "Salaries And Wages": 1400000.0,
        "Gross Profit": NaN,
        "Cost Of Revenue": NaN,
        "Total Revenue": NaN,
        "Operating Revenue": NaN
    },
    "2022-06-30": {
        "Tax Effect Of Unusual Items": 0.0,
        "Tax Rate For Calcs": 0.22905,
        "Normalized EBITDA": -5700000.0,
        "Total Unusual Items": 0.0,
        "Total Unusual Items Excluding Goodwill": 0.0,
        "Net Income From Continuing Operation Net Minority Interest": -13800000.0,
        "Reconciled Depreciation": 27100000.0,
        "Reconciled Cost Of Revenue": 925500000.0,
        "EBITDA": -5700000.0,
        "EBIT": -5700000.0,
        "Net Interest Income": -12200000.0,
        "Interest Expense": 12200000.0,
        "Interest Income": 200000.0,
        "Normalized Income": -13800000.0,
        "Net Income From Continuing And Discontinued Operation": -13800000.0,
        "Total Expenses": 956200000.0,
        "Total Operating Income As Reported": -2000000.0,
        "Diluted Average Shares": 15899000.0,
        "Basic Average Shares": 15899000.0,
        "Diluted EPS": -0.87,
        "Basic EPS": -0.87,
        "Diluted NI Availto Com Stockholders": -13800000.0,
        "Net Income Common Stockholders": -13800000.0,
        "Net Income": -13800000.0,
        "Net Income Including Noncontrolling Interests": -13800000.0,
        "Net Income Continuous Operations": -13800000.0,
        "Tax Provision": -4100000.0,
        "Pretax Income": -17900000.0,
        "Other Income Expense": -3700000.0,
        "Other Non Operating Income Expenses": -3700000.0,
        "Special Income Charges": 0.0,
        "Gain On Sale Of Ppe": NaN,
        "Restructuring And Mergern Acquisition": 0.0,
        "Gain On Sale Of Security": -700000.0,
        "Net Non Operating Interest Income Expense": -12200000.0,
        "Interest Expense Non Operating": 12200000.0,
        "Interest Income Non Operating": 200000.0,
        "Operating Income": -2000000.0,
        "Operating Expense": 30700000.0,
        "Other Operating Expenses": 3200000.0,
        "Selling General And Administration": 27500000.0,
        "General And Administrative Expense": NaN,
        "Other Gand A": NaN,
        "Salaries And Wages": NaN,
        "Gross Profit": 28700000.0,
        "Cost Of Revenue": 925500000.0,
        "Total Revenue": 954200000.0,
        "Operating Revenue": 954200000.0
    },
    "2022-03-31": {
        "Diluted EPS": 0.51,
        "Total Revenue": 949,
        "Gross Profit": 83,
        "Operating Income": 25,
        "EBIT": 53,
        "Net Income": 8
    },
    "2021-12-31": {
        "Diluted EPS": 0.11,
        "Total Revenue": 806,
        "Gross Profit": 72,
        "Operating Income": 17,
        "EBIT": 44,
        "Net Income": 2
    },
    "2021-09-30": {
        "Diluted EPS": -0.14,
        "Total Revenue": 751,
        "Gross Profit": 73,
        "Operating Income": 20,
        "EBIT": 45,
        "Net Income": -2
    },
    "2021-06-30": {
        "Diluted EPS": -1.42,
        "Total Revenue": 741,
        "Gross Profit": 68,
        "Operating Income": 11,
        "EBIT": 37,
        "Net Income": -22
    },
    "2021-03-31": {
        "Diluted EPS": 0.28,
        "Total Revenue": 324,
        "Gross Profit": 62,
        "Operating Income": 17,
        "EBIT": 31,
        "Net Income": 5
    },
    "2020-12-31": {
        "Diluted EPS": 0.39,
        "Total Revenue": 272,
        "Gross Profit": 50,
        "Operating Income": 19,
        "EBIT": 32,
        "Net Income": 6
    },
    "2020-09-30": {
        "Diluted EPS": 0.02,
        "Total Revenue": 256,
        "Gross Profit": 47,
        "Operating Income": 12,
        "EBIT": 26,
        "Net Income": 0
    },
    "2020-06-30": {
        "Diluted EPS": -0.41,
        "Total Revenue": 276,
        "Gross Profit": 51,
        "Operating Income": 5,
        "EBIT": 18,
        "Net Income": -7
    },
    "2020-03-31": {
        "Diluted EPS": 1.81,
        "Total Revenue": 369,
        "Gross Profit": 83,
        "Operating Income": 46,
        "EBIT": 59,
        "Net Income": 29
    },
    "2019-12-31": {
        "Diluted EPS": -0.63,
        "Total Revenue": 369,
        "Gross Profit": 71,
        "Operating Income": 10,
        "EBIT": 23,
        "Net Income": -11
    },
    "2019-09-30": {
        "Diluted EPS": 1.57,
        "Total Revenue": 375,
        "Gross Profit": 76,
        "Operating Income": 41,
        "EBIT": 53,
        "Net Income": 25
    },
    "2019-06-30": {
        "Diluted EPS": 1.18,
        "Total Revenue": 375,
        "Gross Profit": 72,
        "Operating Income": 32,
        "EBIT": 45,
        "Net Income": 19
    },
    "2019-03-31": {
        "Diluted EPS": 1.71,
        "Total Revenue": 395,
        "Gross Profit": 80,
        "Operating Income": 43,
        "EBIT": 55,
        "Net Income": 28
    },
    "2018-12-31": {
        "Diluted EPS": 1.41,
        "Total Revenue": 389,
        "Gross Profit": 72,
        "Operating Income": 37,
        "EBIT": 49,
        "Net Income": 24
    },
    "2018-09-30": {
        "Diluted EPS": 1.29,
        "Total Revenue": 393,
        "Gross Profit": 70,
        "Operating Income": 35,
        "EBIT": 46,
        "Net Income": 22
    },
    "2018-06-30": {
        "Diluted EPS": 1.22,
        "Total Revenue": 415,
        "Gross Profit": 72,
        "Operating Income": 35,
        "EBIT": 46,
        "Net Income": 21
    },
    "2018-03-31": {
        "Diluted EPS": 1.51,
        "Total Revenue": 388,
        "Gross Profit": 71,
        "Operating Income": 37,
        "EBIT": 48,
        "Net Income": 26
    },
    "2017-12-31": {
        "Diluted EPS": -0.84,
        "Total Revenue": 353,
        "Gross Profit": 76,
        "Operating Income": 42,
        "EBIT": 53,
        "Net Income": -15
    },
    "2017-09-30": {
        "Diluted EPS": 1.16,
        "Total Revenue": 333,
        "Gross Profit": 76,
        "Operating Income": 42,
        "EBIT": 34,
        "Net Income": 20
    },
    "2017-06-30": {
        "Diluted EPS": 0.27,
        "Total Revenue": 356,
        "Gross Profit": 67,
        "Operating Income": 13,
        "EBIT": 41,
        "Net Income": 5
    },
    "2017-03-31": {
        "Diluted EPS": 2.04,
        "Total Revenue": 355,
        "Gross Profit": 93,
        "Operating Income": 59,
        "EBIT": 69,
        "Net Income": 36
    },
    "2016-12-31": {
        "Diluted EPS": 1.4,
        "Total Revenue": 332,
        "Gross Profit": 98,
        "Operating Income": 49,
        "EBIT": 58,
        "Net Income": 25
    },
    "2016-09-30": {
        "Diluted EPS": 0.82,
        "Total Revenue": 321,
        "Gross Profit": 66,
        "Operating Income": 30,
        "EBIT": 39,
        "Net Income": 15
    },
    "2016-06-30": {
        "Diluted EPS": 1.43,
        "Total Revenue": 335,
        "Gross Profit": 85,
        "Operating Income": 58,
        "EBIT": 67,
        "Net Income": 26
    },
    "2016-03-31": {
        "Diluted EPS": 1.44,
        "Total Revenue": 343,
        "Gross Profit": 81,
        "Operating Income": 45,
        "EBIT": 54,
        "Net Income": 26
    },
    "2015-12-31": {
        "Diluted EPS": 0.77,
        "Total Revenue": 317,
        "Gross Profit": 66,
        "Operating Income": 35,
        "EBIT": 44,
        "Net Income": 13
    },
    "2015-09-30": {
        "Diluted EPS": 1.21,
        "Total Revenue": 336,
        "Gross Profit": 69,
        "Operating Income": 41,
        "EBIT": 49,
        "Net Income": 22
    },
    "2015-06-30": {
        "Diluted EPS": 1.11,
        "Total Revenue": 367,
        "Gross Profit": 72,
        "Operating Income": 37,
        "EBIT": 46,
        "Net Income": 20
    },
    "2015-03-31": {
        "Diluted EPS": -16.85,
        "Total Revenue": 372,
        "Gross Profit": 69,
        "Operating Income": -459,
        "EBIT": -447,
        "Net Income": -292
    },
    "2014-12-31": {
        "Diluted EPS": 0.83,
        "Total Revenue": 338,
        "Gross Profit": 59,
        "Operating Income": 27,
        "EBIT": 38,
        "Net Income": 16
    },
    "2014-09-30": {
        "Diluted EPS": 0.85,
        "Total Revenue": 339,
        "Gross Profit": 59,
        "Operating Income": 33,
        "EBIT": 44,
        "Net Income": 16
    },
    "2014-06-30": {
        "Diluted EPS": 1.33,
        "Total Revenue": 344,
        "Gross Profit": 69,
        "Operating Income": 46,
        "EBIT": 64,
        "Net Income": 25
    },
    "2014-03-31": {
        "Diluted EPS": 0.85,
        "Total Revenue": 335,
        "Gross Profit": 52,
        "Operating Income": 32,
        "EBIT": 35,
        "Net Income": 16
    },
    "2013-12-31": {
        "Diluted EPS": 1.39,
        "Total Revenue": 311,
        "Gross Profit": 57,
        "Operating Income": 42,
        "EBIT": 52,
        "Net Income": 27
    },
    "2013-09-30": {
        "Diluted EPS": 1.34,
        "Total Revenue": 320,
        "Gross Profit": 60,
        "Operating Income": 42,
        "EBIT": 51,
        "Net Income": 25
    },
    "2013-06-30": {
        "Diluted EPS": 0.98,
        "Total Revenue": 329,
        "Gross Profit": 67,
        "Operating Income": 40,
        "EBIT": 50,
        "Net Income": 19
    },
    "2013-03-31": {
        "Diluted EPS": 1.73,
        "Total Revenue": 337,
        "Gross Profit": 74,
        "Operating Income": 50,
        "EBIT": 60,
        "Net Income": 34
    },
    "2012-12-31": {
        "Diluted EPS": 0.47,
        "Total Revenue": 314,
        "Gross Profit": 49,
        "Operating Income": 24,
        "EBIT": 33,
        "Net Income": 9
    },
    "2012-09-30": {
        "Diluted EPS": 1.51,
        "Total Revenue": 336,
        "Gross Profit": 67,
        "Operating Income": 56,
        "EBIT": 66,
        "Net Income": 29
    },
    "2012-06-30": {
        "Diluted EPS": 1.09,
        "Total Revenue": 345,
        "Gross Profit": 61,
        "Operating Income": 40,
        "EBIT": 49,
        "Net Income": 21
    },
    "2012-03-31": {
        "Diluted EPS": 1.38,
        "Total Revenue": 365,
        "Gross Profit": 67,
        "Operating Income": 46,
        "EBIT": 55,
        "Net Income": 27
    },
    "2011-12-31": {
        "Diluted EPS": 0.33,
        "Total Revenue": 318,
        "Gross Profit": 67,
        "Operating Income": 16,
        "EBIT": 25,
        "Net Income": 6
    },
    "2011-09-30": {
        "Diluted EPS": 0.21,
        "Total Revenue": 322,
        "Gross Profit": 25,
        "Operating Income": 5,
        "EBIT": 13,
        "Net Income": 4
    },
    "2011-06-30": {
        "Diluted EPS": 0.21,
        "Total Revenue": 339,
        "Gross Profit": 39,
        "Operating Income": 15,
        "EBIT": 23,
        "Net Income": 4
    },
    "2011-03-31": {
        "Diluted EPS": 0.57,
        "Total Revenue": 323,
        "Gross Profit": 42,
        "Operating Income": 20,
        "EBIT": 28,
        "Net Income": 11
    },
    "2010-12-31": {
        "Diluted EPS": -0.13,
        "Total Revenue": 266,
        "Gross Profit": 37,
        "Operating Income": 9,
        "EBIT": 17,
        "Net Income": -2
    },
    "2010-09-30": {
        "Diluted EPS": 0.29,
        "Total Revenue": 263,
        "Gross Profit": 34,
        "Operating Income": 13,
        "EBIT": 20,
        "Net Income": 6
    },
    "2010-06-30": {
        "Diluted EPS": 0.01,
        "Total Revenue": 282,
        "Gross Profit": 27,
        "Operating Income": 4,
        "EBIT": 11,
        "Net Income": 0
    },
    "2010-03-31": {
        "Diluted EPS": 0.44,
        "Total Revenue": 268,
        "Gross Profit": 36,
        "Operating Income": 15,
        "EBIT": 19,
        "Net Income": 9
    },
    "2009-12-31": {
        "Diluted EPS": 1.21,
        "Total Revenue": 237,
        "Gross Profit": 55,
        "Operating Income": 34,
        "EBIT": 40,
        "Net Income": 23
    },
    "2009-09-30": {
        "Diluted EPS": 1.14,
        "Total Revenue": 252,
        "Gross Profit": 64,
        "Operating Income": 43,
        "EBIT": 49,
        "Net Income": 23
    },
    "2009-06-30": {
        "Diluted EPS": 0.97,
        "Total Revenue": 232,
        "Gross Profit": 62,
        "Operating Income": 35,
        "EBIT": 39,
        "Net Income": 19
    },
    "2009-03-31": {
        "Diluted EPS": 0.19,
        "Total Revenue": 266,
        "Gross Profit": 40,
        "Operating Income": 7,
        "EBIT": 12,
        "Net Income": 4
    },
    "2023-09-30": {
        "Tax Effect Of Unusual Items": NaN,
        "Tax Rate For Calcs": NaN,
        "Normalized EBITDA": NaN,
        "Total Unusual Items": NaN,
        "Total Unusual Items Excluding Goodwill": NaN,
        "Net Income From Continuing Operation Net Minority Interest": NaN,
        "Reconciled Depreciation": NaN,
        "Reconciled Cost Of Revenue": NaN,
        "EBITDA": NaN,
        "EBIT": NaN,
        "Net Interest Income": NaN,
        "Interest Expense": NaN,
        "Interest Income": NaN,
        "Normalized Income": NaN,
        "Net Income From Continuing And Discontinued Operation": NaN,
        "Total Expenses": NaN,
        "Total Operating Income As Reported": NaN,
        "Diluted Average Shares": 16154000.0,
        "Basic Average Shares": 15995000.0,
        "Diluted EPS": 0.34,
        "Basic EPS": 0.34,
        "Diluted NI Availto Com Stockholders": NaN,
        "Net Income Common Stockholders": NaN,
        "Net Income": NaN,
        "Net Income Including Noncontrolling Interests": NaN,
        "Net Income Continuous Operations": NaN,
        "Tax Provision": NaN,
        "Pretax Income": NaN,
        "Other Income Expense": NaN,
        "Other Non Operating Income Expenses": NaN,
        "Special Income Charges": NaN,
        "Gain On Sale Of Ppe": NaN,
        "Other Special Charges": NaN,
        "Restructuring And Mergern Acquisition": NaN,
        "Gain On Sale Of Security": NaN,
        "Net Non Operating Interest Income Expense": NaN,
        "Interest Expense Non Operating": NaN,
        "Interest Income Non Operating": NaN,
        "Operating Income": NaN,
        "Operating Expense": NaN,
        "Other Operating Expenses": NaN,
        "Depreciation Amortization Depletion Income Statement": NaN,
        "Depreciation And Amortization In Income Statement": NaN,
        "Selling General And Administration": NaN,
        "Selling And Marketing Expense": 30500000.0,
        "General And Administrative Expense": 30500000.0,
        "Other Gand A": 30500000.0,
        "Salaries And Wages": 2200000.0,
        "Gross Profit": NaN,
        "Cost Of Revenue": NaN,
        "Total Revenue": NaN,
        "Operating Revenue": NaN
    },
    "2023-12-31": {
        "Tax Effect Of Unusual Items": NaN,
        "Tax Rate For Calcs": NaN,
        "Normalized EBITDA": NaN,
        "Total Unusual Items": NaN,
        "Total Unusual Items Excluding Goodwill": NaN,
        "Net Income From Continuing Operation Net Minority Interest": NaN,
        "Reconciled Depreciation": NaN,
        "Reconciled Cost Of Revenue": NaN,
        "EBITDA": NaN,
        "EBIT": NaN,
        "Net Interest Income": NaN,
        "Interest Expense": NaN,
        "Interest Income": NaN,
        "Normalized Income": NaN,
        "Net Income From Continuing And Discontinued Operation": NaN,
        "Total Expenses": NaN,
        "Total Operating Income As Reported": NaN,
        "Diluted Average Shares": NaN,
        "Basic Average Shares": NaN,
        "Diluted EPS": NaN,
        "Basic EPS": NaN,
        "Diluted NI Availto Com Stockholders": NaN,
        "Net Income Common Stockholders": NaN,
        "Net Income": NaN,
        "Net Income Including Noncontrolling Interests": NaN,
        "Net Income Continuous Operations": NaN,
        "Tax Provision": NaN,
        "Pretax Income": NaN,
        "Other Income Expense": NaN,
        "Other Non Operating Income Expenses": NaN,
        "Special Income Charges": NaN,
        "Gain On Sale Of Ppe": NaN,
        "Other Special Charges": NaN,
        "Restructuring And Mergern Acquisition": NaN,
        "Gain On Sale Of Security": NaN,
        "Net Non Operating Interest Income Expense": NaN,
        "Interest Expense Non Operating": NaN,
        "Interest Income Non Operating": NaN,
        "Operating Income": NaN,
        "Operating Expense": NaN,
        "Other Operating Expenses": NaN,
        "Depreciation Amortization Depletion Income Statement": NaN,
        "Depreciation And Amortization In Income Statement": NaN,
        "Selling General And Administration": NaN,
        "Selling And Marketing Expense": 30300000.0,
        "General And Administrative Expense": 30300000.0,
        "Other Gand A": 30300000.0,
        "Salaries And Wages": 2300000.0,
        "Gross Profit": NaN,
        "Cost Of Revenue": NaN,
        "Total Revenue": NaN,
        "Operating Revenue": NaN
    },
    "2024-03-31": {
        "Tax Effect Of Unusual Items": NaN,
        "Tax Rate For Calcs": NaN,
        "Normalized EBITDA": NaN,
        "Total Unusual Items": NaN,
        "Total Unusual Items Excluding Goodwill": NaN,
        "Net Income From Continuing Operation Net Minority Interest": NaN,
        "Reconciled Depreciation": NaN,
        "Reconciled Cost Of Revenue": NaN,
        "EBITDA": NaN,
        "EBIT": NaN,
        "Net Interest Income": NaN,
        "Interest Expense": NaN,
        "Interest Income": NaN,
        "Normalized Income": NaN,
        "Net Income From Continuing And Discontinued Operation": NaN,
        "Total Expenses": NaN,
        "Total Operating Income As Reported": NaN,
        "Diluted Average Shares": NaN,
        "Basic Average Shares": NaN,
        "Diluted EPS": NaN,
        "Basic EPS": NaN,
        "Diluted NI Availto Com Stockholders": NaN,
        "Net Income Common Stockholders": NaN,
        "Net Income": NaN,
        "Net Income Including Noncontrolling Interests": NaN,
        "Net Income Continuous Operations": NaN,
        "Tax Provision": NaN,
        "Pretax Income": NaN,
        "Other Income Expense": NaN,
        "Other Non Operating Income Expenses": NaN,
        "Special Income Charges": NaN,
        "Gain On Sale Of Ppe": NaN,
        "Other Special Charges": -10500000.0,
        "Restructuring And Mergern Acquisition": NaN,
        "Gain On Sale Of Security": NaN,
        "Net Non Operating Interest Income Expense": NaN,
        "Interest Expense Non Operating": NaN,
        "Interest Income Non Operating": NaN,
        "Operating Income": NaN,
        "Operating Expense": NaN,
        "Other Operating Expenses": 400000.0,
        "Depreciation Amortization Depletion Income Statement": NaN,
        "Depreciation And Amortization In Income Statement": NaN,
        "Selling General And Administration": NaN,
        "General And Administrative Expense": 32600000.0,
        "Other Gand A": 32600000.0,
        "Gross Profit": NaN,
        "Cost Of Revenue": NaN,
        "Total Revenue": NaN,
        "Operating Revenue": NaN
    },
    "2024-06-30": {
        "Tax Effect Of Unusual Items": -1610000.0,
        "Tax Rate For Calcs": 0.23,
        "Normalized EBITDA": 71700000.0,
        "Total Unusual Items": -7000000.0,
        "Total Unusual Items Excluding Goodwill": -7000000.0,
        "Net Income From Continuing Operation Net Minority Interest": 18900000.0,
        "Reconciled Depreciation": 29000000.0,
        "Reconciled Cost Of Revenue": 669800000.0,
        "EBITDA": 64700000.0,
        "EBIT": 35700000.0,
        "Net Interest Income": -9900000.0,
        "Interest Expense": 11100000.0,
        "Interest Income": 1200000.0,
        "Normalized Income": 24290000.0,
        "Net Income From Continuing And Discontinued Operation": 18900000.0,
        "Total Expenses": 730400000.0,
        "Total Operating Income As Reported": 36200000.0,
        "Diluted Average Shares": 16398000.0,
        "Basic Average Shares": 16072000.0,
        "Diluted EPS": 0.19,
        "Basic EPS": 0.19,
        "Diluted NI Availto Com Stockholders": 18900000.0,
        "Net Income Common Stockholders": 18900000.0,
        "Net Income": 18900000.0,
        "Net Income Including Noncontrolling Interests": 18900000.0,
        "Net Income Continuous Operations": 18900000.0,
        "Tax Provision": 5700000.0,
        "Pretax Income": 24600000.0,
        "Other Income Expense": -8500000.0,
        "Other Non Operating Income Expenses": -1500000.0,
        "Special Income Charges": -7100000.0,
        "Gain On Sale Of Ppe": -300000.0,
        "Other Special Charges": NaN,
        "Restructuring And Mergern Acquisition": 6800000.0,
        "Gain On Sale Of Security": 100000.0,
        "Net Non Operating Interest Income Expense": -9900000.0,
        "Interest Expense Non Operating": 11100000.0,
        "Interest Income Non Operating": 1200000.0,
        "Operating Income": 43000000.0,
        "Operating Expense": 60600000.0,
        "Other Operating Expenses": NaN,
        "Depreciation Amortization Depletion Income Statement": 29000000.0,
        "Depreciation And Amortization In Income Statement": 29000000.0,
        "Selling General And Administration": 31600000.0,
        "General And Administrative Expense": NaN,
        "Other Gand A": NaN,
        "Gross Profit": 103600000.0,
        "Cost Of Revenue": 669800000.0,
        "Total Revenue": 773400000.0,
        "Operating Revenue": 773400000.0
    },
    "2024-09-30": {
        "Tax Effect Of Unusual Items": 1870000.0,
        "Tax Rate For Calcs": 0.22,
        "Normalized EBITDA": 47500000.0,
        "Total Unusual Items": 8500000.0,
        "Total Unusual Items Excluding Goodwill": 8500000.0,
        "Net Income From Continuing Operation Net Minority Interest": 12000000.0,
        "Reconciled Depreciation": 29900000.0,
        "Reconciled Cost Of Revenue": 670900000.0,
        "EBITDA": 56000000.0,
        "EBIT": 26100000.0,
        "Net Interest Income": -9800000.0,
        "Interest Expense": 10700000.0,
        "Interest Income": 900000.0,
        "Normalized Income": 5370000.0,
        "Net Income From Continuing And Discontinued Operation": 12000000.0,
        "Total Expenses": 729600000.0,
        "Total Operating Income As Reported": 17400000.0,
        "Diluted Average Shares": 16335000.0,
        "Basic Average Shares": 16087000.0,
        "Diluted EPS": 0.74,
        "Basic EPS": 0.75,
        "Diluted NI Availto Com Stockholders": 12000000.0,
        "Net Income Common Stockholders": 12000000.0,
        "Net Income": 12000000.0,
        "Net Income Including Noncontrolling Interests": 12000000.0,
        "Net Income Continuous Operations": 12000000.0,
        "Tax Provision": 3400000.0,
        "Pretax Income": 15400000.0,
        "Other Income Expense": 7100000.0,
        "Other Non Operating Income Expenses": -1400000.0,
        "Special Income Charges": 8300000.0,
        "Gain On Sale Of Ppe": 4400000.0,
        "Other Special Charges": -4600000.0,
        "Restructuring And Mergern Acquisition": 700000.0,
        "Gain On Sale Of Security": 200000.0,
        "Net Non Operating Interest Income Expense": -9800000.0,
        "Interest Expense Non Operating": 10700000.0,
        "Interest Income Non Operating": 900000.0,
        "Operating Income": 18100000.0,
        "Operating Expense": 57800000.0,
        "Other Operating Expenses": NaN,
        "Depreciation Amortization Depletion Income Statement": 29000000.0,
        "Depreciation And Amortization In Income Statement": 29000000.0,
        "Selling General And Administration": 28800000.0,
        "General And Administrative Expense": NaN,
        "Other Gand A": NaN,
        "Gross Profit": 75900000.0,
        "Cost Of Revenue": 671800000.0,
        "Total Revenue": 747700000.0,
        "Operating Revenue": 747700000.0
    },
    "2024-12-31": {
        "Tax Effect Of Unusual Items": 189000.0,
        "Tax Rate For Calcs": 0.21,
        "Normalized EBITDA": 51200000.0,
        "Total Unusual Items": 900000.0,
        "Total Unusual Items Excluding Goodwill": 900000.0,
        "Net Income From Continuing Operation Net Minority Interest": 7100000.0,
        "Reconciled Depreciation": 28700000.0,
        "Reconciled Cost Of Revenue": 686800000.0,
        "EBITDA": 52100000.0,
        "EBIT": 22500000.0,
        "Net Interest Income": -9800000.0,
        "Interest Expense": 10400000.0,
        "Interest Income": 600000.0,
        "Normalized Income": 6389000.0,
        "Net Income From Continuing And Discontinued Operation": 7100000.0,
        "Total Expenses": 743300000.0,
        "Total Operating Income As Reported": 22100000.0,
        "Diluted Average Shares": 16386000.0,
        "Basic Average Shares": 16089000.0,
        "Diluted EPS": 0.43,
        "Basic EPS": 0.44,
        "Diluted NI Availto Com Stockholders": 7100000.0,
        "Net Income Common Stockholders": 7100000.0,
        "Net Income": 7100000.0,
        "Net Income Including Noncontrolling Interests": 7100000.0,
        "Net Income Continuous Operations": 7100000.0,
        "Tax Provision": 5000000.0,
        "Pretax Income": 12100000.0,
        "Other Income Expense": -200000.0,
        "Other Non Operating Income Expenses": -1100000.0,
        "Special Income Charges": 1100000.0,
        "Gain On Sale Of Ppe": -100000.0,
        "Other Special Charges": -1200000.0,
        "Restructuring And Mergern Acquisition": 0.0,
        "Gain On Sale Of Security": -200000.0,
        "Net Non Operating Interest Income Expense": -9800000.0,
        "Interest Expense Non Operating": 10400000.0,
        "Interest Income Non Operating": 600000.0,
        "Operating Income": 22100000.0,
        "Operating Expense": 57400000.0,
        "Other Operating Expenses": 0.0,
        "Depreciation Amortization Depletion Income Statement": 29600000.0,
        "Depreciation And Amortization In Income Statement": 29600000.0,
        "Selling General And Administration": 27800000.0,
        "General And Administrative Expense": NaN,
        "Other Gand A": NaN,
        "Gross Profit": 79500000.0,
        "Cost Of Revenue": 685900000.0,
        "Total Revenue": 765400000.0,
        "Operating Revenue": 765400000.0
    },
    "2025-03-31": {
        "Tax Effect Of Unusual Items": -475000.0,
        "Tax Rate For Calcs": 0.25,
        "Normalized EBITDA": 71900000.0,
        "Total Unusual Items": -1900000.0,
        "Total Unusual Items Excluding Goodwill": -1900000.0,
        "Net Income From Continuing Operation Net Minority Interest": 21600000.0,
        "Reconciled Depreciation": 30000000.0,
        "Reconciled Cost Of Revenue": 673400000.0,
        "EBITDA": 70000000.0,
        "EBIT": 40000000.0,
        "Net Interest Income": -11000000.0,
        "Interest Expense": 11200000.0,
        "Interest Income": 200000.0,
        "Normalized Income": 23025000.0,
        "Net Income From Continuing And Discontinued Operation": 21600000.0,
        "Total Expenses": 734200000.0,
        "Total Operating Income As Reported": 41400000.0,
        "Diluted Average Shares": 16399000.0,
        "Basic Average Shares": 16116000.0,
        "Diluted EPS": 1.31,
        "Basic EPS": 1.34,
        "Diluted NI Availto Com Stockholders": 21600000.0,
        "Net Income Common Stockholders": 21600000.0,
        "Net Income": 21600000.0,
        "Net Income Including Noncontrolling Interests": 21600000.0,
        "Net Income Continuous Operations": 21600000.0,
        "Tax Provision": 7200000.0,
        "Pretax Income": 28800000.0,
        "Other Income Expense": -3400000.0,
        "Other Non Operating Income Expenses": -1500000.0,
        "Special Income Charges": -1800000.0,
        "Gain On Sale Of Ppe": 0.0,
        "Other Special Charges": NaN,
        "Restructuring And Mergern Acquisition": 1800000.0,
        "Gain On Sale Of Security": -100000.0,
        "Net Non Operating Interest Income Expense": -11000000.0,
        "Interest Expense Non Operating": 11200000.0,
        "Interest Income Non Operating": 200000.0,
        "Operating Income": 43200000.0,
        "Operating Expense": 60800000.0,
        "Other Operating Expenses": NaN,
        "Depreciation Amortization Depletion Income Statement": 30000000.0,
        "Depreciation And Amortization In Income Statement": 30000000.0,
        "Selling General And Administration": 30800000.0,
        "General And Administrative Expense": NaN,
        "Other Gand A": NaN,
        "Gross Profit": 104000000.0,
        "Cost Of Revenue": 673400000.0,
        "Total Revenue": 777400000.0,
        "Operating Revenue": 777400000.0
    },
    "2025-06-30": {
        "Tax Effect Of Unusual Items": 1122000.0,
        "Tax Rate For Calcs": 0.22,
        "Normalized EBITDA": 66900000.0,
        "Total Unusual Items": 5100000.0,
        "Total Unusual Items Excluding Goodwill": 5100000.0,
        "Net Income From Continuing Operation Net Minority Interest": 23200000.0,
        "Reconciled Depreciation": 29600000.0,
        "Reconciled Cost Of Revenue": 722800000.0,
        "EBITDA": 72000000.0,
        "EBIT": 42400000.0,
        "Net Interest Income": -12300000.0,
        "Interest Expense": 12500000.0,
        "Interest Income": 200000.0,
        "Normalized Income": 19222000.0,
        "Net Income From Continuing And Discontinued Operation": 23200000.0,
        "Total Expenses": 785000000.0,
        "Total Operating Income As Reported": 38000000.0,
        "Diluted Average Shares": 16479000.0,
        "Basic Average Shares": 16160000.0,
        "Diluted EPS": 1.41,
        "Basic EPS": 1.44,
        "Diluted NI Availto Com Stockholders": 23200000.0,
        "Net Income Common Stockholders": 23200000.0,
        "Net Income": 23200000.0,
        "Net Income Including Noncontrolling Interests": 23200000.0,
        "Net Income Continuous Operations": 23200000.0,
        "Tax Provision": 6700000.0,
        "Pretax Income": 29900000.0,
        "Other Income Expense": 4100000.0,
        "Other Non Operating Income Expenses": -1000000.0,
        "Special Income Charges": 4900000.0,
        "Gain On Sale Of Ppe": 0.0,
        "Other Special Charges": -5000000.0,
        "Restructuring And Mergern Acquisition": 100000.0,
        "Gain On Sale Of Security": 200000.0,
        "Net Non Operating Interest Income Expense": -12300000.0,
        "Interest Expense Non Operating": 12500000.0,
        "Interest Income Non Operating": 200000.0,
        "Operating Income": 38100000.0,
        "Operating Expense": 62200000.0,
        "Other Operating Expenses": NaN,
        "Depreciation Amortization Depletion Income Statement": 29600000.0,
        "Depreciation And Amortization In Income Statement": 29600000.0,
        "Selling General And Administration": 32600000.0,
        "General And Administrative Expense": NaN,
        "Other Gand A": NaN,
        "Gross Profit": 100300000.0,
        "Cost Of Revenue": 722800000.0,
        "Total Revenue": 823100000.0,
        "Operating Revenue": 823100000.0
    }
}