{
    "2023-03-31": {
        "Tax Effect Of Unusual Items": -449072.0,
        "Tax Rate For Calcs": 0.208,
        "Normalized EBITDA": 24893000.0,
        "Total Unusual Items": -2159000.0,
        "Total Unusual Items Excluding Goodwill": -2159000.0,
        "Net Income From Continuing Operation Net Minority Interest": -19000.0,
        "Reconciled Depreciation": 13154000.0,
        "Reconciled Cost Of Revenue": 120996000.0,
        "EBITDA": 22734000.0,
        "EBIT": 9580000.0,
        "Net Interest Income": -9604000.0,
        "Interest Expense": 9604000.0,
        "Normalized Income": 1690928.0,
        "Net Income From Continuing And Discontinued Operation": -19000.0,
        "Total Expenses": 183755000.0,
        "Total Operating Income As Reported": 8628000.0,
        "Diluted Average Shares": 28117000.0,
        "Basic Average Shares": 28117000.0,
        "Diluted EPS": -0.000676,
        "Basic EPS": -0.000676,
        "Diluted NI Availto Com Stockholders": -19000.0,
        "Net Income Common Stockholders": -19000.0,
        "Net Income": -19000.0,
        "Net Income Including Noncontrolling Interests": -19000.0,
        "Net Income Continuous Operations": -19000.0,
        "Tax Provision": -5000.0,
        "Pretax Income": -24000.0,
        "Other Income Expense": -1207000.0,
        "Other Non Operating Income Expenses": 952000.0,
        "Special Income Charges": -2159000.0,
        "Gain On Sale Of Ppe": 31000.0,
        "Gain On Sale Of Business": NaN,
        "Restructuring And Mergern Acquisition": 2190000.0,
        "Net Non Operating Interest Income Expense": -9604000.0,
        "Interest Expense Non Operating": 9604000.0,
        "Operating Income": 10787000.0,
        "Operating Expense": 56757000.0,
        "Depreciation Amortization Depletion Income Statement": 7152000.0,
        "Depreciation And Amortization In Income Statement": 7152000.0,
        "Amortization": 7152000.0,
        "Amortization Of Intangibles Income Statement": 7152000.0,
        "Research And Development": 5907000.0,
        "Selling General And Administration": 43698000.0,
        "General And Administrative Expense": NaN,
        "Other Gand A": NaN,
        "Salaries And Wages": NaN,
        "Gross Profit": 67544000.0,
        "Cost Of Revenue": 126998000.0,
        "Total Revenue": 194542000.0,
        "Operating Revenue": 194542000.0
    },
    "2022-12-31": {
        "Tax Effect Of Unusual Items": -10546817.163723,
        "Tax Rate For Calcs": 0.254171,
        "Normalized EBITDA": -9711000.0,
        "Total Unusual Items": -41495000.0,
        "Total Unusual Items Excluding Goodwill": -41495000.0,
        "Net Income From Continuing Operation Net Minority Interest": -54943000.0,
        "Reconciled Depreciation": 13675000.0,
        "Reconciled Cost Of Revenue": 170345000.0,
        "EBITDA": -51206000.0,
        "EBIT": -64881000.0,
        "Net Interest Income": -8786000.0,
        "Interest Expense": 8786000.0,
        "Normalized Income": -23994817.163723,
        "Net Income From Continuing And Discontinued Operation": -54943000.0,
        "Total Expenses": 227774000.0,
        "Total Operating Income As Reported": -72126000.0,
        "Diluted Average Shares": 28051000.0,
        "Basic Average Shares": 28051000.0,
        "Diluted EPS": -1.96,
        "Basic EPS": -1.96,
        "Diluted NI Availto Com Stockholders": -54943000.0,
        "Net Income Common Stockholders": -54943000.0,
        "Net Income": -54943000.0,
        "Net Income Including Noncontrolling Interests": -54943000.0,
        "Net Income Continuous Operations": -54943000.0,
        "Tax Provision": -18724000.0,
        "Pretax Income": -73667000.0,
        "Other Income Expense": -34250000.0,
        "Other Non Operating Income Expenses": 7245000.0,
        "Special Income Charges": -41495000.0,
        "Gain On Sale Of Ppe": -65000.0,
        "Gain On Sale Of Business": 0.0,
        "Restructuring And Mergern Acquisition": 6989000.0,
        "Net Non Operating Interest Income Expense": -8786000.0,
        "Interest Expense Non Operating": 8786000.0,
        "Operating Income": -30631000.0,
        "Operating Expense": 51061000.0,
        "Depreciation Amortization Depletion Income Statement": 7307000.0,
        "Depreciation And Amortization In Income Statement": 7307000.0,
        "Amortization": 7307000.0,
        "Amortization Of Intangibles Income Statement": 7307000.0,
        "Research And Development": 5287000.0,
        "Selling General And Administration": 38467000.0,
        "General And Administrative Expense": NaN,
        "Other Gand A": NaN,
        "Salaries And Wages": NaN,
        "Gross Profit": 20430000.0,
        "Cost Of Revenue": 176713000.0,
        "Total Revenue": 197143000.0,
        "Operating Revenue": 197143000.0
    },
    "2022-09-30": {
        "Tax Effect Of Unusual Items": 116450.0,
        "Tax Rate For Calcs": 0.17,
        "Normalized EBITDA": 13065000.0,
        "Total Unusual Items": 685000.0,
        "Total Unusual Items Excluding Goodwill": 685000.0,
        "Net Income From Continuing Operation Net Minority Interest": 625000.0,
        "Reconciled Depreciation": 9383000.0,
        "Reconciled Cost Of Revenue": 109914000.0,
        "EBITDA": 13750000.0,
        "EBIT": 4367000.0,
        "Net Interest Income": -3614000.0,
        "Interest Expense": 3614000.0,
        "Normalized Income": 56450.0,
        "Net Income From Continuing And Discontinued Operation": 625000.0,
        "Total Expenses": 172243000.0,
        "Total Operating Income As Reported": 446000.0,
        "Diluted Average Shares": 28037000.0,
        "Basic Average Shares": 28037000.0,
        "Diluted EPS": -0.01,
        "Basic EPS": -0.01,
        "Diluted NI Availto Com Stockholders": 625000.0,
        "Net Income Common Stockholders": 625000.0,
        "Net Income": 625000.0,
        "Net Income Including Noncontrolling Interests": 625000.0,
        "Net Income Continuous Operations": 625000.0,
        "Tax Provision": 128000.0,
        "Pretax Income": 753000.0,
        "Other Income Expense": 4606000.0,
        "Other Non Operating Income Expenses": 3921000.0,
        "Special Income Charges": 685000.0,
        "Gain On Sale Of Ppe": -15000.0,
        "Gain On Sale Of Business": 457000.0,
        "Write Off": NaN,
        "Impairment Of Capital Assets": NaN,
        "Restructuring And Mergern Acquisition": -243000.0,
        "Net Non Operating Interest Income Expense": -3614000.0,
        "Interest Expense Non Operating": 3614000.0,
        "Operating Income": -239000.0,
        "Operating Expense": 56064000.0,
        "Depreciation Amortization Depletion Income Statement": 3118000.0,
        "Depreciation And Amortization In Income Statement": 3118000.0,
        "Amortization": 3118000.0,
        "Amortization Of Intangibles Income Statement": 3118000.0,
        "Research And Development": 3937000.0,
        "Selling General And Administration": 49009000.0,
        "General And Administrative Expense": NaN,
        "Other Gand A": NaN,
        "Salaries And Wages": NaN,
        "Gross Profit": 55825000.0,
        "Cost Of Revenue": 116179000.0,
        "Total Revenue": 172004000.0,
        "Operating Revenue": 172004000.0
    },
    "2022-06-30": {
        "Tax Effect Of Unusual Items": -353683.0,
        "Tax Rate For Calcs": 0.121,
        "Normalized EBITDA": 18359000.0,
        "Total Unusual Items": -2923000.0,
        "Total Unusual Items Excluding Goodwill": -2923000.0,
        "Net Income From Continuing Operation Net Minority Interest": 4064000.0,
        "Reconciled Depreciation": 8822000.0,
        "Reconciled Cost Of Revenue": 102276000.0,
        "EBITDA": 15436000.0,
        "EBIT": 6614000.0,
        "Net Interest Income": -1993000.0,
        "Interest Expense": 1993000.0,
        "Normalized Income": 6633317.0,
        "Net Income From Continuing And Discontinued Operation": 4064000.0,
        "Total Expenses": 155563000.0,
        "Total Operating Income As Reported": 2280000.0,
        "Diluted Average Shares": 28059000.0,
        "Basic Average Shares": 28005000.0,
        "Diluted EPS": 0.13,
        "Basic EPS": 0.13,
        "Diluted NI Availto Com Stockholders": 4064000.0,
        "Net Income Common Stockholders": 4064000.0,
        "Net Income": 4064000.0,
        "Net Income Including Noncontrolling Interests": 4064000.0,
        "Net Income Continuous Operations": 4064000.0,
        "Tax Provision": 557000.0,
        "Pretax Income": 4621000.0,
        "Other Income Expense": 1411000.0,
        "Other Non Operating Income Expenses": 4334000.0,
        "Special Income Charges": -2923000.0,
        "Gain On Sale Of Ppe": 4000.0,
        "Gain On Sale Of Business": 0.0,
        "Write Off": NaN,
        "Impairment Of Capital Assets": NaN,
        "Restructuring And Mergern Acquisition": 2927000.0,
        "Net Non Operating Interest Income Expense": -1993000.0,
        "Interest Expense Non Operating": 1993000.0,
        "Operating Income": 5203000.0,
        "Operating Expense": 46904000.0,
        "Depreciation Amortization Depletion Income Statement": 2439000.0,
        "Depreciation And Amortization In Income Statement": 2439000.0,
        "Amortization": 2439000.0,
        "Amortization Of Intangibles Income Statement": 2439000.0,
        "Research And Development": 5215000.0,
        "Selling General And Administration": 39250000.0,
        "General And Administrative Expense": NaN,
        "Other Gand A": NaN,
        "Salaries And Wages": NaN,
        "Gross Profit": 52107000.0,
        "Cost Of Revenue": 108659000.0,
        "Total Revenue": 160766000.0,
        "Operating Revenue": 160766000.0
    },
    "2023-06-30": {
        "Tax Effect Of Unusual Items": -206927.0,
        "Tax Rate For Calcs": 0.287,
        "Normalized EBITDA": 31721000.0,
        "Total Unusual Items": -721000.0,
        "Total Unusual Items Excluding Goodwill": -721000.0,
        "Net Income From Continuing Operation Net Minority Interest": 5255000.0,
        "Reconciled Depreciation": 13290000.0,
        "Reconciled Cost Of Revenue": 116818000.0,
        "EBITDA": 31000000.0,
        "EBIT": 17710000.0,
        "Net Interest Income": -10340000.0,
        "Interest Expense": 10340000.0,
        "Normalized Income": 5769073.0,
        "Net Income From Continuing And Discontinued Operation": 5255000.0,
        "Total Expenses": 176867000.0,
        "Total Operating Income As Reported": 17570000.0,
        "Diluted Average Shares": 28355000.0,
        "Basic Average Shares": 28203000.0,
        "Diluted EPS": 0.19,
        "Basic EPS": 0.19,
        "Diluted NI Availto Com Stockholders": 5255000.0,
        "Net Income Common Stockholders": 5255000.0,
        "Net Income": 5255000.0,
        "Net Income Including Noncontrolling Interests": 5255000.0,
        "Net Income Continuous Operations": 5255000.0,
        "Tax Provision": 2115000.0,
        "Pretax Income": 7370000.0,
        "Other Income Expense": -581000.0,
        "Other Non Operating Income Expenses": 140000.0,
        "Special Income Charges": -721000.0,
        "Gain On Sale Of Ppe": -449000.0,
        "Gain On Sale Of Business": NaN,
        "Restructuring And Mergern Acquisition": 272000.0,
        "Net Non Operating Interest Income Expense": -10340000.0,
        "Interest Expense Non Operating": 10340000.0,
        "Operating Income": 18291000.0,
        "Operating Expense": 53951000.0,
        "Depreciation Amortization Depletion Income Statement": 7192000.0,
        "Depreciation And Amortization In Income Statement": 7192000.0,
        "Amortization": 7192000.0,
        "Amortization Of Intangibles Income Statement": 7192000.0,
        "Research And Development": 5193000.0,
        "Selling General And Administration": 41566000.0,
        "General And Administrative Expense": 41566000.0,
        "Other Gand A": 41566000.0,
        "Salaries And Wages": -239000.0,
        "Gross Profit": 72242000.0,
        "Cost Of Revenue": 122916000.0,
        "Total Revenue": 195158000.0,
        "Operating Revenue": 195158000.0
    },
    "2022-03-31": {
        "Diluted EPS": 0.14,
        "Total Revenue": 158,
        "Gross Profit": 51,
        "Operating Income": 3,
        "EBIT": 12,
        "Net Income": 4
    },
    "2021-12-31": {
        "Diluted EPS": 0.33,
        "Total Revenue": 175,
        "Gross Profit": 59,
        "Operating Income": 13,
        "EBIT": 23,
        "Net Income": 9
    },
    "2021-09-30": {
        "Diluted EPS": 0.53,
        "Total Revenue": 180,
        "Gross Profit": 63,
        "Operating Income": 16,
        "EBIT": 26,
        "Net Income": 15
    },
    "2021-06-30": {
        "Diluted EPS": 0.42,
        "Total Revenue": 182,
        "Gross Profit": 62,
        "Operating Income": 15,
        "EBIT": 25,
        "Net Income": 12
    },
    "2021-03-31": {
        "Diluted EPS": 0.29,
        "Total Revenue": 172,
        "Gross Profit": 53,
        "Operating Income": 6,
        "EBIT": 16,
        "Net Income": 8
    },
    "2020-12-31": {
        "Diluted EPS": -1.14,
        "Total Revenue": 185,
        "Gross Profit": 54,
        "Operating Income": -38,
        "EBIT": -25,
        "Net Income": -31
    },
    "2020-09-30": {
        "Diluted EPS": -1.39,
        "Total Revenue": 214,
        "Gross Profit": 67,
        "Operating Income": -39,
        "EBIT": 25,
        "Net Income": -39
    },
    "2020-06-30": {
        "Diluted EPS": 0.0,
        "Total Revenue": 178,
        "Gross Profit": 57,
        "Operating Income": -3,
        "EBIT": 9,
        "Net Income": 0
    },
    "2020-03-31": {
        "Diluted EPS": 0.01,
        "Total Revenue": 207,
        "Gross Profit": 68,
        "Operating Income": -4,
        "EBIT": 6,
        "Net Income": 0
    },
    "2019-12-31": {
        "Diluted EPS": 1.41,
        "Total Revenue": 238,
        "Gross Profit": 73,
        "Operating Income": 15,
        "EBIT": 23,
        "Net Income": 39
    },
    "2019-09-30": {
        "Diluted EPS": 5.08,
        "Total Revenue": 183,
        "Gross Profit": 61,
        "Operating Income": 16,
        "EBIT": 24,
        "Net Income": 143
    },
    "2019-06-30": {
        "Diluted EPS": 0.48,
        "Total Revenue": 175,
        "Gross Profit": 53,
        "Operating Income": 11,
        "EBIT": 18,
        "Net Income": 13
    },
    "2019-03-31": {
        "Diluted EPS": 0.5,
        "Total Revenue": 166,
        "Gross Profit": 55,
        "Operating Income": 12,
        "EBIT": 20,
        "Net Income": 14
    },
    "2018-12-31": {
        "Diluted EPS": 0.84,
        "Total Revenue": 501,
        "Gross Profit": 152,
        "Operating Income": 34,
        "EBIT": 42,
        "Net Income": 24
    },
    "2018-09-30": {
        "Diluted EPS": 0.05,
        "Total Revenue": 157,
        "Gross Profit": 48,
        "Operating Income": -7,
        "EBIT": 1,
        "Net Income": 1
    },
    "2018-06-30": {
        "Diluted EPS": 0.53,
        "Total Revenue": 179,
        "Gross Profit": 53,
        "Operating Income": 7,
        "EBIT": 12,
        "Net Income": 15
    },
    "2018-03-31": {
        "Diluted EPS": 0.5,
        "Total Revenue": 463,
        "Gross Profit": 134,
        "Operating Income": 21,
        "EBIT": 32,
        "Net Income": 14
    },
    "2017-12-31": {
        "Diluted EPS": 0.49,
        "Total Revenue": 474,
        "Gross Profit": 149,
        "Operating Income": 42,
        "EBIT": 39,
        "Net Income": 14
    },
    "2017-09-30": {
        "Diluted EPS": 0.58,
        "Total Revenue": 447,
        "Gross Profit": 138,
        "Operating Income": 30,
        "EBIT": 41,
        "Net Income": 16
    },
    "2017-06-30": {
        "Diluted EPS": 0.48,
        "Total Revenue": 449,
        "Gross Profit": 134,
        "Operating Income": 27,
        "EBIT": 39,
        "Net Income": 13
    },
    "2017-03-31": {
        "Diluted EPS": 0.22,
        "Total Revenue": 436,
        "Gross Profit": 124,
        "Operating Income": 13,
        "EBIT": 25,
        "Net Income": 6
    },
    "2016-12-31": {
        "Diluted EPS": 0.54,
        "Total Revenue": 433,
        "Gross Profit": 134,
        "Operating Income": 24,
        "EBIT": 35,
        "Net Income": 15
    },
    "2016-09-30": {
        "Diluted EPS": 0.62,
        "Total Revenue": 453,
        "Gross Profit": 135,
        "Operating Income": 31,
        "EBIT": 43,
        "Net Income": 17
    },
    "2016-06-30": {
        "Diluted EPS": 0.59,
        "Total Revenue": 471,
        "Gross Profit": 144,
        "Operating Income": 30,
        "EBIT": 42,
        "Net Income": 16
    },
    "2016-03-31": {
        "Diluted EPS": 0.35,
        "Total Revenue": 451,
        "Gross Profit": 134,
        "Operating Income": 18,
        "EBIT": 30,
        "Net Income": 10
    },
    "2015-12-31": {
        "Diluted EPS": 0.32,
        "Total Revenue": 452,
        "Gross Profit": 127,
        "Operating Income": 22,
        "EBIT": 32,
        "Net Income": 9
    },
    "2015-09-30": {
        "Diluted EPS": 0.62,
        "Total Revenue": 434,
        "Gross Profit": 130,
        "Operating Income": 30,
        "EBIT": 40,
        "Net Income": 17
    },
    "2015-06-30": {
        "Diluted EPS": 0.77,
        "Total Revenue": 446,
        "Gross Profit": 132,
        "Operating Income": 30,
        "EBIT": 40,
        "Net Income": 22
    },
    "2015-03-31": {
        "Diluted EPS": 0.46,
        "Total Revenue": 443,
        "Gross Profit": 128,
        "Operating Income": 22,
        "EBIT": 32,
        "Net Income": 13
    },
    "2014-12-31": {
        "Diluted EPS": 0.53,
        "Total Revenue": 478,
        "Gross Profit": 136,
        "Operating Income": 33,
        "EBIT": 44,
        "Net Income": 15
    },
    "2014-09-30": {
        "Diluted EPS": 0.53,
        "Total Revenue": 456,
        "Gross Profit": 129,
        "Operating Income": 27,
        "EBIT": 37,
        "Net Income": 15
    },
    "2014-06-30": {
        "Diluted EPS": 0.6,
        "Total Revenue": 453,
        "Gross Profit": 129,
        "Operating Income": 28,
        "EBIT": 38,
        "Net Income": 17
    },
    "2014-03-31": {
        "Diluted EPS": 0.42,
        "Total Revenue": 408,
        "Gross Profit": 114,
        "Operating Income": 22,
        "EBIT": 30,
        "Net Income": 11
    },
    "2013-12-31": {
        "Diluted EPS": 0.47,
        "Total Revenue": 410,
        "Gross Profit": 113,
        "Operating Income": 27,
        "EBIT": 38,
        "Net Income": 13
    },
    "2013-09-30": {
        "Diluted EPS": 0.7,
        "Total Revenue": 424,
        "Gross Profit": 119,
        "Operating Income": 31,
        "EBIT": 40,
        "Net Income": 19
    },
    "2013-06-30": {
        "Diluted EPS": 0.67,
        "Total Revenue": 432,
        "Gross Profit": 121,
        "Operating Income": 31,
        "EBIT": 39,
        "Net Income": 18
    },
    "2013-03-31": {
        "Diluted EPS": 0.26,
        "Total Revenue": 388,
        "Gross Profit": 110,
        "Operating Income": 14,
        "EBIT": 22,
        "Net Income": 7
    },
    "2012-12-31": {
        "Diluted EPS": 0.53,
        "Total Revenue": 370,
        "Gross Profit": 103,
        "Operating Income": 22,
        "EBIT": 30,
        "Net Income": 14
    },
    "2012-09-30": {
        "Diluted EPS": 0.56,
        "Total Revenue": 410,
        "Gross Profit": 114,
        "Operating Income": 25,
        "EBIT": 32,
        "Net Income": 15
    },
    "2012-06-30": {
        "Diluted EPS": 0.62,
        "Total Revenue": 400,
        "Gross Profit": 114,
        "Operating Income": 28,
        "EBIT": 35,
        "Net Income": 16
    },
    "2012-03-31": {
        "Diluted EPS": 0.36,
        "Total Revenue": 384,
        "Gross Profit": 105,
        "Operating Income": 17,
        "EBIT": 24,
        "Net Income": 9
    },
    "2011-12-31": {
        "Diluted EPS": 0.37,
        "Total Revenue": 358,
        "Gross Profit": 100,
        "Operating Income": 18,
        "EBIT": 25,
        "Net Income": 10
    },
    "2011-09-30": {
        "Diluted EPS": 0.49,
        "Total Revenue": 357,
        "Gross Profit": 102,
        "Operating Income": 21,
        "EBIT": 27,
        "Net Income": 13
    },
    "2011-06-30": {
        "Diluted EPS": 0.53,
        "Total Revenue": 385,
        "Gross Profit": 107,
        "Operating Income": 24,
        "EBIT": 30,
        "Net Income": 14
    },
    "2011-03-31": {
        "Diluted EPS": 0.54,
        "Total Revenue": 378,
        "Gross Profit": 105,
        "Operating Income": 25,
        "EBIT": 30,
        "Net Income": 14
    },
    "2010-12-31": {
        "Diluted EPS": 0.45,
        "Total Revenue": 347,
        "Gross Profit": 103,
        "Operating Income": 23,
        "EBIT": 35,
        "Net Income": 12
    },
    "2010-09-30": {
        "Diluted EPS": 0.61,
        "Total Revenue": 360,
        "Gross Profit": 94,
        "Operating Income": 20,
        "EBIT": 25,
        "Net Income": 16
    },
    "2010-06-30": {
        "Diluted EPS": 0.23,
        "Total Revenue": 317,
        "Gross Profit": 83,
        "Operating Income": 11,
        "EBIT": 16,
        "Net Income": 6
    },
    "2010-03-31": {
        "Diluted EPS": 0.07,
        "Total Revenue": 277,
        "Gross Profit": 73,
        "Operating Income": 4,
        "EBIT": 9,
        "Net Income": 2
    },
    "2009-12-31": {
        "Diluted EPS": 0.02,
        "Total Revenue": 269,
        "Gross Profit": 73,
        "Operating Income": 1,
        "EBIT": 6,
        "Net Income": 1
    },
    "2009-09-30": {
        "Diluted EPS": 0.37,
        "Total Revenue": 290,
        "Gross Profit": 77,
        "Operating Income": 15,
        "EBIT": 19,
        "Net Income": 10
    },
    "2009-06-30": {
        "Diluted EPS": 0.37,
        "Total Revenue": 293,
        "Gross Profit": 78,
        "Operating Income": 16,
        "EBIT": 20,
        "Net Income": 9
    },
    "2009-03-31": {
        "Diluted EPS": 0.21,
        "Total Revenue": 294,
        "Gross Profit": 78,
        "Operating Income": 9,
        "EBIT": 13,
        "Net Income": 5
    },
    "2023-09-30": {
        "Tax Effect Of Unusual Items": -155760.0,
        "Tax Rate For Calcs": 0.24,
        "Normalized EBITDA": 23782000.0,
        "Total Unusual Items": -649000.0,
        "Total Unusual Items Excluding Goodwill": -649000.0,
        "Net Income From Continuing Operation Net Minority Interest": 1466000.0,
        "Reconciled Depreciation": 11800000.0,
        "Reconciled Cost Of Revenue": 112187000.0,
        "EBITDA": 23133000.0,
        "EBIT": 11333000.0,
        "Net Interest Income": -9405000.0,
        "Interest Expense": 9405000.0,
        "Normalized Income": 1959240.0,
        "Net Income From Continuing And Discontinued Operation": 1466000.0,
        "Total Expenses": 170510000.0,
        "Total Operating Income As Reported": 11872000.0,
        "Diluted Average Shares": 28350000.0,
        "Basic Average Shares": 28247000.0,
        "Diluted EPS": 0.05,
        "Basic EPS": 0.05,
        "Diluted NI Availto Com Stockholders": 1466000.0,
        "Net Income Common Stockholders": 1466000.0,
        "Net Income": 1466000.0,
        "Net Income Including Noncontrolling Interests": 1466000.0,
        "Net Income Continuous Operations": 1466000.0,
        "Tax Provision": 462000.0,
        "Pretax Income": 1928000.0,
        "Other Income Expense": -1188000.0,
        "Other Non Operating Income Expenses": -539000.0,
        "Special Income Charges": -649000.0,
        "Gain On Sale Of Ppe": -78000.0,
        "Gain On Sale Of Business": 0.0,
        "Restructuring And Mergern Acquisition": 571000.0,
        "Net Non Operating Interest Income Expense": -9405000.0,
        "Interest Expense Non Operating": 9405000.0,
        "Operating Income": 12521000.0,
        "Operating Expense": 52116000.0,
        "Depreciation Amortization Depletion Income Statement": 5593000.0,
        "Depreciation And Amortization In Income Statement": 5593000.0,
        "Amortization": 5593000.0,
        "Amortization Of Intangibles Income Statement": 5593000.0,
        "Research And Development": 4022000.0,
        "Selling General And Administration": 42501000.0,
        "General And Administrative Expense": NaN,
        "Other Gand A": NaN,
        "Salaries And Wages": NaN,
        "Gross Profit": 64637000.0,
        "Cost Of Revenue": 118394000.0,
        "Total Revenue": 183031000.0,
        "Operating Revenue": 183031000.0
    },
    "2023-12-31": {
        "Tax Effect Of Unusual Items": -60441.574936,
        "Tax Rate For Calcs": 0.155377,
        "Normalized EBITDA": 25193000.0,
        "Total Unusual Items": -389000.0,
        "Total Unusual Items Excluding Goodwill": -389000.0,
        "Net Income From Continuing Operation Net Minority Interest": 1995000.0,
        "Reconciled Depreciation": 11794000.0,
        "Reconciled Cost Of Revenue": 130229000.0,
        "EBITDA": 24804000.0,
        "EBIT": 13010000.0,
        "Net Interest Income": -10648000.0,
        "Interest Expense": 10648000.0,
        "Normalized Income": 2323558.425064,
        "Net Income From Continuing And Discontinued Operation": 1995000.0,
        "Total Expenses": 190750000.0,
        "Total Operating Income As Reported": 11984000.0,
        "Diluted Average Shares": 28403000.0,
        "Basic Average Shares": 28265000.0,
        "Diluted EPS": 0.07,
        "Basic EPS": 0.07,
        "Diluted NI Availto Com Stockholders": 1995000.0,
        "Net Income Common Stockholders": 1995000.0,
        "Net Income": 1995000.0,
        "Net Income Including Noncontrolling Interests": 1995000.0,
        "Net Income Continuous Operations": 1995000.0,
        "Tax Provision": 367000.0,
        "Pretax Income": 2362000.0,
        "Other Income Expense": 637000.0,
        "Other Non Operating Income Expenses": 1026000.0,
        "Special Income Charges": -389000.0,
        "Gain On Sale Of Ppe": -30000.0,
        "Gain On Sale Of Business": 0.0,
        "Restructuring And Mergern Acquisition": 359000.0,
        "Net Non Operating Interest Income Expense": -10648000.0,
        "Interest Expense Non Operating": 10648000.0,
        "Operating Income": 12373000.0,
        "Operating Expense": 54299000.0,
        "Depreciation Amortization Depletion Income Statement": 5572000.0,
        "Depreciation And Amortization In Income Statement": 5572000.0,
        "Amortization": 5572000.0,
        "Amortization Of Intangibles Income Statement": 5572000.0,
        "Research And Development": 5582000.0,
        "Selling General And Administration": 43145000.0,
        "General And Administrative Expense": NaN,
        "Other Gand A": NaN,
        "Salaries And Wages": NaN,
        "Gross Profit": 66672000.0,
        "Cost Of Revenue": 136451000.0,
        "Total Revenue": 203123000.0,
        "Operating Revenue": 203123000.0
    }
}