{
    "2023-05-31": {
        "Tax Effect Of Unusual Items": NaN,
        "Tax Rate For Calcs": NaN,
        "Normalized EBITDA": NaN,
        "Total Unusual Items": NaN,
        "Total Unusual Items Excluding Goodwill": NaN,
        "Net Income From Continuing Operation Net Minority Interest": NaN,
        "Reconciled Depreciation": 180789000.0,
        "Reconciled Cost Of Revenue": NaN,
        "EBITDA": NaN,
        "EBIT": NaN,
        "Net Interest Income": NaN,
        "Interest Expense": NaN,
        "Interest Income": NaN,
        "Normalized Income": NaN,
        "Net Income From Continuing And Discontinued Operation": NaN,
        "Total Expenses": NaN,
        "Total Operating Income As Reported": NaN,
        "Diluted Average Shares": NaN,
        "Basic Average Shares": NaN,
        "Diluted EPS": NaN,
        "Basic EPS": NaN,
        "Diluted NI Availto Com Stockholders": NaN,
        "Net Income Common Stockholders": NaN,
        "Net Income": NaN,
        "Minority Interests": NaN,
        "Net Income Including Noncontrolling Interests": NaN,
        "Net Income Continuous Operations": NaN,
        "Tax Provision": NaN,
        "Pretax Income": NaN,
        "Other Income Expense": NaN,
        "Special Income Charges": NaN,
        "Other Special Charges": NaN,
        "Net Non Operating Interest Income Expense": NaN,
        "Interest Expense Non Operating": NaN,
        "Interest Income Non Operating": NaN,
        "Operating Income": NaN,
        "Operating Expense": NaN,
        "Other Operating Expenses": NaN,
        "Provision For Doubtful Accounts": NaN,
        "Research And Development": NaN,
        "Selling General And Administration": NaN,
        "Selling And Marketing Expense": NaN,
        "General And Administrative Expense": NaN,
        "Other Gand A": NaN,
        "Gross Profit": NaN,
        "Cost Of Revenue": NaN,
        "Total Revenue": NaN,
        "Operating Revenue": NaN
    },
    "2023-02-28": {
        "Tax Effect Of Unusual Items": NaN,
        "Tax Rate For Calcs": NaN,
        "Normalized EBITDA": NaN,
        "Total Unusual Items": -971000.0,
        "Total Unusual Items Excluding Goodwill": -971000.0,
        "Net Income From Continuing Operation Net Minority Interest": NaN,
        "Reconciled Depreciation": NaN,
        "Reconciled Cost Of Revenue": NaN,
        "EBITDA": NaN,
        "EBIT": NaN,
        "Net Interest Income": NaN,
        "Interest Expense": NaN,
        "Interest Income": NaN,
        "Normalized Income": NaN,
        "Net Income From Continuing And Discontinued Operation": NaN,
        "Total Expenses": NaN,
        "Total Operating Income As Reported": NaN,
        "Diluted Average Shares": NaN,
        "Basic Average Shares": NaN,
        "Diluted EPS": NaN,
        "Basic EPS": NaN,
        "Diluted NI Availto Com Stockholders": NaN,
        "Net Income Common Stockholders": NaN,
        "Net Income": NaN,
        "Minority Interests": NaN,
        "Net Income Including Noncontrolling Interests": NaN,
        "Net Income Continuous Operations": NaN,
        "Tax Provision": NaN,
        "Pretax Income": NaN,
        "Other Income Expense": NaN,
        "Special Income Charges": NaN,
        "Other Special Charges": NaN,
        "Net Non Operating Interest Income Expense": NaN,
        "Interest Expense Non Operating": NaN,
        "Interest Income Non Operating": NaN,
        "Operating Income": NaN,
        "Operating Expense": NaN,
        "Other Operating Expenses": NaN,
        "Provision For Doubtful Accounts": NaN,
        "Research And Development": NaN,
        "Selling General And Administration": NaN,
        "Selling And Marketing Expense": NaN,
        "General And Administrative Expense": NaN,
        "Other Gand A": NaN,
        "Gross Profit": NaN,
        "Cost Of Revenue": NaN,
        "Total Revenue": NaN,
        "Operating Revenue": NaN
    },
    "2022-11-30": {
        "Tax Effect Of Unusual Items": NaN,
        "Tax Rate For Calcs": NaN,
        "Normalized EBITDA": NaN,
        "Total Unusual Items": 0.0,
        "Total Unusual Items Excluding Goodwill": 0.0,
        "Net Income From Continuing Operation Net Minority Interest": NaN,
        "Reconciled Cost Of Revenue": NaN,
        "EBITDA": NaN,
        "EBIT": NaN,
        "Net Interest Income": NaN,
        "Interest Expense": NaN,
        "Interest Income": NaN,
        "Normalized Income": NaN,
        "Net Income From Continuing And Discontinued Operation": NaN,
        "Total Expenses": NaN,
        "Total Operating Income As Reported": NaN,
        "Diluted Average Shares": NaN,
        "Basic Average Shares": NaN,
        "Diluted EPS": NaN,
        "Basic EPS": NaN,
        "Diluted NI Availto Com Stockholders": NaN,
        "Net Income Common Stockholders": NaN,
        "Net Income": NaN,
        "Minority Interests": NaN,
        "Net Income Including Noncontrolling Interests": NaN,
        "Net Income Continuous Operations": NaN,
        "Tax Provision": NaN,
        "Pretax Income": NaN,
        "Special Income Charges": 0.0,
        "Net Non Operating Interest Income Expense": NaN,
        "Interest Expense Non Operating": NaN,
        "Interest Income Non Operating": NaN,
        "Operating Income": NaN,
        "Operating Expense": NaN,
        "Other Operating Expenses": NaN,
        "Provision For Doubtful Accounts": NaN,
        "Research And Development": NaN,
        "Selling General And Administration": NaN,
        "Selling And Marketing Expense": NaN,
        "General And Administrative Expense": NaN,
        "Other Gand A": NaN,
        "Gross Profit": NaN,
        "Cost Of Revenue": NaN,
        "Total Revenue": NaN,
        "Operating Revenue": NaN
    },
    "2022-08-31": {
        "Tax Effect Of Unusual Items": 0.0,
        "Tax Rate For Calcs": 0.292315,
        "Normalized EBITDA": 222891000.0,
        "Total Unusual Items": NaN,
        "Total Unusual Items Excluding Goodwill": NaN,
        "Net Income From Continuing Operation Net Minority Interest": 152544000.0,
        "Reconciled Cost Of Revenue": 290069000.0,
        "EBITDA": 222891000.0,
        "EBIT": 222891000.0,
        "Net Interest Income": 1570000.0,
        "Interest Expense": 3193000.0,
        "Interest Income": 4763000.0,
        "Normalized Income": 152544000.0,
        "Net Income From Continuing And Discontinued Operation": 152544000.0,
        "Total Expenses": 641154000.0,
        "Total Operating Income As Reported": 218128000.0,
        "Diluted Average Shares": 30951000.0,
        "Basic Average Shares": 30951000.0,
        "Diluted EPS": 4.93,
        "Basic EPS": 4.93,
        "Diluted NI Availto Com Stockholders": 152544000.0,
        "Net Income Common Stockholders": 152544000.0,
        "Net Income": 152544000.0,
        "Minority Interests": -2933000.0,
        "Net Income Including Noncontrolling Interests": 155477000.0,
        "Net Income Continuous Operations": 155477000.0,
        "Tax Provision": 64221000.0,
        "Pretax Income": 219698000.0,
        "Other Income Expense": NaN,
        "Special Income Charges": NaN,
        "Gain On Sale Of Security": NaN,
        "Net Non Operating Interest Income Expense": 1570000.0,
        "Interest Expense Non Operating": 3193000.0,
        "Interest Income Non Operating": 4763000.0,
        "Operating Income": 218128000.0,
        "Operating Expense": 351085000.0,
        "Other Operating Expenses": 21408000.0,
        "Research And Development": 43612000.0,
        "Selling General And Administration": 286065000.0,
        "Selling And Marketing Expense": 107514000.0,
        "General And Administrative Expense": 178551000.0,
        "Other Gand A": 178551000.0,
        "Gross Profit": 569213000.0,
        "Cost Of Revenue": 290069000.0,
        "Total Revenue": 859282000.0,
        "Operating Revenue": 859282000.0
    },
    "2022-05-31": {
        "Tax Effect Of Unusual Items": 0.0,
        "Tax Rate For Calcs": 0.27859,
        "Normalized EBITDA": 220332000.0,
        "Total Unusual Items": NaN,
        "Total Unusual Items Excluding Goodwill": NaN,
        "Net Income From Continuing Operation Net Minority Interest": 153533000.0,
        "Reconciled Cost Of Revenue": 271551000.0,
        "EBIT": 220332000.0,
        "Net Interest Income": -777000.0,
        "Interest Expense": 3619000.0,
        "Interest Income": 2842000.0,
        "Normalized Income": 153533000.0,
        "Net Income From Continuing And Discontinued Operation": 153533000.0,
        "Total Expenses": 583947000.0,
        "Total Operating Income As Reported": 217490000.0,
        "Diluted Average Shares": 30951000.0,
        "Basic Average Shares": 30951000.0,
        "Diluted EPS": 4.96,
        "Basic EPS": 4.96,
        "Diluted NI Availto Com Stockholders": 153533000.0,
        "Net Income Common Stockholders": 153533000.0,
        "Net Income": 153533000.0,
        "Minority Interests": -2806000.0,
        "Net Income Including Noncontrolling Interests": 156339000.0,
        "Net Income Continuous Operations": 156339000.0,
        "Tax Provision": 60374000.0,
        "Pretax Income": 216713000.0,
        "Other Income Expense": NaN,
        "Special Income Charges": NaN,
        "Gain On Sale Of Security": NaN,
        "Net Non Operating Interest Income Expense": -777000.0,
        "Interest Expense Non Operating": 3619000.0,
        "Interest Income Non Operating": 2842000.0,
        "Operating Income": 217490000.0,
        "Operating Expense": 312396000.0,
        "Other Operating Expenses": 19707000.0,
        "Research And Development": 41541000.0,
        "Selling General And Administration": 251148000.0,
        "Selling And Marketing Expense": 95959000.0,
        "General And Administrative Expense": 155189000.0,
        "Other Gand A": 155189000.0,
        "Gross Profit": 529886000.0,
        "Cost Of Revenue": 271551000.0,
        "Total Revenue": 801437000.0,
        "Operating Revenue": 801437000.0
    },
    "2022-02-28": {
        "Diluted EPS": 0.2,
        "Total Revenue": 48,
        "Gross Profit": 29,
        "Operating Income": 9,
        "EBIT": 9,
        "Net Income": 6
    },
    "2021-11-30": {
        "Diluted EPS": 0.32,
        "Total Revenue": 48,
        "Gross Profit": 31,
        "Operating Income": 14,
        "EBIT": 14,
        "Net Income": 10
    },
    "2021-08-31": {
        "Diluted EPS": 0.27,
        "Total Revenue": 46,
        "Gross Profit": 31,
        "Operating Income": 12,
        "EBIT": 12,
        "Net Income": 8
    },
    "2021-05-31": {
        "Diluted EPS": 0.24,
        "Total Revenue": 43,
        "Gross Profit": 31,
        "Operating Income": 12,
        "EBIT": 12,
        "Net Income": 6
    },
    "2021-02-28": {
        "Diluted EPS": 0.2,
        "Total Revenue": 41,
        "Gross Profit": 41,
        "Operating Income": 41,
        "EBIT": 41,
        "Net Income": 4
    },
    "2023-08-31": {
        "Tax Effect Of Unusual Items": NaN,
        "Tax Rate For Calcs": NaN,
        "Normalized EBITDA": NaN,
        "Total Unusual Items": 0.0,
        "Total Unusual Items Excluding Goodwill": 0.0,
        "Net Income From Continuing Operation Net Minority Interest": NaN,
        "Reconciled Depreciation": NaN,
        "Reconciled Cost Of Revenue": NaN,
        "EBITDA": NaN,
        "EBIT": NaN,
        "Net Interest Income": NaN,
        "Interest Expense": NaN,
        "Interest Income": NaN,
        "Normalized Income": NaN,
        "Net Income From Continuing And Discontinued Operation": NaN,
        "Total Expenses": NaN,
        "Total Operating Income As Reported": NaN,
        "Diluted Average Shares": 30951000.0,
        "Basic Average Shares": 30951000.0,
        "Diluted EPS": 5.61,
        "Basic EPS": 5.61,
        "Diluted NI Availto Com Stockholders": NaN,
        "Net Income Common Stockholders": NaN,
        "Net Income": NaN,
        "Minority Interests": NaN,
        "Net Income Including Noncontrolling Interests": NaN,
        "Net Income Continuous Operations": NaN,
        "Tax Provision": NaN,
        "Pretax Income": NaN,
        "Other Income Expense": NaN,
        "Special Income Charges": 0.0,
        "Other Special Charges": NaN,
        "Net Non Operating Interest Income Expense": NaN,
        "Interest Expense Non Operating": NaN,
        "Interest Income Non Operating": NaN,
        "Operating Income": NaN,
        "Operating Expense": NaN,
        "Other Operating Expenses": NaN,
        "Provision For Doubtful Accounts": NaN,
        "Research And Development": NaN,
        "Selling General And Administration": NaN,
        "Selling And Marketing Expense": NaN,
        "General And Administrative Expense": NaN,
        "Other Gand A": NaN,
        "Gross Profit": NaN,
        "Cost Of Revenue": NaN,
        "Total Revenue": NaN,
        "Operating Revenue": NaN
    },
    "2023-11-30": {
        "Tax Effect Of Unusual Items": NaN,
        "Tax Rate For Calcs": NaN,
        "Normalized EBITDA": NaN,
        "Total Unusual Items": 0.0,
        "Total Unusual Items Excluding Goodwill": 0.0,
        "Net Income From Continuing Operation Net Minority Interest": NaN,
        "Reconciled Depreciation": NaN,
        "Reconciled Cost Of Revenue": NaN,
        "EBITDA": NaN,
        "EBIT": NaN,
        "Net Interest Income": NaN,
        "Interest Expense": NaN,
        "Interest Income": NaN,
        "Normalized Income": NaN,
        "Net Income From Continuing And Discontinued Operation": NaN,
        "Total Expenses": NaN,
        "Total Operating Income As Reported": NaN,
        "Diluted Average Shares": NaN,
        "Basic Average Shares": NaN,
        "Diluted EPS": NaN,
        "Basic EPS": NaN,
        "Diluted NI Availto Com Stockholders": NaN,
        "Net Income Common Stockholders": NaN,
        "Net Income": NaN,
        "Minority Interests": NaN,
        "Net Income Including Noncontrolling Interests": NaN,
        "Net Income Continuous Operations": NaN,
        "Tax Provision": NaN,
        "Pretax Income": NaN,
        "Other Income Expense": NaN,
        "Special Income Charges": 0.0,
        "Other Special Charges": NaN,
        "Net Non Operating Interest Income Expense": NaN,
        "Interest Expense Non Operating": NaN,
        "Interest Income Non Operating": NaN,
        "Operating Income": NaN,
        "Operating Expense": NaN,
        "Other Operating Expenses": NaN,
        "Provision For Doubtful Accounts": NaN,
        "Research And Development": NaN,
        "Selling General And Administration": NaN,
        "Selling And Marketing Expense": NaN,
        "General And Administrative Expense": NaN,
        "Other Gand A": NaN,
        "Gross Profit": NaN,
        "Cost Of Revenue": NaN,
        "Total Revenue": NaN,
        "Operating Revenue": NaN
    },
    "2024-02-29": {
        "Tax Effect Of Unusual Items": 0.0,
        "Tax Rate For Calcs": 0.285604,
        "Normalized EBITDA": 304937000.0,
        "Total Unusual Items": NaN,
        "Total Unusual Items Excluding Goodwill": NaN,
        "Net Income From Continuing Operation Net Minority Interest": 210694000.0,
        "Reconciled Depreciation": NaN,
        "Reconciled Cost Of Revenue": 371918000.0,
        "EBITDA": 304937000.0,
        "EBIT": 304937000.0,
        "Net Interest Income": 4634000.0,
        "Interest Expense": 4455000.0,
        "Interest Income": 11050000.0,
        "Normalized Income": 210694000.0,
        "Net Income From Continuing And Discontinued Operation": 210694000.0,
        "Total Expenses": 792132000.0,
        "Total Operating Income As Reported": 296236000.0,
        "Diluted Average Shares": 30941000.0,
        "Basic Average Shares": 30941000.0,
        "Diluted EPS": 6.81,
        "Basic EPS": 6.81,
        "Diluted NI Availto Com Stockholders": 210694000.0,
        "Net Income Common Stockholders": 210694000.0,
        "Net Income": 210694000.0,
        "Minority Interests": -3969000.0,
        "Net Income Including Noncontrolling Interests": 214663000.0,
        "Net Income Continuous Operations": 214663000.0,
        "Tax Provision": 85819000.0,
        "Pretax Income": 300482000.0,
        "Other Income Expense": NaN,
        "Special Income Charges": NaN,
        "Other Special Charges": NaN,
        "Net Non Operating Interest Income Expense": 4634000.0,
        "Interest Expense Non Operating": 4455000.0,
        "Interest Income Non Operating": 11050000.0,
        "Operating Income": 296236000.0,
        "Operating Expense": 420214000.0,
        "Other Operating Expenses": -3027000.0,
        "Provision For Doubtful Accounts": 24188000.0,
        "Research And Development": 52892000.0,
        "Selling General And Administration": 346161000.0,
        "Selling And Marketing Expense": 123330000.0,
        "General And Administrative Expense": 222831000.0,
        "Other Gand A": 222831000.0,
        "Gross Profit": 716450000.0,
        "Cost Of Revenue": 371918000.0,
        "Total Revenue": 1088368000.0,
        "Operating Revenue": 997489000.0
    },
    "2024-05-31": {
        "Tax Effect Of Unusual Items": NaN,
        "Tax Rate For Calcs": NaN,
        "Normalized EBITDA": NaN,
        "Total Unusual Items": NaN,
        "Total Unusual Items Excluding Goodwill": NaN,
        "Net Income From Continuing Operation Net Minority Interest": NaN,
        "Reconciled Depreciation": 191313000.0,
        "Reconciled Cost Of Revenue": NaN,
        "EBITDA": NaN,
        "EBIT": NaN,
        "Net Interest Income": NaN,
        "Interest Expense": NaN,
        "Interest Income": NaN,
        "Normalized Income": NaN,
        "Net Income From Continuing And Discontinued Operation": NaN,
        "Total Expenses": NaN,
        "Total Operating Income As Reported": NaN,
        "Diluted Average Shares": NaN,
        "Basic Average Shares": NaN,
        "Diluted EPS": NaN,
        "Basic EPS": NaN,
        "Diluted NI Availto Com Stockholders": NaN,
        "Net Income Common Stockholders": NaN,
        "Net Income": NaN,
        "Minority Interests": NaN,
        "Net Income Including Noncontrolling Interests": NaN,
        "Net Income Continuous Operations": NaN,
        "Tax Provision": NaN,
        "Pretax Income": NaN,
        "Other Income Expense": NaN,
        "Special Income Charges": NaN,
        "Other Special Charges": NaN,
        "Net Non Operating Interest Income Expense": NaN,
        "Interest Expense Non Operating": NaN,
        "Interest Income Non Operating": NaN,
        "Operating Income": NaN,
        "Operating Expense": NaN,
        "Other Operating Expenses": NaN,
        "Provision For Doubtful Accounts": NaN,
        "Research And Development": NaN,
        "Selling General And Administration": NaN,
        "Selling And Marketing Expense": NaN,
        "General And Administrative Expense": NaN,
        "Other Gand A": NaN,
        "Gross Profit": NaN,
        "Cost Of Revenue": NaN,
        "Total Revenue": NaN,
        "Operating Revenue": NaN
    },
    "2024-08-31": {
        "Tax Effect Of Unusual Items": -3904565.607567,
        "Tax Rate For Calcs": 0.252396,
        "Normalized EBITDA": 315906000.0,
        "Total Unusual Items": -15470000.0,
        "Total Unusual Items Excluding Goodwill": -15470000.0,
        "Net Income From Continuing Operation Net Minority Interest": 211543000.0,
        "Reconciled Depreciation": NaN,
        "Reconciled Cost Of Revenue": 328053000.0,
        "EBITDA": 300436000.0,
        "EBIT": 300436000.0,
        "Net Interest Income": 1882000.0,
        "Interest Expense": 11826000.0,
        "Interest Income": 13708000.0,
        "Normalized Income": 223108434.392433,
        "Net Income From Continuing And Discontinued Operation": 211543000.0,
        "Total Expenses": 804523000.0,
        "Total Operating Income As Reported": 302198000.0,
        "Diluted Average Shares": 30896000.0,
        "Basic Average Shares": 30896000.0,
        "Diluted EPS": 6.85,
        "Basic EPS": 6.85,
        "Diluted NI Availto Com Stockholders": 211543000.0,
        "Net Income Common Stockholders": 211543000.0,
        "Net Income": 211543000.0,
        "Minority Interests": -4223000.0,
        "Net Income Including Noncontrolling Interests": 215766000.0,
        "Net Income Continuous Operations": 215766000.0,
        "Tax Provision": 72844000.0,
        "Pretax Income": 288610000.0,
        "Other Income Expense": -15470000.0,
        "Special Income Charges": -15470000.0,
        "Other Special Charges": 15470000.0,
        "Net Non Operating Interest Income Expense": 1882000.0,
        "Interest Expense Non Operating": 11826000.0,
        "Interest Income Non Operating": 13708000.0,
        "Operating Income": 302198000.0,
        "Operating Expense": 476470000.0,
        "Other Operating Expenses": -4284000.0,
        "Provision For Doubtful Accounts": 30329000.0,
        "Research And Development": 54109000.0,
        "Selling General And Administration": 396316000.0,
        "Selling And Marketing Expense": 156898000.0,
        "General And Administrative Expense": 239418000.0,
        "Other Gand A": 239418000.0,
        "Gross Profit": 778668000.0,
        "Cost Of Revenue": 328053000.0,
        "Total Revenue": 1106721000.0,
        "Operating Revenue": 1084365000.0
    },
    "2024-11-30": {
        "Tax Effect Of Unusual Items": 98535.614661,
        "Tax Rate For Calcs": 0.242102,
        "Normalized EBITDA": 333999000.0,
        "Total Unusual Items": 407000.0,
        "Total Unusual Items Excluding Goodwill": 407000.0,
        "Net Income From Continuing Operation Net Minority Interest": 237264000.0,
        "Reconciled Depreciation": NaN,
        "Reconciled Cost Of Revenue": 351359000.0,
        "EBITDA": 334406000.0,
        "EBIT": 334406000.0,
        "Net Interest Income": -7960000.0,
        "Interest Expense": 16784000.0,
        "Interest Income": 8824000.0,
        "Normalized Income": 236955535.614661,
        "Net Income From Continuing And Discontinued Operation": 237264000.0,
        "Total Expenses": 834215000.0,
        "Total Operating Income As Reported": 325175000.0,
        "Diluted Average Shares": 30893000.0,
        "Basic Average Shares": 30893000.0,
        "Diluted EPS": 7.68,
        "Basic EPS": 7.68,
        "Diluted NI Availto Com Stockholders": 237264000.0,
        "Net Income Common Stockholders": 237264000.0,
        "Net Income": 237264000.0,
        "Minority Interests": -3461000.0,
        "Net Income Including Noncontrolling Interests": 240725000.0,
        "Net Income Continuous Operations": 240725000.0,
        "Tax Provision": 76897000.0,
        "Pretax Income": 317622000.0,
        "Other Income Expense": 407000.0,
        "Special Income Charges": 407000.0,
        "Other Special Charges": -407000.0,
        "Net Non Operating Interest Income Expense": -7960000.0,
        "Interest Expense Non Operating": 16784000.0,
        "Interest Income Non Operating": 8824000.0,
        "Operating Income": 325175000.0,
        "Operating Expense": 482856000.0,
        "Other Operating Expenses": -3408000.0,
        "Provision For Doubtful Accounts": 22328000.0,
        "Research And Development": 57447000.0,
        "Selling General And Administration": 406489000.0,
        "Selling And Marketing Expense": 156981000.0,
        "General And Administrative Expense": 249508000.0,
        "Other Gand A": 249508000.0,
        "Gross Profit": 808031000.0,
        "Cost Of Revenue": 351359000.0,
        "Total Revenue": 1159390000.0,
        "Operating Revenue": 1159390000.0
    },
    "2025-02-28": {
        "Tax Effect Of Unusual Items": -10416111.944371,
        "Tax Rate For Calcs": 0.238628,
        "Normalized EBITDA": 395053000.0,
        "Total Unusual Items": -43650000.0,
        "Total Unusual Items Excluding Goodwill": -43650000.0,
        "Net Income From Continuing Operation Net Minority Interest": 250640000.0,
        "Reconciled Depreciation": NaN,
        "Reconciled Cost Of Revenue": 350579000.0,
        "EBITDA": 351403000.0,
        "EBIT": 351403000.0,
        "Net Interest Income": -6200000.0,
        "Interest Expense": 16040000.0,
        "Interest Income": 10422000.0,
        "Normalized Income": 283873888.055629,
        "Net Income From Continuing And Discontinued Operation": 250640000.0,
        "Total Expenses": 834310000.0,
        "Total Operating Income As Reported": 385213000.0,
        "Diluted Average Shares": 30893000.0,
        "Basic Average Shares": 30893000.0,
        "Diluted EPS": 8.11,
        "Basic EPS": 8.11,
        "Diluted NI Availto Com Stockholders": 250640000.0,
        "Net Income Common Stockholders": 250640000.0,
        "Net Income": 250640000.0,
        "Minority Interests": -4696000.0,
        "Net Income Including Noncontrolling Interests": 255336000.0,
        "Net Income Continuous Operations": 255336000.0,
        "Tax Provision": 80027000.0,
        "Pretax Income": 335363000.0,
        "Other Income Expense": -43650000.0,
        "Special Income Charges": -43650000.0,
        "Other Special Charges": 50000.0,
        "Net Non Operating Interest Income Expense": -6200000.0,
        "Interest Expense Non Operating": 16040000.0,
        "Interest Income Non Operating": 10422000.0,
        "Operating Income": 385213000.0,
        "Operating Expense": 483731000.0,
        "Other Operating Expenses": -995000.0,
        "Provision For Doubtful Accounts": 31905000.0,
        "Research And Development": 57770000.0,
        "Selling General And Administration": 395051000.0,
        "Selling And Marketing Expense": 160638000.0,
        "General And Administrative Expense": 234413000.0,
        "Other Gand A": 234413000.0,
        "Gross Profit": 868944000.0,
        "Cost Of Revenue": 350579000.0,
        "Total Revenue": 1219523000.0,
        "Operating Revenue": 1129905000.0
    },
    "2025-05-31": {
        "Tax Effect Of Unusual Items": 0.0,
        "Tax Rate For Calcs": 0.225274,
        "Normalized EBITDA": 362223000.0,
        "Total Unusual Items": NaN,
        "Total Unusual Items Excluding Goodwill": NaN,
        "Net Income From Continuing Operation Net Minority Interest": 264095000.0,
        "Reconciled Depreciation": NaN,
        "Reconciled Cost Of Revenue": 403714000.0,
        "EBITDA": 362223000.0,
        "EBIT": 362223000.0,
        "Net Interest Income": -4737000.0,
        "Interest Expense": 15166000.0,
        "Interest Income": 10429000.0,
        "Normalized Income": 264095000.0,
        "Net Income From Continuing And Discontinued Operation": 264095000.0,
        "Total Expenses": 925223000.0,
        "Total Operating Income As Reported": 351794000.0,
        "Diluted Average Shares": 30893000.0,
        "Basic Average Shares": 30893000.0,
        "Diluted EPS": 8.55,
        "Basic EPS": 8.55,
        "Diluted NI Availto Com Stockholders": 264095000.0,
        "Net Income Common Stockholders": 264095000.0,
        "Net Income": 264095000.0,
        "Minority Interests": -4779000.0,
        "Net Income Including Noncontrolling Interests": 268874000.0,
        "Net Income Continuous Operations": 268874000.0,
        "Tax Provision": 78183000.0,
        "Pretax Income": 347057000.0,
        "Other Income Expense": NaN,
        "Special Income Charges": NaN,
        "Other Special Charges": NaN,
        "Net Non Operating Interest Income Expense": -4737000.0,
        "Interest Expense Non Operating": 15166000.0,
        "Interest Income Non Operating": 10429000.0,
        "Operating Income": 351794000.0,
        "Operating Expense": 521509000.0,
        "Other Operating Expenses": -1457000.0,
        "Provision For Doubtful Accounts": 33586000.0,
        "Research And Development": 63780000.0,
        "Selling General And Administration": 425600000.0,
        "Selling And Marketing Expense": 180687000.0,
        "General And Administrative Expense": 244913000.0,
        "Other Gand A": 244913000.0,
        "Gross Profit": 873303000.0,
        "Cost Of Revenue": 403714000.0,
        "Total Revenue": 1277017000.0,
        "Operating Revenue": 1258680000.0
    },
    "2025-08-31": {
        "Tax Effect Of Unusual Items": -3208109.773946,
        "Tax Rate For Calcs": 0.263565,
        "Normalized EBITDA": 366947000.0,
        "Total Unusual Items": -12172000.0,
        "Total Unusual Items Excluding Goodwill": -12172000.0,
        "Net Income From Continuing Operation Net Minority Interest": 243576000.0,
        "Reconciled Depreciation": NaN,
        "Reconciled Cost Of Revenue": 431460000.0,
        "EBITDA": 354775000.0,
        "EBIT": 354775000.0,
        "Net Interest Income": -6319000.0,
        "Interest Expense": 17245000.0,
        "Interest Income": 10926000.0,
        "Normalized Income": 252539890.226054,
        "Net Income From Continuing And Discontinued Operation": 243576000.0,
        "Total Expenses": 987873000.0,
        "Total Operating Income As Reported": 356021000.0,
        "Diluted Average Shares": 30893000.0,
        "Basic Average Shares": 30893000.0,
        "Diluted EPS": 7.88,
        "Basic EPS": 7.88,
        "Diluted NI Availto Com Stockholders": 243576000.0,
        "Net Income Common Stockholders": 243576000.0,
        "Net Income": 243576000.0,
        "Minority Interests": -4993000.0,
        "Net Income Including Noncontrolling Interests": 248569000.0,
        "Net Income Continuous Operations": 248569000.0,
        "Tax Provision": 88961000.0,
        "Pretax Income": 337530000.0,
        "Other Income Expense": -12172000.0,
        "Special Income Charges": -12172000.0,
        "Other Special Charges": 12172000.0,
        "Net Non Operating Interest Income Expense": -6319000.0,
        "Interest Expense Non Operating": 17245000.0,
        "Interest Income Non Operating": 10926000.0,
        "Operating Income": 356021000.0,
        "Operating Expense": 556413000.0,
        "Other Operating Expenses": -6244000.0,
        "Provision For Doubtful Accounts": 15381000.0,
        "Research And Development": 60050000.0,
        "Selling General And Administration": 487226000.0,
        "Selling And Marketing Expense": 210280000.0,
        "General And Administrative Expense": 276946000.0,
        "Other Gand A": 276946000.0,
        "Gross Profit": 912434000.0,
        "Cost Of Revenue": 431460000.0,
        "Total Revenue": 1343894000.0,
        "Operating Revenue": 1319029000.0
    }
}