{
    "2023-05-31": {
        "Tax Effect Of Unusual Items": NaN,
        "Tax Rate For Calcs": NaN,
        "Normalized EBITDA": NaN,
        "Total Unusual Items": NaN,
        "Total Unusual Items Excluding Goodwill": NaN,
        "Net Income From Continuing Operation Net Minority Interest": NaN,
        "Reconciled Depreciation": NaN,
        "Reconciled Cost Of Revenue": NaN,
        "EBITDA": NaN,
        "EBIT": NaN,
        "Net Interest Income": NaN,
        "Interest Income": NaN,
        "Normalized Income": NaN,
        "Net Income From Continuing And Discontinued Operation": NaN,
        "Total Expenses": NaN,
        "Total Operating Income As Reported": NaN,
        "Diluted Average Shares": NaN,
        "Basic Average Shares": NaN,
        "Diluted EPS": NaN,
        "Basic EPS": NaN,
        "Diluted NI Availto Com Stockholders": NaN,
        "Average Dilution Earnings": NaN,
        "Net Income Common Stockholders": NaN,
        "Otherunder Preferred Stock Dividend": NaN,
        "Net Income": NaN,
        "Net Income Including Noncontrolling Interests": NaN,
        "Net Income Continuous Operations": NaN,
        "Tax Provision": NaN,
        "Pretax Income": NaN,
        "Other Income Expense": NaN,
        "Special Income Charges": NaN,
        "Earnings From Equity Interest": NaN,
        "Net Non Operating Interest Income Expense": NaN,
        "Interest Income Non Operating": NaN,
        "Operating Income": NaN,
        "Operating Expense": NaN,
        "Selling General And Administration": NaN,
        "Selling And Marketing Expense": NaN,
        "General And Administrative Expense": 169186000.0,
        "Other Gand A": 169186000.0,
        "Gross Profit": NaN,
        "Cost Of Revenue": NaN,
        "Total Revenue": NaN,
        "Operating Revenue": NaN
    },
    "2023-02-28": {
        "Tax Effect Of Unusual Items": NaN,
        "Tax Rate For Calcs": NaN,
        "Normalized EBITDA": NaN,
        "Total Unusual Items": NaN,
        "Total Unusual Items Excluding Goodwill": NaN,
        "Net Income From Continuing Operation Net Minority Interest": NaN,
        "Reconciled Depreciation": NaN,
        "Reconciled Cost Of Revenue": NaN,
        "EBITDA": NaN,
        "EBIT": NaN,
        "Net Interest Income": NaN,
        "Interest Income": NaN,
        "Normalized Income": NaN,
        "Net Income From Continuing And Discontinued Operation": NaN,
        "Total Expenses": NaN,
        "Total Operating Income As Reported": NaN,
        "Diluted Average Shares": NaN,
        "Basic Average Shares": NaN,
        "Diluted EPS": NaN,
        "Basic EPS": NaN,
        "Diluted NI Availto Com Stockholders": NaN,
        "Average Dilution Earnings": NaN,
        "Net Income Common Stockholders": NaN,
        "Otherunder Preferred Stock Dividend": NaN,
        "Net Income": NaN,
        "Net Income Including Noncontrolling Interests": NaN,
        "Net Income Continuous Operations": NaN,
        "Tax Provision": NaN,
        "Pretax Income": NaN,
        "Other Income Expense": NaN,
        "Special Income Charges": NaN,
        "Earnings From Equity Interest": NaN,
        "Net Non Operating Interest Income Expense": NaN,
        "Interest Income Non Operating": NaN,
        "Operating Income": NaN,
        "Operating Expense": NaN,
        "Selling General And Administration": NaN,
        "General And Administrative Expense": 139227000.0,
        "Other Gand A": 139227000.0,
        "Gross Profit": NaN,
        "Cost Of Revenue": NaN,
        "Total Revenue": NaN,
        "Operating Revenue": NaN
    },
    "2022-11-30": {
        "Tax Effect Of Unusual Items": NaN,
        "Tax Rate For Calcs": NaN,
        "Normalized EBITDA": NaN,
        "Total Unusual Items": 0.0,
        "Total Unusual Items Excluding Goodwill": 0.0,
        "Net Income From Continuing Operation Net Minority Interest": NaN,
        "Reconciled Depreciation": NaN,
        "Reconciled Cost Of Revenue": NaN,
        "EBITDA": NaN,
        "EBIT": NaN,
        "Net Interest Income": NaN,
        "Interest Income": NaN,
        "Normalized Income": NaN,
        "Net Income From Continuing And Discontinued Operation": NaN,
        "Total Expenses": NaN,
        "Total Operating Income As Reported": NaN,
        "Diluted Average Shares": NaN,
        "Basic Average Shares": NaN,
        "Diluted EPS": NaN,
        "Basic EPS": NaN,
        "Diluted NI Availto Com Stockholders": NaN,
        "Average Dilution Earnings": NaN,
        "Net Income Common Stockholders": NaN,
        "Otherunder Preferred Stock Dividend": NaN,
        "Net Income": NaN,
        "Net Income Including Noncontrolling Interests": NaN,
        "Net Income Continuous Operations": NaN,
        "Tax Provision": NaN,
        "Pretax Income": NaN,
        "Other Income Expense": NaN,
        "Special Income Charges": 0.0,
        "Other Special Charges": 0.0,
        "Earnings From Equity Interest": NaN,
        "Net Non Operating Interest Income Expense": NaN,
        "Interest Income Non Operating": NaN,
        "Operating Income": NaN,
        "Operating Expense": NaN,
        "Selling General And Administration": NaN,
        "General And Administrative Expense": NaN,
        "Other Gand A": NaN,
        "Gross Profit": NaN,
        "Cost Of Revenue": NaN,
        "Total Revenue": NaN,
        "Operating Revenue": NaN
    },
    "2022-08-31": {
        "Tax Effect Of Unusual Items": NaN,
        "Tax Rate For Calcs": NaN,
        "Normalized EBITDA": NaN,
        "Total Unusual Items": -3598000.0,
        "Total Unusual Items Excluding Goodwill": -3598000.0,
        "Net Income From Continuing Operation Net Minority Interest": NaN,
        "Reconciled Depreciation": NaN,
        "Reconciled Cost Of Revenue": NaN,
        "EBITDA": NaN,
        "EBIT": NaN,
        "Net Interest Income": NaN,
        "Interest Income": NaN,
        "Normalized Income": NaN,
        "Net Income From Continuing And Discontinued Operation": NaN,
        "Total Expenses": NaN,
        "Total Operating Income As Reported": NaN,
        "Diluted Average Shares": NaN,
        "Basic Average Shares": NaN,
        "Diluted EPS": NaN,
        "Basic EPS": NaN,
        "Diluted NI Availto Com Stockholders": NaN,
        "Average Dilution Earnings": NaN,
        "Net Income Common Stockholders": NaN,
        "Otherunder Preferred Stock Dividend": NaN,
        "Net Income": NaN,
        "Net Income Including Noncontrolling Interests": NaN,
        "Net Income Continuous Operations": NaN,
        "Tax Provision": NaN,
        "Pretax Income": NaN,
        "Other Income Expense": NaN,
        "Special Income Charges": -3598000.0,
        "Other Special Charges": 3598000.0,
        "Earnings From Equity Interest": NaN,
        "Net Non Operating Interest Income Expense": NaN,
        "Interest Income Non Operating": NaN,
        "Operating Income": NaN,
        "Operating Expense": NaN,
        "Selling General And Administration": NaN,
        "General And Administrative Expense": 163238000.0,
        "Other Gand A": 163238000.0,
        "Gross Profit": NaN,
        "Cost Of Revenue": NaN,
        "Total Revenue": NaN,
        "Operating Revenue": NaN
    },
    "2022-05-31": {
        "Tax Effect Of Unusual Items": 0.0,
        "Tax Rate For Calcs": 0.255241,
        "Normalized EBITDA": 282870000.0,
        "Total Unusual Items": NaN,
        "Total Unusual Items Excluding Goodwill": NaN,
        "Net Income From Continuing Operation Net Minority Interest": 210670000.0,
        "Reconciled Depreciation": 7907000.0,
        "Reconciled Cost Of Revenue": 1281752000.0,
        "EBIT": 282870000.0,
        "Net Interest Income": 39000.0,
        "Interest Expense": 0.0,
        "Interest Income": 39000.0,
        "Normalized Income": 210670000.0,
        "Net Income From Continuing And Discontinued Operation": 210670000.0,
        "Total Expenses": 1451728000.0,
        "Total Operating Income As Reported": 264460000.0,
        "Diluted Average Shares": 90316000.0,
        "Basic Average Shares": 87858000.0,
        "Diluted EPS": 2.32,
        "Basic EPS": 2.39,
        "Diluted NI Availto Com Stockholders": 210670000.0,
        "Average Dilution Earnings": 26000.0,
        "Net Income Common Stockholders": 210670000.0,
        "Otherunder Preferred Stock Dividend": 1021000.0,
        "Net Income": 210670000.0,
        "Net Income Including Noncontrolling Interests": 210670000.0,
        "Net Income Continuous Operations": 210670000.0,
        "Tax Provision": 72200000.0,
        "Pretax Income": 282870000.0,
        "Other Income Expense": 14497000.0,
        "Special Income Charges": NaN,
        "Other Special Charges": NaN,
        "Earnings From Equity Interest": 14497000.0,
        "Net Non Operating Interest Income Expense": 39000.0,
        "Interest Expense Non Operating": 0.0,
        "Interest Income Non Operating": 39000.0,
        "Operating Income": 268334000.0,
        "Operating Expense": 169976000.0,
        "Other Operating Expenses": NaN,
        "Selling General And Administration": 169976000.0,
        "General And Administrative Expense": 169976000.0,
        "Other Gand A": 169976000.0,
        "Gross Profit": 438310000.0,
        "Cost Of Revenue": 1281752000.0,
        "Total Revenue": 1720062000.0,
        "Operating Revenue": 1720062000.0
    },
    "2022-02-28": {
        "Diluted EPS": 1.47,
        "Total Revenue": NaN,
        "Gross Profit": 317,
        "Operating Income": 174,
        "EBIT": 182,
        "Net Income": 134
    },
    "2021-11-30": {
        "Diluted EPS": 1.89,
        "Total Revenue": NaN,
        "Gross Profit": 383,
        "Operating Income": 221,
        "EBIT": 229,
        "Net Income": 173
    },
    "2021-08-31": {
        "Diluted EPS": 1.6,
        "Total Revenue": NaN,
        "Gross Profit": 319,
        "Operating Income": 170,
        "EBIT": 178,
        "Net Income": 149
    },
    "2021-05-31": {
        "Diluted EPS": 1.5,
        "Total Revenue": NaN,
        "Gross Profit": 313,
        "Operating Income": 168,
        "EBIT": 176,
        "Net Income": 143
    },
    "2021-02-28": {
        "Diluted EPS": 1.02,
        "Total Revenue": NaN,
        "Gross Profit": 240,
        "Operating Income": 118,
        "EBIT": 126,
        "Net Income": 97
    },
    "2020-11-30": {
        "Diluted EPS": 1.12,
        "Total Revenue": NaN,
        "Gross Profit": 243,
        "Operating Income": 120,
        "EBIT": 128,
        "Net Income": 106
    },
    "2020-08-31": {
        "Diluted EPS": 0.83,
        "Total Revenue": 999,
        "Gross Profit": 201,
        "Operating Income": 93,
        "EBIT": 101,
        "Net Income": 78
    },
    "2020-05-31": {
        "Diluted EPS": 0.55,
        "Total Revenue": 914,
        "Gross Profit": 170,
        "Operating Income": 55,
        "EBIT": 63,
        "Net Income": 52
    },
    "2020-02-29": {
        "Diluted EPS": 0.63,
        "Total Revenue": NaN,
        "Gross Profit": 190,
        "Operating Income": 64,
        "EBIT": 72,
        "Net Income": 59
    },
    "2019-11-30": {
        "Diluted EPS": 1.3,
        "Total Revenue": NaN,
        "Gross Profit": 308,
        "Operating Income": 161,
        "EBIT": 169,
        "Net Income": 122
    },
    "2019-08-31": {
        "Diluted EPS": 0.73,
        "Total Revenue": NaN,
        "Gross Profit": 217,
        "Operating Income": 89,
        "EBIT": 97,
        "Net Income": 68
    },
    "2019-05-31": {
        "Diluted EPS": 0.51,
        "Total Revenue": NaN,
        "Gross Profit": 178,
        "Operating Income": 55,
        "EBIT": 63,
        "Net Income": 47
    },
    "2019-02-28": {
        "Diluted EPS": 0.31,
        "Total Revenue": 811,
        "Gross Profit": 141,
        "Operating Income": 34,
        "EBIT": 42,
        "Net Income": 30
    },
    "2018-11-30": {
        "Diluted EPS": 1.09,
        "Total Revenue": NaN,
        "Gross Profit": 247,
        "Operating Income": 126,
        "EBIT": 129,
        "Net Income": 96
    },
    "2018-08-31": {
        "Diluted EPS": 0.87,
        "Total Revenue": NaN,
        "Gross Profit": 224,
        "Operating Income": 109,
        "EBIT": 111,
        "Net Income": 87
    },
    "2018-05-31": {
        "Diluted EPS": 0.57,
        "Total Revenue": NaN,
        "Gross Profit": 190,
        "Operating Income": 77,
        "EBIT": 79,
        "Net Income": 57
    },
    "2018-02-28": {
        "Diluted EPS": -0.82,
        "Total Revenue": 872,
        "Gross Profit": 142,
        "Operating Income": 46,
        "EBIT": 49,
        "Net Income": -71
    },
    "2017-11-30": {
        "Diluted EPS": 0.86,
        "Total Revenue": NaN,
        "Gross Profit": 256,
        "Operating Income": 130,
        "EBIT": 132,
        "Net Income": 84
    },
    "2017-08-31": {
        "Diluted EPS": 0.51,
        "Total Revenue": NaN,
        "Gross Profit": 189,
        "Operating Income": 80,
        "EBIT": 82,
        "Net Income": 50
    },
    "2017-05-31": {
        "Diluted EPS": 0.33,
        "Total Revenue": NaN,
        "Gross Profit": 156,
        "Operating Income": 52,
        "EBIT": 55,
        "Net Income": 32
    },
    "2017-02-28": {
        "Diluted EPS": 0.15,
        "Total Revenue": 819,
        "Gross Profit": 121,
        "Operating Income": 28,
        "EBIT": 30,
        "Net Income": 14
    },
    "2016-11-30": {
        "Diluted EPS": 0.39,
        "Total Revenue": NaN,
        "Gross Profit": 169,
        "Operating Income": 59,
        "EBIT": 62,
        "Net Income": 37
    },
    "2016-08-31": {
        "Diluted EPS": 0.42,
        "Total Revenue": 913,
        "Gross Profit": 153,
        "Operating Income": 55,
        "EBIT": 57,
        "Net Income": 39
    },
    "2016-05-31": {
        "Diluted EPS": 0.17,
        "Total Revenue": 811,
        "Gross Profit": 122,
        "Operating Income": 29,
        "EBIT": 31,
        "Net Income": 16
    },
    "2016-02-29": {
        "Diluted EPS": 0.14,
        "Total Revenue": 678,
        "Gross Profit": 110,
        "Operating Income": 22,
        "EBIT": 24,
        "Net Income": 13
    },
    "2015-11-30": {
        "Diluted EPS": 0.44,
        "Total Revenue": 986,
        "Gross Profit": 172,
        "Operating Income": 74,
        "EBIT": 77,
        "Net Income": 44
    },
    "2015-08-31": {
        "Diluted EPS": 0.23,
        "Total Revenue": 843,
        "Gross Profit": 134,
        "Operating Income": 39,
        "EBIT": 42,
        "Net Income": 23
    },
    "2015-05-31": {
        "Diluted EPS": 0.1,
        "Total Revenue": 623,
        "Gross Profit": 99,
        "Operating Income": 20,
        "EBIT": 23,
        "Net Income": 10
    },
    "2015-02-28": {
        "Diluted EPS": 0.08,
        "Total Revenue": 580,
        "Gross Profit": 88,
        "Operating Income": 17,
        "EBIT": 19,
        "Net Income": 8
    },
    "2014-11-30": {
        "Diluted EPS": 8.58,
        "Total Revenue": 796,
        "Gross Profit": 117,
        "Operating Income": 34,
        "EBIT": 37,
        "Net Income": 850
    },
    "2014-08-31": {
        "Diluted EPS": 0.28,
        "Total Revenue": 589,
        "Gross Profit": 109,
        "Operating Income": 36,
        "EBIT": 39,
        "Net Income": 28
    },
    "2014-05-31": {
        "Diluted EPS": 0.27,
        "Total Revenue": 565,
        "Gross Profit": 108,
        "Operating Income": 37,
        "EBIT": 39,
        "Net Income": 27
    },
    "2014-02-28": {
        "Diluted EPS": 0.12,
        "Total Revenue": 451,
        "Gross Profit": 81,
        "Operating Income": 20,
        "EBIT": 22,
        "Net Income": 11
    },
    "2013-11-30": {
        "Diluted EPS": 0.36,
        "Total Revenue": 619,
        "Gross Profit": 114,
        "Operating Income": 51,
        "EBIT": 53,
        "Net Income": 28
    },
    "2013-08-31": {
        "Diluted EPS": 0.3,
        "Total Revenue": 549,
        "Gross Profit": 103,
        "Operating Income": 39,
        "EBIT": 41,
        "Net Income": 27
    },
    "2013-05-31": {
        "Diluted EPS": -0.04,
        "Total Revenue": 524,
        "Gross Profit": 81,
        "Operating Income": 11,
        "EBIT": 13,
        "Net Income": -3
    },
    "2013-02-28": {
        "Diluted EPS": -0.16,
        "Total Revenue": 405,
        "Gross Profit": 62,
        "Operating Income": 3,
        "EBIT": 4,
        "Net Income": -12
    },
    "2012-11-30": {
        "Diluted EPS": 0.1,
        "Total Revenue": 578,
        "Gross Profit": 82,
        "Operating Income": 19,
        "EBIT": 21,
        "Net Income": 8
    },
    "2012-08-31": {
        "Diluted EPS": 0.04,
        "Total Revenue": 425,
        "Gross Profit": 73,
        "Operating Income": 14,
        "EBIT": 15,
        "Net Income": 3
    },
    "2012-05-31": {
        "Diluted EPS": -0.31,
        "Total Revenue": 303,
        "Gross Profit": 50,
        "Operating Income": -13,
        "EBIT": -12,
        "Net Income": -24
    },
    "2012-02-29": {
        "Diluted EPS": -0.59,
        "Total Revenue": 255,
        "Gross Profit": 23,
        "Operating Income": -28,
        "EBIT": -28,
        "Net Income": -46
    },
    "2011-11-30": {
        "Diluted EPS": 0.19,
        "Total Revenue": 480,
        "Gross Profit": 47,
        "Operating Income": 5,
        "EBIT": 6,
        "Net Income": 14
    },
    "2011-08-31": {
        "Diluted EPS": -0.13,
        "Total Revenue": 367,
        "Gross Profit": 64,
        "Operating Income": 4,
        "EBIT": 5,
        "Net Income": -10
    },
    "2011-05-31": {
        "Diluted EPS": -0.89,
        "Total Revenue": 272,
        "Gross Profit": 21,
        "Operating Income": -56,
        "EBIT": -55,
        "Net Income": -69
    },
    "2011-02-28": {
        "Diluted EPS": -1.49,
        "Total Revenue": 197,
        "Gross Profit": 26,
        "Operating Income": -46,
        "EBIT": -45,
        "Net Income": -115
    },
    "2010-11-30": {
        "Diluted EPS": 0.23,
        "Total Revenue": 451,
        "Gross Profit": 88,
        "Operating Income": 32,
        "EBIT": 33,
        "Net Income": 17
    },
    "2010-08-31": {
        "Diluted EPS": -0.02,
        "Total Revenue": 501,
        "Gross Profit": 89,
        "Operating Income": 11,
        "EBIT": 12,
        "Net Income": -1
    },
    "2010-05-31": {
        "Diluted EPS": -0.4,
        "Total Revenue": 374,
        "Gross Profit": 67,
        "Operating Income": -16,
        "EBIT": -14,
        "Net Income": -31
    },
    "2010-02-28": {
        "Diluted EPS": -0.71,
        "Total Revenue": 264,
        "Gross Profit": 37,
        "Operating Income": -35,
        "EBIT": -33,
        "Net Income": -55
    },
    "2009-11-30": {
        "Diluted EPS": 1.32,
        "Total Revenue": 675,
        "Gross Profit": 7,
        "Operating Income": -78,
        "EBIT": -77,
        "Net Income": 101
    },
    "2009-08-31": {
        "Diluted EPS": -0.87,
        "Total Revenue": 458,
        "Gross Profit": 44,
        "Operating Income": -40,
        "EBIT": -38,
        "Net Income": -66
    },
    "2009-05-31": {
        "Diluted EPS": -1.03,
        "Total Revenue": 384,
        "Gross Profit": 8,
        "Operating Income": -65,
        "EBIT": -63,
        "Net Income": -78
    },
    "2009-02-28": {
        "Diluted EPS": -0.75,
        "Total Revenue": 307,
        "Gross Profit": 16,
        "Operating Income": -45,
        "EBIT": -43,
        "Net Income": -58
    },
    "2023-08-31": {
        "Tax Effect Of Unusual Items": NaN,
        "Tax Rate For Calcs": NaN,
        "Normalized EBITDA": NaN,
        "Total Unusual Items": 0.0,
        "Total Unusual Items Excluding Goodwill": 0.0,
        "Net Income From Continuing Operation Net Minority Interest": NaN,
        "Reconciled Depreciation": NaN,
        "Reconciled Cost Of Revenue": NaN,
        "EBITDA": NaN,
        "EBIT": NaN,
        "Net Interest Income": NaN,
        "Interest Income": NaN,
        "Normalized Income": NaN,
        "Net Income From Continuing And Discontinued Operation": NaN,
        "Total Expenses": NaN,
        "Total Operating Income As Reported": NaN,
        "Diluted Average Shares": NaN,
        "Basic Average Shares": NaN,
        "Diluted EPS": NaN,
        "Basic EPS": NaN,
        "Diluted NI Availto Com Stockholders": NaN,
        "Average Dilution Earnings": NaN,
        "Net Income Common Stockholders": NaN,
        "Otherunder Preferred Stock Dividend": NaN,
        "Net Income": NaN,
        "Net Income Including Noncontrolling Interests": NaN,
        "Net Income Continuous Operations": NaN,
        "Tax Provision": NaN,
        "Pretax Income": NaN,
        "Other Income Expense": NaN,
        "Special Income Charges": 0.0,
        "Earnings From Equity Interest": NaN,
        "Net Non Operating Interest Income Expense": NaN,
        "Interest Income Non Operating": NaN,
        "Operating Income": NaN,
        "Operating Expense": NaN,
        "Selling General And Administration": NaN,
        "Selling And Marketing Expense": 93204000.0,
        "General And Administrative Expense": 66893000.0,
        "Other Gand A": 66893000.0,
        "Gross Profit": NaN,
        "Cost Of Revenue": NaN,
        "Total Revenue": NaN,
        "Operating Revenue": NaN
    },
    "2023-11-30": {
        "Tax Effect Of Unusual Items": NaN,
        "Tax Rate For Calcs": NaN,
        "Normalized EBITDA": NaN,
        "Total Unusual Items": 0.0,
        "Total Unusual Items Excluding Goodwill": 0.0,
        "Net Income From Continuing Operation Net Minority Interest": NaN,
        "Reconciled Depreciation": NaN,
        "Reconciled Cost Of Revenue": NaN,
        "EBITDA": NaN,
        "EBIT": NaN,
        "Net Interest Income": NaN,
        "Interest Income": NaN,
        "Normalized Income": NaN,
        "Net Income From Continuing And Discontinued Operation": NaN,
        "Total Expenses": NaN,
        "Total Operating Income As Reported": NaN,
        "Diluted Average Shares": NaN,
        "Basic Average Shares": NaN,
        "Diluted EPS": NaN,
        "Basic EPS": NaN,
        "Diluted NI Availto Com Stockholders": NaN,
        "Average Dilution Earnings": NaN,
        "Net Income Common Stockholders": NaN,
        "Otherunder Preferred Stock Dividend": NaN,
        "Net Income": NaN,
        "Net Income Including Noncontrolling Interests": NaN,
        "Net Income Continuous Operations": NaN,
        "Tax Provision": NaN,
        "Pretax Income": NaN,
        "Other Income Expense": NaN,
        "Special Income Charges": 0.0,
        "Earnings From Equity Interest": NaN,
        "Net Non Operating Interest Income Expense": NaN,
        "Interest Income Non Operating": NaN,
        "Operating Income": NaN,
        "Operating Expense": NaN,
        "Selling General And Administration": NaN,
        "Selling And Marketing Expense": NaN,
        "General And Administrative Expense": NaN,
        "Other Gand A": NaN,
        "Gross Profit": NaN,
        "Cost Of Revenue": NaN,
        "Total Revenue": NaN,
        "Operating Revenue": NaN
    },
    "2024-02-29": {
        "Tax Effect Of Unusual Items": NaN,
        "Tax Rate For Calcs": NaN,
        "Normalized EBITDA": NaN,
        "Net Income From Continuing Operation Net Minority Interest": NaN,
        "Reconciled Depreciation": NaN,
        "Reconciled Cost Of Revenue": NaN,
        "EBITDA": NaN,
        "EBIT": NaN,
        "Net Interest Income": NaN,
        "Interest Income": NaN,
        "Normalized Income": NaN,
        "Net Income From Continuing And Discontinued Operation": NaN,
        "Total Expenses": NaN,
        "Total Operating Income As Reported": NaN,
        "Diluted Average Shares": NaN,
        "Basic Average Shares": NaN,
        "Diluted EPS": NaN,
        "Basic EPS": NaN,
        "Diluted NI Availto Com Stockholders": NaN,
        "Average Dilution Earnings": NaN,
        "Net Income Common Stockholders": NaN,
        "Otherunder Preferred Stock Dividend": NaN,
        "Net Income": NaN,
        "Net Income Including Noncontrolling Interests": NaN,
        "Net Income Continuous Operations": NaN,
        "Tax Provision": NaN,
        "Pretax Income": NaN,
        "Other Income Expense": NaN,
        "Earnings From Equity Interest": NaN,
        "Net Non Operating Interest Income Expense": NaN,
        "Interest Income Non Operating": NaN,
        "Operating Income": NaN,
        "Operating Expense": NaN,
        "Selling General And Administration": NaN,
        "Selling And Marketing Expense": 88190000.0,
        "General And Administrative Expense": 69304000.0,
        "Other Gand A": 69304000.0,
        "Gross Profit": NaN,
        "Cost Of Revenue": NaN,
        "Total Revenue": NaN,
        "Operating Revenue": NaN
    },
    "2024-05-31": {
        "Tax Effect Of Unusual Items": NaN,
        "Tax Rate For Calcs": NaN,
        "Normalized EBITDA": NaN,
        "Net Income From Continuing Operation Net Minority Interest": NaN,
        "Reconciled Depreciation": NaN,
        "Reconciled Cost Of Revenue": NaN,
        "EBITDA": NaN,
        "EBIT": NaN,
        "Net Interest Income": NaN,
        "Interest Income": NaN,
        "Normalized Income": NaN,
        "Net Income From Continuing And Discontinued Operation": NaN,
        "Total Expenses": NaN,
        "Total Operating Income As Reported": NaN,
        "Diluted Average Shares": NaN,
        "Basic Average Shares": NaN,
        "Diluted EPS": NaN,
        "Basic EPS": NaN,
        "Diluted NI Availto Com Stockholders": NaN,
        "Average Dilution Earnings": NaN,
        "Net Income Common Stockholders": NaN,
        "Otherunder Preferred Stock Dividend": NaN,
        "Net Income": NaN,
        "Net Income Including Noncontrolling Interests": NaN,
        "Net Income Continuous Operations": NaN,
        "Tax Provision": NaN,
        "Pretax Income": NaN,
        "Other Income Expense": NaN,
        "Earnings From Equity Interest": NaN,
        "Net Non Operating Interest Income Expense": NaN,
        "Interest Income Non Operating": NaN,
        "Operating Income": NaN,
        "Operating Expense": NaN,
        "Selling General And Administration": NaN,
        "Selling And Marketing Expense": 100264000.0,
        "General And Administrative Expense": 70963000.0,
        "Other Gand A": 70963000.0,
        "Gross Profit": NaN,
        "Cost Of Revenue": NaN,
        "Total Revenue": NaN,
        "Operating Revenue": NaN
    },
    "2024-08-31": {
        "Tax Effect Of Unusual Items": 0.0,
        "Tax Rate For Calcs": 0.242,
        "Normalized EBITDA": 203387000.0,
        "Net Income From Continuing Operation Net Minority Interest": 157329000.0,
        "Reconciled Depreciation": 9416000.0,
        "Reconciled Cost Of Revenue": 1387171000.0,
        "EBITDA": 203387000.0,
        "EBIT": 193971000.0,
        "Net Interest Income": 4073000.0,
        "Interest Income": 4073000.0,
        "Normalized Income": 157329000.0,
        "Net Income From Continuing And Discontinued Operation": 157329000.0,
        "Total Expenses": 1558637000.0,
        "Total Operating Income As Reported": 188950000.0,
        "Diluted Average Shares": NaN,
        "Basic Average Shares": NaN,
        "Diluted EPS": NaN,
        "Basic EPS": NaN,
        "Diluted NI Availto Com Stockholders": 156154000.0,
        "Average Dilution Earnings": 30000.0,
        "Net Income Common Stockholders": 156124000.0,
        "Otherunder Preferred Stock Dividend": 1205000.0,
        "Net Income": 157329000.0,
        "Net Income Including Noncontrolling Interests": 157329000.0,
        "Net Income Continuous Operations": 157329000.0,
        "Tax Provision": 50100000.0,
        "Pretax Income": 207429000.0,
        "Other Income Expense": 9385000.0,
        "Earnings From Equity Interest": 9385000.0,
        "Net Non Operating Interest Income Expense": 4073000.0,
        "Interest Income Non Operating": 4073000.0,
        "Operating Income": 193971000.0,
        "Operating Expense": 171466000.0,
        "Selling General And Administration": 171466000.0,
        "Selling And Marketing Expense": 99661000.0,
        "General And Administrative Expense": 71805000.0,
        "Other Gand A": 71805000.0,
        "Gross Profit": 365437000.0,
        "Cost Of Revenue": 1387171000.0,
        "Total Revenue": 1752608000.0,
        "Operating Revenue": 1752608000.0
    },
    "2024-11-30": {
        "Tax Effect Of Unusual Items": 0.0,
        "Tax Rate For Calcs": 0.230516,
        "Normalized EBITDA": 243455000.0,
        "Net Income From Continuing Operation Net Minority Interest": 190605000.0,
        "Reconciled Depreciation": 9013000.0,
        "Reconciled Cost Of Revenue": 1578796000.0,
        "EBITDA": 243455000.0,
        "EBIT": 234442000.0,
        "Net Interest Income": 2722000.0,
        "Interest Income": 2722000.0,
        "Normalized Income": 190605000.0,
        "Net Income From Continuing And Discontinued Operation": 190605000.0,
        "Total Expenses": 1765457000.0,
        "Total Operating Income As Reported": 229099000.0,
        "Diluted Average Shares": 75114000.0,
        "Basic Average Shares": 72983000.0,
        "Diluted EPS": 2.52,
        "Basic EPS": 2.59,
        "Diluted NI Availto Com Stockholders": 189352000.0,
        "Average Dilution Earnings": 32000.0,
        "Net Income Common Stockholders": 189320000.0,
        "Otherunder Preferred Stock Dividend": 1285000.0,
        "Net Income": 190605000.0,
        "Net Income Including Noncontrolling Interests": 190605000.0,
        "Net Income Continuous Operations": 190605000.0,
        "Tax Provision": 57100000.0,
        "Pretax Income": 247705000.0,
        "Other Income Expense": 10541000.0,
        "Earnings From Equity Interest": 10541000.0,
        "Net Non Operating Interest Income Expense": 2722000.0,
        "Interest Income Non Operating": 2722000.0,
        "Operating Income": 234442000.0,
        "Operating Expense": 186661000.0,
        "Selling General And Administration": 186661000.0,
        "Selling And Marketing Expense": NaN,
        "General And Administrative Expense": NaN,
        "Other Gand A": NaN,
        "Gross Profit": 421103000.0,
        "Cost Of Revenue": 1578796000.0,
        "Total Revenue": 1999899000.0,
        "Operating Revenue": 1999899000.0
    },
    "2025-02-28": {
        "Tax Effect Of Unusual Items": 0.0,
        "Tax Rate For Calcs": 0.214,
        "Normalized EBITDA": 139351000.0,
        "Net Income From Continuing Operation Net Minority Interest": 109557000.0,
        "Reconciled Depreciation": 8815000.0,
        "Reconciled Cost Of Revenue": 1108953000.0,
        "EBITDA": 139351000.0,
        "EBIT": 130536000.0,
        "Net Interest Income": 2079000.0,
        "Interest Income": 2079000.0,
        "Normalized Income": 109557000.0,
        "Net Income From Continuing And Discontinued Operation": 109557000.0,
        "Total Expenses": 1261241000.0,
        "Total Operating Income As Reported": 127339000.0,
        "Diluted Average Shares": 73012000.0,
        "Basic Average Shares": 71537000.0,
        "Diluted EPS": 1.49,
        "Basic EPS": 1.52,
        "Diluted NI Availto Com Stockholders": 108889000.0,
        "Average Dilution Earnings": 12000.0,
        "Net Income Common Stockholders": 108877000.0,
        "Otherunder Preferred Stock Dividend": 680000.0,
        "Net Income": 109557000.0,
        "Net Income Including Noncontrolling Interests": 109557000.0,
        "Net Income Continuous Operations": 109557000.0,
        "Tax Provision": 29800000.0,
        "Pretax Income": 139357000.0,
        "Other Income Expense": 6742000.0,
        "Earnings From Equity Interest": 6742000.0,
        "Net Non Operating Interest Income Expense": 2079000.0,
        "Interest Income Non Operating": 2079000.0,
        "Operating Income": 130536000.0,
        "Operating Expense": 152288000.0,
        "Selling General And Administration": 152288000.0,
        "Selling And Marketing Expense": 86829000.0,
        "General And Administrative Expense": 65459000.0,
        "Other Gand A": 65459000.0,
        "Gross Profit": 282824000.0,
        "Cost Of Revenue": 1108953000.0,
        "Total Revenue": 1391777000.0,
        "Operating Revenue": 1391777000.0
    },
    "2025-05-31": {
        "Tax Effect Of Unusual Items": 0.0,
        "Tax Rate For Calcs": 0.242,
        "Normalized EBITDA": 143981000.0,
        "Net Income From Continuing Operation Net Minority Interest": 107883000.0,
        "Reconciled Depreciation": 9219000.0,
        "Reconciled Cost Of Revenue": 1231625000.0,
        "EBITDA": 143981000.0,
        "EBIT": 134762000.0,
        "Net Interest Income": 1679000.0,
        "Interest Income": 1679000.0,
        "Normalized Income": 107883000.0,
        "Net Income From Continuing And Discontinued Operation": 107883000.0,
        "Total Expenses": 1394823000.0,
        "Total Operating Income As Reported": 131463000.0,
        "Diluted Average Shares": 71226000.0,
        "Basic Average Shares": 69976000.0,
        "Diluted EPS": 1.5,
        "Basic EPS": 1.53,
        "Diluted NI Availto Com Stockholders": 107191000.0,
        "Average Dilution Earnings": 10000.0,
        "Net Income Common Stockholders": 107181000.0,
        "Otherunder Preferred Stock Dividend": 702000.0,
        "Net Income": 107883000.0,
        "Net Income Including Noncontrolling Interests": 107883000.0,
        "Net Income Continuous Operations": 107883000.0,
        "Tax Provision": 34500000.0,
        "Pretax Income": 142383000.0,
        "Other Income Expense": 5942000.0,
        "Earnings From Equity Interest": 5942000.0,
        "Net Non Operating Interest Income Expense": 1679000.0,
        "Interest Income Non Operating": 1679000.0,
        "Operating Income": 134762000.0,
        "Operating Expense": 163198000.0,
        "Selling General And Administration": 163198000.0,
        "Selling And Marketing Expense": 95116000.0,
        "General And Administrative Expense": 68082000.0,
        "Other Gand A": 68082000.0,
        "Gross Profit": 297960000.0,
        "Cost Of Revenue": 1231625000.0,
        "Total Revenue": 1529585000.0,
        "Operating Revenue": 1529585000.0
    },
    "2025-08-31": {
        "Tax Effect Of Unusual Items": 0.0,
        "Tax Rate For Calcs": 0.233,
        "Normalized EBITDA": 145001000.0,
        "Net Income From Continuing Operation Net Minority Interest": 109828000.0,
        "Reconciled Depreciation": 9406000.0,
        "Reconciled Cost Of Revenue": 1322727000.0,
        "EBITDA": 145001000.0,
        "EBIT": 135595000.0,
        "Net Interest Income": 1870000.0,
        "Interest Income": 1870000.0,
        "Normalized Income": 109828000.0,
        "Net Income From Continuing And Discontinued Operation": 109828000.0,
        "Total Expenses": 1484879000.0,
        "Total Operating Income As Reported": 131163000.0,
        "Diluted Average Shares": 67737000.0,
        "Basic Average Shares": 66368000.0,
        "Diluted EPS": 1.61,
        "Basic EPS": 1.64,
        "Diluted NI Availto Com Stockholders": 109095000.0,
        "Average Dilution Earnings": 13000.0,
        "Net Income Common Stockholders": 109082000.0,
        "Otherunder Preferred Stock Dividend": 746000.0,
        "Net Income": 109828000.0,
        "Net Income Including Noncontrolling Interests": 109828000.0,
        "Net Income Continuous Operations": 109828000.0,
        "Tax Provision": 33400000.0,
        "Pretax Income": 143228000.0,
        "Other Income Expense": 5763000.0,
        "Earnings From Equity Interest": 5763000.0,
        "Net Non Operating Interest Income Expense": 1870000.0,
        "Interest Income Non Operating": 1870000.0,
        "Operating Income": 135595000.0,
        "Operating Expense": 162152000.0,
        "Selling General And Administration": 162152000.0,
        "Selling And Marketing Expense": 95956000.0,
        "General And Administrative Expense": 66196000.0,
        "Other Gand A": 66196000.0,
        "Gross Profit": 297747000.0,
        "Cost Of Revenue": 1322727000.0,
        "Total Revenue": 1620474000.0,
        "Operating Revenue": 1620474000.0
    },
    "2025-11-30": {
        "Tax Effect Of Unusual Items": NaN,
        "Tax Rate For Calcs": NaN,
        "Normalized EBITDA": NaN,
        "Net Income From Continuing Operation Net Minority Interest": NaN,
        "Reconciled Depreciation": NaN,
        "Reconciled Cost Of Revenue": NaN,
        "EBITDA": NaN,
        "EBIT": NaN,
        "Net Interest Income": NaN,
        "Interest Income": NaN,
        "Normalized Income": NaN,
        "Net Income From Continuing And Discontinued Operation": NaN,
        "Total Expenses": NaN,
        "Total Operating Income As Reported": NaN,
        "Diluted Average Shares": 65041000.0,
        "Basic Average Shares": 63738000.0,
        "Diluted EPS": 1.55,
        "Basic EPS": 1.58,
        "Diluted NI Availto Com Stockholders": NaN,
        "Average Dilution Earnings": NaN,
        "Net Income Common Stockholders": NaN,
        "Otherunder Preferred Stock Dividend": NaN,
        "Net Income": NaN,
        "Net Income Including Noncontrolling Interests": NaN,
        "Net Income Continuous Operations": NaN,
        "Tax Provision": NaN,
        "Pretax Income": NaN,
        "Other Income Expense": NaN,
        "Earnings From Equity Interest": NaN,
        "Net Non Operating Interest Income Expense": NaN,
        "Interest Income Non Operating": NaN,
        "Operating Income": NaN,
        "Operating Expense": NaN,
        "Selling General And Administration": NaN,
        "Selling And Marketing Expense": NaN,
        "General And Administrative Expense": NaN,
        "Other Gand A": NaN,
        "Gross Profit": NaN,
        "Cost Of Revenue": NaN,
        "Total Revenue": NaN,
        "Operating Revenue": NaN
    }
}