{
    "2023-04-30": {
        "Tax Effect Of Unusual Items": 0.0,
        "Tax Rate For Calcs": 0.21,
        "Normalized EBITDA": 3591000.0,
        "Net Income From Continuing Operation Net Minority Interest": 1005000.0,
        "Reconciled Depreciation": 725000.0,
        "Reconciled Cost Of Revenue": 43625000.0,
        "EBITDA": 3591000.0,
        "EBIT": 2866000.0,
        "Net Interest Income": -544000.0,
        "Interest Expense": 544000.0,
        "Normalized Income": 1005000.0,
        "Net Income From Continuing And Discontinued Operation": 1005000.0,
        "Total Expenses": 51285000.0,
        "Total Operating Income As Reported": 2701000.0,
        "Diluted Average Shares": 2928000.0,
        "Basic Average Shares": 2830000.0,
        "Diluted EPS": 0.34,
        "Basic EPS": 0.36,
        "Diluted NI Availto Com Stockholders": 1005000.0,
        "Net Income Common Stockholders": 1005000.0,
        "Net Income": 1005000.0,
        "Minority Interests": -89000.0,
        "Net Income Including Noncontrolling Interests": 1094000.0,
        "Net Income Continuous Operations": 1094000.0,
        "Tax Provision": 1228000.0,
        "Pretax Income": 2322000.0,
        "Other Income Expense": 165000.0,
        "Other Non Operating Income Expenses": 165000.0,
        "Net Non Operating Interest Income Expense": -544000.0,
        "Interest Expense Non Operating": 544000.0,
        "Operating Income": 2701000.0,
        "Operating Expense": 7660000.0,
        "Other Operating Expenses": 7660000.0,
        "Selling General And Administration": NaN,
        "General And Administrative Expense": NaN,
        "Salaries And Wages": NaN,
        "Gross Profit": 10361000.0,
        "Cost Of Revenue": 43625000.0,
        "Total Revenue": 53986000.0,
        "Operating Revenue": 53986000.0
    },
    "2023-01-31": {
        "Tax Effect Of Unusual Items": NaN,
        "Tax Rate For Calcs": NaN,
        "Normalized EBITDA": NaN,
        "Net Income From Continuing Operation Net Minority Interest": NaN,
        "Reconciled Depreciation": NaN,
        "Reconciled Cost Of Revenue": NaN,
        "EBITDA": NaN,
        "EBIT": NaN,
        "Net Interest Income": NaN,
        "Interest Expense": NaN,
        "Normalized Income": NaN,
        "Net Income From Continuing And Discontinued Operation": NaN,
        "Total Expenses": NaN,
        "Total Operating Income As Reported": NaN,
        "Diluted Average Shares": NaN,
        "Basic Average Shares": NaN,
        "Diluted EPS": NaN,
        "Basic EPS": NaN,
        "Diluted NI Availto Com Stockholders": NaN,
        "Net Income Common Stockholders": NaN,
        "Net Income": NaN,
        "Minority Interests": NaN,
        "Net Income Including Noncontrolling Interests": NaN,
        "Net Income Continuous Operations": NaN,
        "Tax Provision": NaN,
        "Pretax Income": NaN,
        "Other Income Expense": NaN,
        "Other Non Operating Income Expenses": NaN,
        "Net Non Operating Interest Income Expense": NaN,
        "Interest Expense Non Operating": NaN,
        "Operating Income": NaN,
        "Operating Expense": NaN,
        "Other Operating Expenses": NaN,
        "Selling General And Administration": 18000.0,
        "General And Administrative Expense": 18000.0,
        "Salaries And Wages": 18000.0,
        "Gross Profit": NaN,
        "Cost Of Revenue": NaN,
        "Total Revenue": NaN,
        "Operating Revenue": NaN
    },
    "2022-10-31": {
        "Tax Effect Of Unusual Items": NaN,
        "Tax Rate For Calcs": NaN,
        "Normalized EBITDA": NaN,
        "Net Income From Continuing Operation Net Minority Interest": NaN,
        "Reconciled Depreciation": NaN,
        "Reconciled Cost Of Revenue": NaN,
        "EBITDA": NaN,
        "EBIT": NaN,
        "Net Interest Income": NaN,
        "Interest Expense": NaN,
        "Normalized Income": NaN,
        "Net Income From Continuing And Discontinued Operation": NaN,
        "Total Expenses": NaN,
        "Total Operating Income As Reported": NaN,
        "Diluted Average Shares": NaN,
        "Basic Average Shares": NaN,
        "Diluted EPS": NaN,
        "Basic EPS": NaN,
        "Diluted NI Availto Com Stockholders": NaN,
        "Net Income Common Stockholders": NaN,
        "Net Income": NaN,
        "Minority Interests": NaN,
        "Net Income Including Noncontrolling Interests": NaN,
        "Net Income Continuous Operations": NaN,
        "Tax Provision": NaN,
        "Pretax Income": NaN,
        "Other Income Expense": NaN,
        "Other Non Operating Income Expenses": NaN,
        "Net Non Operating Interest Income Expense": NaN,
        "Interest Expense Non Operating": NaN,
        "Operating Income": NaN,
        "Operating Expense": NaN,
        "Other Operating Expenses": NaN,
        "Selling General And Administration": 8000.0,
        "General And Administrative Expense": 8000.0,
        "Salaries And Wages": 8000.0,
        "Gross Profit": NaN,
        "Cost Of Revenue": NaN,
        "Total Revenue": NaN,
        "Operating Revenue": NaN
    },
    "2022-07-31": {
        "Tax Effect Of Unusual Items": 0.0,
        "Tax Rate For Calcs": 0.4,
        "Normalized EBITDA": 44000.0,
        "Net Income From Continuing Operation Net Minority Interest": -747000.0,
        "Reconciled Depreciation": 725000.0,
        "Reconciled Cost Of Revenue": 43927000.0,
        "EBITDA": 44000.0,
        "EBIT": 44000.0,
        "Net Interest Income": -384000.0,
        "Interest Expense": 384000.0,
        "Normalized Income": -747000.0,
        "Net Income From Continuing And Discontinued Operation": -747000.0,
        "Total Expenses": 50519000.0,
        "Total Operating Income As Reported": -396000.0,
        "Diluted Average Shares": 2807000.0,
        "Basic Average Shares": 2807000.0,
        "Diluted EPS": -0.27,
        "Basic EPS": -0.27,
        "Diluted NI Availto Com Stockholders": -747000.0,
        "Net Income Common Stockholders": -747000.0,
        "Net Income": -747000.0,
        "Minority Interests": -28000.0,
        "Net Income Including Noncontrolling Interests": -719000.0,
        "Net Income Continuous Operations": -719000.0,
        "Tax Provision": 379000.0,
        "Pretax Income": -340000.0,
        "Other Income Expense": 440000.0,
        "Other Non Operating Income Expenses": 440000.0,
        "Net Non Operating Interest Income Expense": -384000.0,
        "Interest Expense Non Operating": 384000.0,
        "Operating Income": -396000.0,
        "Operating Expense": 6592000.0,
        "Other Operating Expenses": 6592000.0,
        "Selling General And Administration": NaN,
        "General And Administrative Expense": NaN,
        "Salaries And Wages": NaN,
        "Gross Profit": 6196000.0,
        "Cost Of Revenue": 43927000.0,
        "Total Revenue": 50123000.0,
        "Operating Revenue": 50123000.0
    },
    "2022-04-30": {
        "Diluted EPS": -0.14,
        "Total Revenue": 50,
        "Gross Profit": 9,
        "Operating Income": 2,
        "EBIT": 3,
        "Net Income": 0
    },
    "2022-01-31": {
        "Diluted EPS": -0.47,
        "Total Revenue": 41,
        "Gross Profit": 6,
        "Operating Income": -1,
        "EBIT": 0,
        "Net Income": -1
    },
    "2021-10-31": {
        "Diluted EPS": -1.11,
        "Total Revenue": 39,
        "Gross Profit": 4,
        "Operating Income": -3,
        "EBIT": -2,
        "Net Income": -3
    },
    "2021-07-31": {
        "Diluted EPS": -0.48,
        "Total Revenue": 39,
        "Gross Profit": 6,
        "Operating Income": -1,
        "EBIT": 0,
        "Net Income": -1
    },
    "2021-04-30": {
        "Diluted EPS": -1.07,
        "Total Revenue": 39,
        "Gross Profit": 6,
        "Operating Income": -1,
        "EBIT": 0,
        "Net Income": -3
    },
    "2021-01-31": {
        "Diluted EPS": 0.03,
        "Total Revenue": 33,
        "Gross Profit": 6,
        "Operating Income": 0,
        "EBIT": 0,
        "Net Income": 0
    },
    "2020-10-31": {
        "Diluted EPS": -0.07,
        "Total Revenue": 39,
        "Gross Profit": 6,
        "Operating Income": 0,
        "EBIT": 1,
        "Net Income": 0
    },
    "2020-07-31": {
        "Diluted EPS": -0.22,
        "Total Revenue": 36,
        "Gross Profit": 6,
        "Operating Income": 0,
        "EBIT": 0,
        "Net Income": -1
    },
    "2020-04-30": {
        "Diluted EPS": -0.38,
        "Total Revenue": 34,
        "Gross Profit": 5,
        "Operating Income": -1,
        "EBIT": 0,
        "Net Income": -1
    },
    "2020-01-31": {
        "Diluted EPS": -0.7,
        "Total Revenue": 34,
        "Gross Profit": 5,
        "Operating Income": -2,
        "EBIT": -1,
        "Net Income": -2
    },
    "2019-10-31": {
        "Diluted EPS": -0.79,
        "Total Revenue": 40,
        "Gross Profit": 6,
        "Operating Income": 0,
        "EBIT": 1,
        "Net Income": -2
    },
    "2019-07-31": {
        "Diluted EPS": 0.17,
        "Total Revenue": 39,
        "Gross Profit": 7,
        "Operating Income": 1,
        "EBIT": 1,
        "Net Income": 0
    },
    "2019-04-30": {
        "Diluted EPS": -0.45,
        "Total Revenue": 35,
        "Gross Profit": 5,
        "Operating Income": -1,
        "EBIT": -1,
        "Net Income": -1
    },
    "2019-01-31": {
        "Diluted EPS": -0.01,
        "Total Revenue": 32,
        "Gross Profit": 5,
        "Operating Income": 0,
        "EBIT": 1,
        "Net Income": 0
    },
    "2018-10-31": {
        "Diluted EPS": 0.48,
        "Total Revenue": 37,
        "Gross Profit": 8,
        "Operating Income": 2,
        "EBIT": 2,
        "Net Income": 1
    },
    "2018-07-31": {
        "Diluted EPS": 0.53,
        "Total Revenue": 42,
        "Gross Profit": 8,
        "Operating Income": 2,
        "EBIT": 2,
        "Net Income": 1
    },
    "2018-04-30": {
        "Diluted EPS": 0.54,
        "Total Revenue": 45,
        "Gross Profit": 9,
        "Operating Income": 3,
        "EBIT": 4,
        "Net Income": 1
    },
    "2018-01-31": {
        "Diluted EPS": 0.32,
        "Total Revenue": 38,
        "Gross Profit": 8,
        "Operating Income": 2,
        "EBIT": 3,
        "Net Income": 1
    },
    "2017-10-31": {
        "Diluted EPS": 0.62,
        "Total Revenue": 41,
        "Gross Profit": 8,
        "Operating Income": 3,
        "EBIT": 3,
        "Net Income": 2
    },
    "2017-07-31": {
        "Diluted EPS": 0.42,
        "Total Revenue": 34,
        "Gross Profit": 7,
        "Operating Income": 2,
        "EBIT": 2,
        "Net Income": 1
    },
    "2017-04-30": {
        "Diluted EPS": 0.51,
        "Total Revenue": 35,
        "Gross Profit": 7,
        "Operating Income": 2,
        "EBIT": 2,
        "Net Income": 1
    },
    "2017-01-31": {
        "Diluted EPS": 0.13,
        "Total Revenue": 30,
        "Gross Profit": 5,
        "Operating Income": 0,
        "EBIT": 1,
        "Net Income": 0
    },
    "2016-10-31": {
        "Diluted EPS": 0.54,
        "Total Revenue": 36,
        "Gross Profit": 7,
        "Operating Income": 2,
        "EBIT": 3,
        "Net Income": 1
    },
    "2016-07-31": {
        "Diluted EPS": 0.48,
        "Total Revenue": 37,
        "Gross Profit": 7,
        "Operating Income": 2,
        "EBIT": 3,
        "Net Income": 1
    },
    "2016-04-30": {
        "Diluted EPS": 0.5,
        "Total Revenue": 34,
        "Gross Profit": 7,
        "Operating Income": 2,
        "EBIT": 3,
        "Net Income": 1
    },
    "2016-01-31": {
        "Diluted EPS": 0.31,
        "Total Revenue": 32,
        "Gross Profit": 5,
        "Operating Income": 1,
        "EBIT": 2,
        "Net Income": 1
    },
    "2015-10-31": {
        "Diluted EPS": 0.26,
        "Total Revenue": 31,
        "Gross Profit": 6,
        "Operating Income": 1,
        "EBIT": 2,
        "Net Income": 1
    },
    "2015-07-31": {
        "Diluted EPS": 0.35,
        "Total Revenue": 31,
        "Gross Profit": 6,
        "Operating Income": 2,
        "EBIT": 2,
        "Net Income": 1
    },
    "2015-04-30": {
        "Diluted EPS": 0.23,
        "Total Revenue": 30,
        "Gross Profit": 5,
        "Operating Income": 1,
        "EBIT": 2,
        "Net Income": 1
    },
    "2015-01-31": {
        "Diluted EPS": 0.18,
        "Total Revenue": 28,
        "Gross Profit": 4,
        "Operating Income": 1,
        "EBIT": 1,
        "Net Income": 0
    },
    "2014-10-31": {
        "Diluted EPS": 0.45,
        "Total Revenue": 30,
        "Gross Profit": 6,
        "Operating Income": 2,
        "EBIT": 3,
        "Net Income": 1
    },
    "2014-07-31": {
        "Diluted EPS": 0.47,
        "Total Revenue": 31,
        "Gross Profit": 6,
        "Operating Income": 2,
        "EBIT": 2,
        "Net Income": 1
    },
    "2014-04-30": {
        "Diluted EPS": 0.37,
        "Total Revenue": 27,
        "Gross Profit": 6,
        "Operating Income": 1,
        "EBIT": 2,
        "Net Income": 1
    },
    "2014-01-31": {
        "Diluted EPS": 0.22,
        "Total Revenue": 26,
        "Gross Profit": 5,
        "Operating Income": 1,
        "EBIT": 2,
        "Net Income": 1
    },
    "2013-10-31": {
        "Diluted EPS": 0.28,
        "Total Revenue": 26,
        "Gross Profit": 5,
        "Operating Income": 1,
        "EBIT": 2,
        "Net Income": 1
    },
    "2013-07-31": {
        "Diluted EPS": 0.61,
        "Total Revenue": 32,
        "Gross Profit": 7,
        "Operating Income": 2,
        "EBIT": 3,
        "Net Income": 2
    },
    "2013-04-30": {
        "Diluted EPS": 0.46,
        "Total Revenue": 32,
        "Gross Profit": 7,
        "Operating Income": 2,
        "EBIT": 3,
        "Net Income": 1
    },
    "2013-01-31": {
        "Diluted EPS": 0.21,
        "Total Revenue": 27,
        "Gross Profit": 5,
        "Operating Income": 1,
        "EBIT": 2,
        "Net Income": 1
    },
    "2012-10-31": {
        "Diluted EPS": 0.25,
        "Total Revenue": 31,
        "Gross Profit": 5,
        "Operating Income": 1,
        "EBIT": 2,
        "Net Income": 1
    },
    "2012-07-31": {
        "Diluted EPS": 0.25,
        "Total Revenue": 27,
        "Gross Profit": 5,
        "Operating Income": 1,
        "EBIT": 2,
        "Net Income": 1
    },
    "2012-04-30": {
        "Diluted EPS": 0.49,
        "Total Revenue": 29,
        "Gross Profit": 7,
        "Operating Income": 3,
        "EBIT": 4,
        "Net Income": 1
    },
    "2012-01-31": {
        "Diluted EPS": -0.05,
        "Total Revenue": 22,
        "Gross Profit": 4,
        "Operating Income": 0,
        "EBIT": 0,
        "Net Income": 0
    },
    "2011-10-31": {
        "Diluted EPS": -0.05,
        "Total Revenue": 26,
        "Gross Profit": 4,
        "Operating Income": 0,
        "EBIT": 1,
        "Net Income": 0
    },
    "2011-07-31": {
        "Diluted EPS": 0.01,
        "Total Revenue": 26,
        "Gross Profit": 4,
        "Operating Income": 0,
        "EBIT": 1,
        "Net Income": 0
    },
    "2011-04-30": {
        "Diluted EPS": 0.11,
        "Total Revenue": 27,
        "Gross Profit": 5,
        "Operating Income": 1,
        "EBIT": 1,
        "Net Income": 0
    },
    "2011-01-31": {
        "Diluted EPS": 0.03,
        "Total Revenue": 23,
        "Gross Profit": 4,
        "Operating Income": 0,
        "EBIT": 1,
        "Net Income": 0
    },
    "2010-10-31": {
        "Diluted EPS": 0.33,
        "Total Revenue": 26,
        "Gross Profit": 5,
        "Operating Income": 1,
        "EBIT": 2,
        "Net Income": 1
    },
    "2010-07-31": {
        "Diluted EPS": 0.25,
        "Total Revenue": 25,
        "Gross Profit": 5,
        "Operating Income": 1,
        "EBIT": 2,
        "Net Income": 1
    },
    "2010-04-30": {
        "Diluted EPS": 0.2,
        "Total Revenue": 24,
        "Gross Profit": 5,
        "Operating Income": 1,
        "EBIT": 1,
        "Net Income": 1
    },
    "2010-01-31": {
        "Diluted EPS": 0.24,
        "Total Revenue": 22,
        "Gross Profit": 5,
        "Operating Income": 1,
        "EBIT": 2,
        "Net Income": 1
    },
    "2009-10-31": {
        "Diluted EPS": 0.53,
        "Total Revenue": 27,
        "Gross Profit": 6,
        "Operating Income": 2,
        "EBIT": 3,
        "Net Income": 1
    },
    "2009-07-31": {
        "Diluted EPS": 0.42,
        "Total Revenue": 26,
        "Gross Profit": 6,
        "Operating Income": 2,
        "EBIT": 2,
        "Net Income": 1
    },
    "2009-04-30": {
        "Diluted EPS": 0.36,
        "Total Revenue": 25,
        "Gross Profit": 5,
        "Operating Income": 2,
        "EBIT": 2,
        "Net Income": 1
    },
    "2009-01-31": {
        "Diluted EPS": 0.35,
        "Total Revenue": 26,
        "Gross Profit": 5,
        "Operating Income": 1,
        "EBIT": 2,
        "Net Income": 1
    },
    "2023-07-31": {
        "Tax Effect Of Unusual Items": NaN,
        "Tax Rate For Calcs": NaN,
        "Normalized EBITDA": NaN,
        "Net Income From Continuing Operation Net Minority Interest": NaN,
        "Reconciled Depreciation": NaN,
        "Reconciled Cost Of Revenue": NaN,
        "EBITDA": NaN,
        "EBIT": NaN,
        "Net Interest Income": NaN,
        "Interest Expense": NaN,
        "Normalized Income": NaN,
        "Net Income From Continuing And Discontinued Operation": NaN,
        "Total Expenses": NaN,
        "Total Operating Income As Reported": NaN,
        "Diluted Average Shares": NaN,
        "Basic Average Shares": NaN,
        "Diluted EPS": NaN,
        "Basic EPS": NaN,
        "Diluted NI Availto Com Stockholders": NaN,
        "Net Income Common Stockholders": NaN,
        "Net Income": NaN,
        "Minority Interests": NaN,
        "Net Income Including Noncontrolling Interests": NaN,
        "Net Income Continuous Operations": NaN,
        "Tax Provision": NaN,
        "Pretax Income": NaN,
        "Other Income Expense": NaN,
        "Other Non Operating Income Expenses": NaN,
        "Net Non Operating Interest Income Expense": NaN,
        "Interest Expense Non Operating": NaN,
        "Operating Income": NaN,
        "Operating Expense": NaN,
        "Other Operating Expenses": NaN,
        "Selling General And Administration": 41000.0,
        "General And Administrative Expense": 41000.0,
        "Salaries And Wages": 41000.0,
        "Gross Profit": NaN,
        "Cost Of Revenue": NaN,
        "Total Revenue": NaN,
        "Operating Revenue": NaN
    },
    "2023-10-31": {
        "Tax Effect Of Unusual Items": NaN,
        "Tax Rate For Calcs": NaN,
        "Normalized EBITDA": NaN,
        "Net Income From Continuing Operation Net Minority Interest": NaN,
        "Reconciled Depreciation": NaN,
        "Reconciled Cost Of Revenue": NaN,
        "EBITDA": NaN,
        "EBIT": NaN,
        "Net Interest Income": NaN,
        "Interest Expense": NaN,
        "Normalized Income": NaN,
        "Net Income From Continuing And Discontinued Operation": NaN,
        "Total Expenses": NaN,
        "Total Operating Income As Reported": NaN,
        "Diluted Average Shares": NaN,
        "Basic Average Shares": NaN,
        "Diluted EPS": NaN,
        "Basic EPS": NaN,
        "Diluted NI Availto Com Stockholders": NaN,
        "Net Income Common Stockholders": NaN,
        "Net Income": NaN,
        "Minority Interests": NaN,
        "Net Income Including Noncontrolling Interests": NaN,
        "Net Income Continuous Operations": NaN,
        "Tax Provision": NaN,
        "Pretax Income": NaN,
        "Other Income Expense": NaN,
        "Other Non Operating Income Expenses": NaN,
        "Net Non Operating Interest Income Expense": NaN,
        "Interest Expense Non Operating": NaN,
        "Operating Income": NaN,
        "Operating Expense": NaN,
        "Other Operating Expenses": NaN,
        "Selling General And Administration": 40000.0,
        "General And Administrative Expense": 40000.0,
        "Salaries And Wages": 40000.0,
        "Gross Profit": NaN,
        "Cost Of Revenue": NaN,
        "Total Revenue": NaN,
        "Operating Revenue": NaN
    },
    "2024-01-31": {
        "Tax Effect Of Unusual Items": NaN,
        "Tax Rate For Calcs": NaN,
        "Normalized EBITDA": NaN,
        "Net Income From Continuing Operation Net Minority Interest": NaN,
        "Reconciled Depreciation": NaN,
        "Reconciled Cost Of Revenue": NaN,
        "EBITDA": NaN,
        "EBIT": NaN,
        "Net Interest Income": NaN,
        "Interest Expense": NaN,
        "Normalized Income": NaN,
        "Net Income From Continuing And Discontinued Operation": NaN,
        "Total Expenses": NaN,
        "Total Operating Income As Reported": NaN,
        "Diluted Average Shares": NaN,
        "Basic Average Shares": NaN,
        "Diluted EPS": NaN,
        "Basic EPS": NaN,
        "Diluted NI Availto Com Stockholders": NaN,
        "Net Income Common Stockholders": NaN,
        "Net Income": NaN,
        "Minority Interests": NaN,
        "Net Income Including Noncontrolling Interests": NaN,
        "Net Income Continuous Operations": NaN,
        "Tax Provision": NaN,
        "Pretax Income": NaN,
        "Other Income Expense": NaN,
        "Other Non Operating Income Expenses": NaN,
        "Net Non Operating Interest Income Expense": NaN,
        "Interest Expense Non Operating": NaN,
        "Operating Income": NaN,
        "Operating Expense": NaN,
        "Other Operating Expenses": NaN,
        "Selling General And Administration": 41000.0,
        "General And Administrative Expense": 41000.0,
        "Salaries And Wages": 41000.0,
        "Gross Profit": NaN,
        "Cost Of Revenue": NaN,
        "Total Revenue": NaN,
        "Operating Revenue": NaN
    },
    "2024-04-30": {
        "Tax Effect Of Unusual Items": NaN,
        "Tax Rate For Calcs": NaN,
        "Normalized EBITDA": NaN,
        "Net Income From Continuing Operation Net Minority Interest": NaN,
        "Reconciled Depreciation": NaN,
        "Reconciled Cost Of Revenue": NaN,
        "EBITDA": NaN,
        "EBIT": NaN,
        "Net Interest Income": NaN,
        "Interest Expense": NaN,
        "Normalized Income": NaN,
        "Net Income From Continuing And Discontinued Operation": NaN,
        "Total Expenses": NaN,
        "Total Operating Income As Reported": NaN,
        "Diluted Average Shares": NaN,
        "Basic Average Shares": NaN,
        "Diluted EPS": NaN,
        "Basic EPS": NaN,
        "Diluted NI Availto Com Stockholders": NaN,
        "Net Income Common Stockholders": NaN,
        "Net Income": NaN,
        "Minority Interests": NaN,
        "Net Income Including Noncontrolling Interests": NaN,
        "Net Income Continuous Operations": NaN,
        "Tax Provision": NaN,
        "Pretax Income": NaN,
        "Other Income Expense": NaN,
        "Other Non Operating Income Expenses": NaN,
        "Net Non Operating Interest Income Expense": NaN,
        "Interest Expense Non Operating": NaN,
        "Operating Income": NaN,
        "Operating Expense": NaN,
        "Other Operating Expenses": NaN,
        "Selling General And Administration": 4055000.0,
        "General And Administrative Expense": 4055000.0,
        "Salaries And Wages": 4055000.0,
        "Gross Profit": NaN,
        "Cost Of Revenue": NaN,
        "Total Revenue": NaN,
        "Operating Revenue": NaN
    },
    "2024-07-31": {
        "Tax Effect Of Unusual Items": 0.0,
        "Tax Rate For Calcs": 0.079012,
        "Normalized EBITDA": 3717000.0,
        "Net Income From Continuing Operation Net Minority Interest": 2193000.0,
        "Reconciled Depreciation": 815000.0,
        "Reconciled Cost Of Revenue": 35905000.0,
        "EBITDA": 3717000.0,
        "EBIT": 2902000.0,
        "Net Interest Income": -472000.0,
        "Interest Expense": 472000.0,
        "Normalized Income": 2193000.0,
        "Net Income From Continuing And Discontinued Operation": 2193000.0,
        "Total Expenses": 45818000.0,
        "Total Operating Income As Reported": 2575000.0,
        "Diluted Average Shares": NaN,
        "Basic Average Shares": NaN,
        "Diluted EPS": NaN,
        "Basic EPS": NaN,
        "Diluted NI Availto Com Stockholders": 2193000.0,
        "Net Income Common Stockholders": 2193000.0,
        "Net Income": 2193000.0,
        "Minority Interests": -45000.0,
        "Net Income Including Noncontrolling Interests": 2238000.0,
        "Net Income Continuous Operations": 2238000.0,
        "Tax Provision": 192000.0,
        "Pretax Income": 2430000.0,
        "Other Income Expense": 327000.0,
        "Other Non Operating Income Expenses": 327000.0,
        "Net Non Operating Interest Income Expense": -472000.0,
        "Interest Expense Non Operating": 472000.0,
        "Operating Income": 2575000.0,
        "Operating Expense": 9913000.0,
        "Other Operating Expenses": 9913000.0,
        "Selling General And Administration": NaN,
        "General And Administrative Expense": NaN,
        "Salaries And Wages": NaN,
        "Gross Profit": 12488000.0,
        "Cost Of Revenue": 35905000.0,
        "Total Revenue": 48393000.0,
        "Operating Revenue": 48393000.0
    },
    "2024-10-31": {
        "Tax Effect Of Unusual Items": 0.0,
        "Tax Rate For Calcs": 0.233,
        "Normalized EBITDA": 5179000.0,
        "Net Income From Continuing Operation Net Minority Interest": 3008000.0,
        "Reconciled Depreciation": 806000.0,
        "Reconciled Cost Of Revenue": 33812000.0,
        "EBITDA": 5179000.0,
        "EBIT": 4373000.0,
        "Net Interest Income": -442000.0,
        "Interest Expense": 442000.0,
        "Normalized Income": 3008000.0,
        "Net Income From Continuing And Discontinued Operation": 3008000.0,
        "Total Expenses": 43330000.0,
        "Total Operating Income As Reported": 4434000.0,
        "Diluted Average Shares": 2974000.0,
        "Basic Average Shares": 2872000.0,
        "Diluted EPS": 1.01,
        "Basic EPS": 1.05,
        "Diluted NI Availto Com Stockholders": 3008000.0,
        "Net Income Common Stockholders": 3008000.0,
        "Net Income": 3008000.0,
        "Minority Interests": -7000.0,
        "Net Income Including Noncontrolling Interests": 3015000.0,
        "Net Income Continuous Operations": 3015000.0,
        "Tax Provision": 916000.0,
        "Pretax Income": 3931000.0,
        "Other Income Expense": -61000.0,
        "Other Non Operating Income Expenses": -61000.0,
        "Net Non Operating Interest Income Expense": -442000.0,
        "Interest Expense Non Operating": 442000.0,
        "Operating Income": 4434000.0,
        "Operating Expense": 9518000.0,
        "Other Operating Expenses": 9518000.0,
        "Selling General And Administration": 0.0,
        "Salaries And Wages": 0.0,
        "Gross Profit": 13952000.0,
        "Cost Of Revenue": 33812000.0,
        "Total Revenue": 47764000.0,
        "Operating Revenue": 47764000.0
    },
    "2025-01-31": {
        "Tax Effect Of Unusual Items": 0.0,
        "Tax Rate For Calcs": 0.21,
        "Normalized EBITDA": 3975000.0,
        "Net Income From Continuing Operation Net Minority Interest": 1354000.0,
        "Reconciled Depreciation": 1563000.0,
        "Reconciled Cost Of Revenue": 48788000.0,
        "EBITDA": 3975000.0,
        "EBIT": 2412000.0,
        "Net Interest Income": -1137000.0,
        "Interest Expense": 1137000.0,
        "Normalized Income": 1354000.0,
        "Net Income From Continuing And Discontinued Operation": 1354000.0,
        "Total Expenses": 64917000.0,
        "Total Operating Income As Reported": 2250000.0,
        "Diluted Average Shares": 2995000.0,
        "Basic Average Shares": 2872000.0,
        "Diluted EPS": 1.09,
        "Basic EPS": 1.13,
        "Diluted NI Availto Com Stockholders": 1354000.0,
        "Net Income Common Stockholders": 1354000.0,
        "Net Income": 1354000.0,
        "Minority Interests": -29000.0,
        "Net Income Including Noncontrolling Interests": 1383000.0,
        "Net Income Continuous Operations": 1383000.0,
        "Tax Provision": -108000.0,
        "Pretax Income": 1275000.0,
        "Other Income Expense": 162000.0,
        "Other Non Operating Income Expenses": 162000.0,
        "Net Non Operating Interest Income Expense": -1137000.0,
        "Interest Expense Non Operating": 1137000.0,
        "Operating Income": 2250000.0,
        "Operating Expense": 16129000.0,
        "Other Operating Expenses": 16129000.0,
        "Selling General And Administration": NaN,
        "Salaries And Wages": NaN,
        "Gross Profit": 18379000.0,
        "Cost Of Revenue": 48788000.0,
        "Total Revenue": 67167000.0,
        "Operating Revenue": 67167000.0
    },
    "2025-04-30": {
        "Tax Effect Of Unusual Items": 0.0,
        "Tax Rate For Calcs": 0.308015,
        "Normalized EBITDA": 9887000.0,
        "Net Income From Continuing Operation Net Minority Interest": 4850000.0,
        "Reconciled Depreciation": 1575000.0,
        "Reconciled Cost Of Revenue": 53110000.0,
        "EBITDA": 9887000.0,
        "EBIT": 8312000.0,
        "Net Interest Income": -1163000.0,
        "Interest Expense": 1163000.0,
        "Normalized Income": 4850000.0,
        "Net Income From Continuing And Discontinued Operation": 4850000.0,
        "Total Expenses": 68648000.0,
        "Total Operating Income As Reported": 8500000.0,
        "Diluted Average Shares": 2981000.0,
        "Basic Average Shares": 2854000.0,
        "Diluted EPS": 1.63,
        "Basic EPS": 1.7,
        "Diluted NI Availto Com Stockholders": 4850000.0,
        "Net Income Common Stockholders": 4850000.0,
        "Net Income": 4850000.0,
        "Minority Interests": -97000.0,
        "Net Income Including Noncontrolling Interests": 4947000.0,
        "Net Income Continuous Operations": 4947000.0,
        "Tax Provision": 2202000.0,
        "Pretax Income": 7149000.0,
        "Other Income Expense": -188000.0,
        "Other Non Operating Income Expenses": -188000.0,
        "Net Non Operating Interest Income Expense": -1163000.0,
        "Interest Expense Non Operating": 1163000.0,
        "Operating Income": 8500000.0,
        "Operating Expense": 15538000.0,
        "Other Operating Expenses": 15538000.0,
        "Selling General And Administration": NaN,
        "Salaries And Wages": NaN,
        "Gross Profit": 24038000.0,
        "Cost Of Revenue": 53110000.0,
        "Total Revenue": 77148000.0,
        "Operating Revenue": 77148000.0
    },
    "2025-07-31": {
        "Tax Effect Of Unusual Items": 0.0,
        "Tax Rate For Calcs": 0.194133,
        "Normalized EBITDA": 6527000.0,
        "Net Income From Continuing Operation Net Minority Interest": 3093000.0,
        "Reconciled Depreciation": 1549000.0,
        "Reconciled Cost Of Revenue": 50174000.0,
        "EBITDA": 6527000.0,
        "EBIT": 4978000.0,
        "Net Interest Income": -1058000.0,
        "Interest Expense": 1058000.0,
        "Normalized Income": 3093000.0,
        "Net Income From Continuing And Discontinued Operation": 3093000.0,
        "Total Expenses": 66294000.0,
        "Total Operating Income As Reported": 4810000.0,
        "Diluted Average Shares": 2963000.0,
        "Basic Average Shares": 2851000.0,
        "Diluted EPS": 1.04,
        "Basic EPS": 1.08,
        "Diluted NI Availto Com Stockholders": 3093000.0,
        "Net Income Common Stockholders": 3093000.0,
        "Net Income": 3093000.0,
        "Minority Interests": -66000.0,
        "Net Income Including Noncontrolling Interests": 3159000.0,
        "Net Income Continuous Operations": 3159000.0,
        "Tax Provision": 761000.0,
        "Pretax Income": 3920000.0,
        "Other Income Expense": 168000.0,
        "Other Non Operating Income Expenses": 168000.0,
        "Net Non Operating Interest Income Expense": -1058000.0,
        "Interest Expense Non Operating": 1058000.0,
        "Operating Income": 4810000.0,
        "Operating Expense": 16120000.0,
        "Other Operating Expenses": 16120000.0,
        "Selling General And Administration": NaN,
        "Salaries And Wages": NaN,
        "Gross Profit": 20930000.0,
        "Cost Of Revenue": 50174000.0,
        "Total Revenue": 71104000.0,
        "Operating Revenue": 71104000.0
    },
    "2025-10-31": {
        "Tax Effect Of Unusual Items": 0.0,
        "Tax Rate For Calcs": 0.265,
        "Normalized EBITDA": 6094000.0,
        "Net Income From Continuing Operation Net Minority Interest": 2445000.0,
        "Reconciled Depreciation": 1580000.0,
        "Reconciled Cost Of Revenue": 50376000.0,
        "EBITDA": 6094000.0,
        "EBIT": 4514000.0,
        "Net Interest Income": -1061000.0,
        "Interest Expense": 1061000.0,
        "Normalized Income": 2445000.0,
        "Net Income From Continuing And Discontinued Operation": 2445000.0,
        "Total Expenses": 65989000.0,
        "Total Operating Income As Reported": 4107000.0,
        "Diluted Average Shares": 2990000.0,
        "Basic Average Shares": 2866000.0,
        "Diluted EPS": 0.82,
        "Basic EPS": 0.85,
        "Diluted NI Availto Com Stockholders": 2445000.0,
        "Net Income Common Stockholders": 2445000.0,
        "Net Income": 2445000.0,
        "Minority Interests": -93000.0,
        "Net Income Including Noncontrolling Interests": 2538000.0,
        "Net Income Continuous Operations": 2538000.0,
        "Tax Provision": 915000.0,
        "Pretax Income": 3453000.0,
        "Other Income Expense": 407000.0,
        "Other Non Operating Income Expenses": 407000.0,
        "Net Non Operating Interest Income Expense": -1061000.0,
        "Interest Expense Non Operating": 1061000.0,
        "Operating Income": 4107000.0,
        "Operating Expense": 15613000.0,
        "Other Operating Expenses": 15613000.0,
        "Selling General And Administration": NaN,
        "Salaries And Wages": NaN,
        "Gross Profit": 19720000.0,
        "Cost Of Revenue": 50376000.0,
        "Total Revenue": 70096000.0,
        "Operating Revenue": 70096000.0
    }
}