{
    "2023-06-30": {
        "Tax Effect Of Unusual Items": NaN,
        "Tax Rate For Calcs": NaN,
        "Normalized EBITDA": NaN,
        "Net Income From Continuing Operation Net Minority Interest": NaN,
        "Reconciled Depreciation": NaN,
        "Reconciled Cost Of Revenue": NaN,
        "EBITDA": NaN,
        "EBIT": NaN,
        "Normalized Income": NaN,
        "Net Income From Continuing And Discontinued Operation": NaN,
        "Total Expenses": NaN,
        "Total Operating Income As Reported": NaN,
        "Diluted Average Shares": NaN,
        "Basic Average Shares": NaN,
        "Diluted EPS": NaN,
        "Basic EPS": NaN,
        "Diluted NI Availto Com Stockholders": NaN,
        "Net Income Common Stockholders": NaN,
        "Net Income": NaN,
        "Net Income Including Noncontrolling Interests": NaN,
        "Net Income Continuous Operations": NaN,
        "Tax Provision": NaN,
        "Pretax Income": NaN,
        "Other Income Expense": NaN,
        "Other Non Operating Income Expenses": NaN,
        "Operating Income": NaN,
        "Operating Expense": NaN,
        "Depreciation Amortization Depletion Income Statement": NaN,
        "Depreciation And Amortization In Income Statement": NaN,
        "Amortization": NaN,
        "Amortization Of Intangibles Income Statement": NaN,
        "Depreciation Income Statement": NaN,
        "Selling General And Administration": NaN,
        "Selling And Marketing Expense": 11989000.0,
        "General And Administrative Expense": NaN,
        "Other Gand A": NaN,
        "Salaries And Wages": NaN,
        "Gross Profit": NaN,
        "Cost Of Revenue": NaN,
        "Total Revenue": NaN,
        "Operating Revenue": NaN
    },
    "2023-03-31": {
        "Tax Effect Of Unusual Items": NaN,
        "Tax Rate For Calcs": NaN,
        "Normalized EBITDA": NaN,
        "Net Income From Continuing Operation Net Minority Interest": NaN,
        "Reconciled Depreciation": NaN,
        "Reconciled Cost Of Revenue": NaN,
        "EBITDA": NaN,
        "EBIT": NaN,
        "Normalized Income": NaN,
        "Net Income From Continuing And Discontinued Operation": NaN,
        "Total Expenses": NaN,
        "Total Operating Income As Reported": NaN,
        "Diluted Average Shares": NaN,
        "Basic Average Shares": NaN,
        "Diluted EPS": NaN,
        "Basic EPS": NaN,
        "Diluted NI Availto Com Stockholders": NaN,
        "Net Income Common Stockholders": NaN,
        "Net Income": NaN,
        "Net Income Including Noncontrolling Interests": NaN,
        "Net Income Continuous Operations": NaN,
        "Tax Provision": NaN,
        "Pretax Income": NaN,
        "Other Income Expense": NaN,
        "Other Non Operating Income Expenses": NaN,
        "Operating Income": NaN,
        "Operating Expense": NaN,
        "Depreciation Amortization Depletion Income Statement": NaN,
        "Depreciation And Amortization In Income Statement": NaN,
        "Amortization": NaN,
        "Amortization Of Intangibles Income Statement": NaN,
        "Depreciation Income Statement": NaN,
        "Selling General And Administration": NaN,
        "Selling And Marketing Expense": 13724000.0,
        "General And Administrative Expense": NaN,
        "Other Gand A": NaN,
        "Salaries And Wages": NaN,
        "Gross Profit": NaN,
        "Cost Of Revenue": NaN,
        "Total Revenue": NaN,
        "Operating Revenue": NaN
    },
    "2022-12-31": {
        "Tax Effect Of Unusual Items": NaN,
        "Tax Rate For Calcs": NaN,
        "Normalized EBITDA": NaN,
        "Net Income From Continuing Operation Net Minority Interest": NaN,
        "Reconciled Depreciation": NaN,
        "Reconciled Cost Of Revenue": NaN,
        "EBITDA": NaN,
        "EBIT": NaN,
        "Normalized Income": NaN,
        "Net Income From Continuing And Discontinued Operation": NaN,
        "Total Expenses": NaN,
        "Total Operating Income As Reported": NaN,
        "Diluted Average Shares": NaN,
        "Basic Average Shares": NaN,
        "Diluted EPS": NaN,
        "Basic EPS": NaN,
        "Diluted NI Availto Com Stockholders": NaN,
        "Net Income Common Stockholders": NaN,
        "Net Income": NaN,
        "Net Income Including Noncontrolling Interests": NaN,
        "Net Income Continuous Operations": NaN,
        "Tax Provision": NaN,
        "Pretax Income": NaN,
        "Other Income Expense": NaN,
        "Other Non Operating Income Expenses": NaN,
        "Operating Income": NaN,
        "Operating Expense": NaN,
        "Depreciation Amortization Depletion Income Statement": NaN,
        "Depreciation And Amortization In Income Statement": NaN,
        "Amortization": NaN,
        "Amortization Of Intangibles Income Statement": NaN,
        "Depreciation Income Statement": NaN,
        "Selling General And Administration": NaN,
        "Selling And Marketing Expense": 17829000.0,
        "General And Administrative Expense": NaN,
        "Other Gand A": NaN,
        "Salaries And Wages": NaN,
        "Gross Profit": NaN,
        "Cost Of Revenue": NaN,
        "Total Revenue": NaN,
        "Operating Revenue": NaN
    },
    "2022-09-30": {
        "Tax Effect Of Unusual Items": 0.0,
        "Tax Rate For Calcs": 0.26801,
        "Normalized EBITDA": 32364000.0,
        "Net Income From Continuing Operation Net Minority Interest": 22262000.0,
        "Reconciled Depreciation": 1045000.0,
        "Reconciled Cost Of Revenue": 310950000.0,
        "EBITDA": 32364000.0,
        "EBIT": 31319000.0,
        "Normalized Income": 22262000.0,
        "Net Income From Continuing And Discontinued Operation": 22262000.0,
        "Total Expenses": 406301000.0,
        "Total Operating Income As Reported": 31319000.0,
        "Diluted Average Shares": 20834000.0,
        "Basic Average Shares": 20834000.0,
        "Diluted EPS": 1.068542,
        "Basic EPS": 1.068542,
        "Diluted NI Availto Com Stockholders": 22262000.0,
        "Net Income Common Stockholders": 22262000.0,
        "Net Income": 22262000.0,
        "Net Income Including Noncontrolling Interests": 22262000.0,
        "Net Income Continuous Operations": 22262000.0,
        "Tax Provision": 8151000.0,
        "Pretax Income": 30413000.0,
        "Other Income Expense": -906000.0,
        "Other Non Operating Income Expenses": -906000.0,
        "Operating Income": 31319000.0,
        "Operating Expense": 95351000.0,
        "Depreciation Amortization Depletion Income Statement": 1045000.0,
        "Depreciation And Amortization In Income Statement": 1045000.0,
        "Amortization": 448000.0,
        "Amortization Of Intangibles Income Statement": 448000.0,
        "Depreciation Income Statement": 597000.0,
        "Selling General And Administration": 94306000.0,
        "Selling And Marketing Expense": 13881000.0,
        "General And Administrative Expense": 80425000.0,
        "Salaries And Wages": 80425000.0,
        "Gross Profit": 126670000.0,
        "Cost Of Revenue": 310950000.0,
        "Total Revenue": 437620000.0,
        "Operating Revenue": 437620000.0
    },
    "2022-06-30": {
        "Tax Effect Of Unusual Items": 0.0,
        "Tax Rate For Calcs": 0.262999,
        "Normalized EBITDA": 34925000.0,
        "Net Income From Continuing Operation Net Minority Interest": 26916000.0,
        "Reconciled Depreciation": 1076000.0,
        "Reconciled Cost Of Revenue": 305444000.0,
        "EBITDA": 34925000.0,
        "EBIT": 33849000.0,
        "Normalized Income": 26916000.0,
        "Net Income From Continuing And Discontinued Operation": 26916000.0,
        "Total Expenses": 402667000.0,
        "Total Operating Income As Reported": 33849000.0,
        "Diluted Average Shares": 21213000.0,
        "Basic Average Shares": 21213000.0,
        "Diluted EPS": 1.268845,
        "Basic EPS": 1.268845,
        "Diluted NI Availto Com Stockholders": 26916000.0,
        "Net Income Common Stockholders": 26916000.0,
        "Net Income": 26916000.0,
        "Net Income Including Noncontrolling Interests": 26916000.0,
        "Net Income Continuous Operations": 26916000.0,
        "Tax Provision": 9605000.0,
        "Pretax Income": 36521000.0,
        "Other Income Expense": 2672000.0,
        "Other Non Operating Income Expenses": 2672000.0,
        "Operating Income": 33849000.0,
        "Operating Expense": 97223000.0,
        "Depreciation Amortization Depletion Income Statement": 1076000.0,
        "Depreciation And Amortization In Income Statement": 1076000.0,
        "Amortization": 448000.0,
        "Amortization Of Intangibles Income Statement": 448000.0,
        "Depreciation Income Statement": 628000.0,
        "Selling General And Administration": 96147000.0,
        "Selling And Marketing Expense": 13779000.0,
        "General And Administrative Expense": 82368000.0,
        "Salaries And Wages": 82368000.0,
        "Gross Profit": 131072000.0,
        "Cost Of Revenue": 305444000.0,
        "Total Revenue": 436516000.0,
        "Operating Revenue": 436516000.0
    },
    "2022-03-31": {
        "Diluted EPS": 0.93,
        "Total Revenue": 417,
        "Gross Profit": 124,
        "Operating Income": 28,
        "EBIT": 29,
        "Net Income": 19
    },
    "2021-12-31": {
        "Diluted EPS": 0.96,
        "Total Revenue": 410,
        "Gross Profit": 120,
        "Operating Income": 25,
        "EBIT": 26,
        "Net Income": 21
    },
    "2021-09-30": {
        "Diluted EPS": 0.96,
        "Total Revenue": 403,
        "Gross Profit": 119,
        "Operating Income": 29,
        "EBIT": 30,
        "Net Income": 20
    },
    "2021-06-30": {
        "Diluted EPS": 1.0,
        "Total Revenue": 404,
        "Gross Profit": 119,
        "Operating Income": 33,
        "EBIT": 34,
        "Net Income": 21
    },
    "2021-03-31": {
        "Diluted EPS": 0.62,
        "Total Revenue": 363,
        "Gross Profit": 99,
        "Operating Income": 19,
        "EBIT": 21,
        "Net Income": 13
    },
    "2020-12-31": {
        "Diluted EPS": 0.84,
        "Total Revenue": 354,
        "Gross Profit": 100,
        "Operating Income": 24,
        "EBIT": 25,
        "Net Income": 18
    },
    "2020-09-30": {
        "Diluted EPS": 0.89,
        "Total Revenue": 365,
        "Gross Profit": 104,
        "Operating Income": 27,
        "EBIT": 28,
        "Net Income": 19
    },
    "2020-06-30": {
        "Diluted EPS": 0.47,
        "Total Revenue": 343,
        "Gross Profit": 97,
        "Operating Income": 15,
        "EBIT": 17,
        "Net Income": 10
    },
    "2020-03-31": {
        "Diluted EPS": 0.42,
        "Total Revenue": 335,
        "Gross Profit": 95,
        "Operating Income": 14,
        "EBIT": 15,
        "Net Income": 9
    },
    "2019-12-31": {
        "Diluted EPS": 0.73,
        "Total Revenue": 336,
        "Gross Profit": 98,
        "Operating Income": 19,
        "EBIT": 21,
        "Net Income": 14
    },
    "2019-09-30": {
        "Diluted EPS": 0.64,
        "Total Revenue": 346,
        "Gross Profit": 103,
        "Operating Income": 22,
        "EBIT": 24,
        "Net Income": 15
    },
    "2019-06-30": {
        "Diluted EPS": 3.06,
        "Total Revenue": 339,
        "Gross Profit": 101,
        "Operating Income": 21,
        "EBIT": 23,
        "Net Income": 75
    },
    "2019-03-31": {
        "Diluted EPS": 1.07,
        "Total Revenue": 327,
        "Gross Profit": 93,
        "Operating Income": 12,
        "EBIT": 14,
        "Net Income": 27
    },
    "2018-12-31": {
        "Diluted EPS": 0.64,
        "Total Revenue": 330,
        "Gross Profit": 98,
        "Operating Income": 19,
        "EBIT": 21,
        "Net Income": 16
    },
    "2018-09-30": {
        "Diluted EPS": 0.64,
        "Total Revenue": 327,
        "Gross Profit": 96,
        "Operating Income": 20,
        "EBIT": 22,
        "Net Income": 16
    },
    "2018-06-30": {
        "Diluted EPS": 0.65,
        "Total Revenue": 330,
        "Gross Profit": 100,
        "Operating Income": 22,
        "EBIT": 24,
        "Net Income": 16
    },
    "2018-03-31": {
        "Diluted EPS": 0.37,
        "Total Revenue": 317,
        "Gross Profit": 93,
        "Operating Income": 12,
        "EBIT": 14,
        "Net Income": 9
    },
    "2017-12-31": {
        "Diluted EPS": 0.23,
        "Total Revenue": 238,
        "Gross Profit": 70,
        "Operating Income": 10,
        "EBIT": 12,
        "Net Income": 6
    },
    "2017-09-30": {
        "Diluted EPS": 0.4,
        "Total Revenue": 341,
        "Gross Profit": 104,
        "Operating Income": 20,
        "EBIT": 23,
        "Net Income": 10
    },
    "2017-06-30": {
        "Diluted EPS": 0.44,
        "Total Revenue": 340,
        "Gross Profit": 104,
        "Operating Income": 19,
        "EBIT": 21,
        "Net Income": 11
    },
    "2017-03-31": {
        "Diluted EPS": 0.23,
        "Total Revenue": 334,
        "Gross Profit": 97,
        "Operating Income": 10,
        "EBIT": 13,
        "Net Income": 6
    },
    "2016-12-31": {
        "Diluted EPS": 0.36,
        "Total Revenue": 326,
        "Gross Profit": 100,
        "Operating Income": 16,
        "EBIT": 18,
        "Net Income": 9
    },
    "2016-09-30": {
        "Diluted EPS": 0.34,
        "Total Revenue": 336,
        "Gross Profit": 105,
        "Operating Income": 16,
        "EBIT": 18,
        "Net Income": 9
    },
    "2016-06-30": {
        "Diluted EPS": 0.41,
        "Total Revenue": 335,
        "Gross Profit": 106,
        "Operating Income": 19,
        "EBIT": 21,
        "Net Income": 11
    },
    "2016-03-31": {
        "Diluted EPS": 0.14,
        "Total Revenue": 322,
        "Gross Profit": 97,
        "Operating Income": 9,
        "EBIT": 12,
        "Net Income": 4
    },
    "2015-12-31": {
        "Diluted EPS": 0.43,
        "Total Revenue": 328,
        "Gross Profit": 104,
        "Operating Income": 21,
        "EBIT": 23,
        "Net Income": 12
    },
    "2015-09-30": {
        "Diluted EPS": 0.48,
        "Total Revenue": 342,
        "Gross Profit": 110,
        "Operating Income": 23,
        "EBIT": 26,
        "Net Income": 14
    },
    "2015-06-30": {
        "Diluted EPS": 0.41,
        "Total Revenue": 337,
        "Gross Profit": 106,
        "Operating Income": 20,
        "EBIT": 23,
        "Net Income": 12
    },
    "2015-03-31": {
        "Diluted EPS": 0.2,
        "Total Revenue": 313,
        "Gross Profit": 95,
        "Operating Income": 10,
        "EBIT": 12,
        "Net Income": 6
    },
    "2014-12-31": {
        "Diluted EPS": 0.29,
        "Total Revenue": 319,
        "Gross Profit": 98,
        "Operating Income": 15,
        "EBIT": 17,
        "Net Income": 9
    },
    "2014-09-30": {
        "Diluted EPS": 2.06,
        "Total Revenue": 314,
        "Gross Profit": 98,
        "Operating Income": 14,
        "EBIT": 17,
        "Net Income": 65
    },
    "2014-06-30": {
        "Diluted EPS": 0.33,
        "Total Revenue": 303,
        "Gross Profit": 94,
        "Operating Income": 14,
        "EBIT": 16,
        "Net Income": 11
    },
    "2014-03-31": {
        "Diluted EPS": 0.19,
        "Total Revenue": 282,
        "Gross Profit": 84,
        "Operating Income": 7,
        "EBIT": 10,
        "Net Income": 6
    },
    "2013-12-31": {
        "Diluted EPS": -0.25,
        "Total Revenue": 244,
        "Gross Profit": 77,
        "Operating Income": -18,
        "EBIT": -1,
        "Net Income": -8
    },
    "2013-09-30": {
        "Diluted EPS": 0.27,
        "Total Revenue": 280,
        "Gross Profit": 91,
        "Operating Income": 13,
        "EBIT": 16,
        "Net Income": 9
    },
    "2013-06-30": {
        "Diluted EPS": 0.21,
        "Total Revenue": 284,
        "Gross Profit": 93,
        "Operating Income": 12,
        "EBIT": 14,
        "Net Income": 7
    },
    "2013-03-31": {
        "Diluted EPS": 0.09,
        "Total Revenue": 266,
        "Gross Profit": 83,
        "Operating Income": 5,
        "EBIT": 8,
        "Net Income": 3
    },
    "2012-12-31": {
        "Diluted EPS": 0.14,
        "Total Revenue": 193,
        "Gross Profit": 61,
        "Operating Income": -1,
        "EBIT": 5,
        "Net Income": 6
    },
    "2012-09-30": {
        "Diluted EPS": 0.26,
        "Total Revenue": 270,
        "Gross Profit": 89,
        "Operating Income": 16,
        "EBIT": 18,
        "Net Income": 9
    },
    "2012-06-30": {
        "Diluted EPS": -0.9,
        "Total Revenue": 274,
        "Gross Profit": 90,
        "Operating Income": -50,
        "EBIT": 18,
        "Net Income": -33
    },
    "2012-03-31": {
        "Diluted EPS": 0.12,
        "Total Revenue": 268,
        "Gross Profit": 81,
        "Operating Income": -30,
        "EBIT": -27,
        "Net Income": 4
    },
    "2011-12-31": {
        "Diluted EPS": 0.19,
        "Total Revenue": 259,
        "Gross Profit": 82,
        "Operating Income": 8,
        "EBIT": 12,
        "Net Income": 7
    },
    "2011-09-30": {
        "Diluted EPS": 0.22,
        "Total Revenue": 261,
        "Gross Profit": 85,
        "Operating Income": 10,
        "EBIT": 13,
        "Net Income": 8
    },
    "2011-06-30": {
        "Diluted EPS": 0.17,
        "Total Revenue": 248,
        "Gross Profit": 80,
        "Operating Income": 8,
        "EBIT": 11,
        "Net Income": 7
    },
    "2011-03-31": {
        "Diluted EPS": 0.12,
        "Total Revenue": 236,
        "Gross Profit": 71,
        "Operating Income": 5,
        "EBIT": 8,
        "Net Income": 5
    },
    "2010-12-31": {
        "Diluted EPS": 0.15,
        "Total Revenue": 154,
        "Gross Profit": 54,
        "Operating Income": -4,
        "EBIT": -1,
        "Net Income": 6
    },
    "2010-09-30": {
        "Diluted EPS": 0.16,
        "Total Revenue": 260,
        "Gross Profit": 83,
        "Operating Income": 11,
        "EBIT": 14,
        "Net Income": 6
    },
    "2010-06-30": {
        "Diluted EPS": 0.13,
        "Total Revenue": 246,
        "Gross Profit": 78,
        "Operating Income": 9,
        "EBIT": 12,
        "Net Income": 5
    },
    "2010-03-31": {
        "Diluted EPS": 0.07,
        "Total Revenue": 227,
        "Gross Profit": 68,
        "Operating Income": 4,
        "EBIT": 7,
        "Net Income": 3
    },
    "2009-12-31": {
        "Diluted EPS": 0.09,
        "Total Revenue": 225,
        "Gross Profit": 70,
        "Operating Income": 6,
        "EBIT": 10,
        "Net Income": 4
    },
    "2009-09-30": {
        "Diluted EPS": 0.06,
        "Total Revenue": 228,
        "Gross Profit": 72,
        "Operating Income": 4,
        "EBIT": 7,
        "Net Income": 2
    },
    "2009-06-30": {
        "Diluted EPS": 0.1,
        "Total Revenue": 226,
        "Gross Profit": 72,
        "Operating Income": 7,
        "EBIT": 10,
        "Net Income": 4
    },
    "2009-03-31": {
        "Diluted EPS": 0.08,
        "Total Revenue": 231,
        "Gross Profit": 72,
        "Operating Income": 6,
        "EBIT": 9,
        "Net Income": 3
    },
    "2023-09-30": {
        "Tax Effect Of Unusual Items": NaN,
        "Tax Rate For Calcs": NaN,
        "Normalized EBITDA": NaN,
        "Net Income From Continuing Operation Net Minority Interest": NaN,
        "Reconciled Depreciation": NaN,
        "Reconciled Cost Of Revenue": NaN,
        "EBITDA": NaN,
        "EBIT": NaN,
        "Normalized Income": NaN,
        "Net Income From Continuing And Discontinued Operation": NaN,
        "Total Expenses": NaN,
        "Total Operating Income As Reported": NaN,
        "Diluted Average Shares": NaN,
        "Basic Average Shares": NaN,
        "Diluted EPS": NaN,
        "Basic EPS": NaN,
        "Diluted NI Availto Com Stockholders": NaN,
        "Net Income Common Stockholders": NaN,
        "Net Income": NaN,
        "Net Income Including Noncontrolling Interests": NaN,
        "Net Income Continuous Operations": NaN,
        "Tax Provision": NaN,
        "Pretax Income": NaN,
        "Other Income Expense": NaN,
        "Other Non Operating Income Expenses": NaN,
        "Operating Income": NaN,
        "Operating Expense": NaN,
        "Depreciation Amortization Depletion Income Statement": NaN,
        "Depreciation And Amortization In Income Statement": NaN,
        "Amortization": NaN,
        "Amortization Of Intangibles Income Statement": NaN,
        "Depreciation Income Statement": NaN,
        "Selling General And Administration": NaN,
        "Selling And Marketing Expense": 13994000.0,
        "General And Administrative Expense": NaN,
        "Other Gand A": NaN,
        "Salaries And Wages": NaN,
        "Gross Profit": NaN,
        "Cost Of Revenue": NaN,
        "Total Revenue": NaN,
        "Operating Revenue": NaN
    },
    "2023-12-31": {
        "Tax Effect Of Unusual Items": NaN,
        "Tax Rate For Calcs": NaN,
        "Normalized EBITDA": NaN,
        "Net Income From Continuing Operation Net Minority Interest": NaN,
        "Reconciled Depreciation": NaN,
        "Reconciled Cost Of Revenue": NaN,
        "EBITDA": NaN,
        "EBIT": NaN,
        "Normalized Income": NaN,
        "Net Income From Continuing And Discontinued Operation": NaN,
        "Total Expenses": NaN,
        "Total Operating Income As Reported": NaN,
        "Diluted Average Shares": NaN,
        "Basic Average Shares": NaN,
        "Diluted EPS": NaN,
        "Basic EPS": NaN,
        "Diluted NI Availto Com Stockholders": NaN,
        "Net Income Common Stockholders": NaN,
        "Net Income": NaN,
        "Net Income Including Noncontrolling Interests": NaN,
        "Net Income Continuous Operations": NaN,
        "Tax Provision": NaN,
        "Pretax Income": NaN,
        "Other Income Expense": NaN,
        "Other Non Operating Income Expenses": NaN,
        "Operating Income": NaN,
        "Operating Expense": NaN,
        "Depreciation Amortization Depletion Income Statement": NaN,
        "Depreciation And Amortization In Income Statement": NaN,
        "Amortization": NaN,
        "Amortization Of Intangibles Income Statement": NaN,
        "Depreciation Income Statement": NaN,
        "Selling General And Administration": NaN,
        "Selling And Marketing Expense": 12786000.0,
        "General And Administrative Expense": NaN,
        "Other Gand A": NaN,
        "Salaries And Wages": NaN,
        "Gross Profit": NaN,
        "Cost Of Revenue": NaN,
        "Total Revenue": NaN,
        "Operating Revenue": NaN
    },
    "2024-03-31": {
        "Tax Effect Of Unusual Items": 0.0,
        "Tax Rate For Calcs": 0.270984,
        "Normalized EBITDA": 17060000.0,
        "Net Income From Continuing Operation Net Minority Interest": 10987000.0,
        "Reconciled Depreciation": 1333000.0,
        "Reconciled Cost Of Revenue": 256639000.0,
        "EBITDA": 17060000.0,
        "EBIT": 15727000.0,
        "Normalized Income": 10987000.0,
        "Net Income From Continuing And Discontinued Operation": 10987000.0,
        "Total Expenses": 336162000.0,
        "Total Operating Income As Reported": 15727000.0,
        "Diluted Average Shares": 19487000.0,
        "Basic Average Shares": 19487000.0,
        "Diluted EPS": 0.563812,
        "Basic EPS": 0.563812,
        "Diluted NI Availto Com Stockholders": 10987000.0,
        "Net Income Common Stockholders": 10987000.0,
        "Net Income": 10987000.0,
        "Net Income Including Noncontrolling Interests": 10987000.0,
        "Net Income Continuous Operations": 10987000.0,
        "Tax Provision": 4084000.0,
        "Pretax Income": 15071000.0,
        "Other Income Expense": -656000.0,
        "Other Non Operating Income Expenses": -656000.0,
        "Operating Income": 15727000.0,
        "Operating Expense": 79523000.0,
        "Depreciation Amortization Depletion Income Statement": 1333000.0,
        "Depreciation And Amortization In Income Statement": 1333000.0,
        "Amortization": 533000.0,
        "Amortization Of Intangibles Income Statement": 533000.0,
        "Depreciation Income Statement": 800000.0,
        "Selling General And Administration": 78190000.0,
        "Selling And Marketing Expense": NaN,
        "General And Administrative Expense": 78190000.0,
        "Other Gand A": 12581000.0,
        "Salaries And Wages": 65609000.0,
        "Gross Profit": 95250000.0,
        "Cost Of Revenue": 256639000.0,
        "Total Revenue": 351889000.0,
        "Operating Revenue": 351889000.0
    },
    "2024-06-30": {
        "Tax Effect Of Unusual Items": 0.0,
        "Tax Rate For Calcs": 0.262503,
        "Normalized EBITDA": 21255000.0,
        "Net Income From Continuing Operation Net Minority Interest": 14157000.0,
        "Reconciled Depreciation": 1555000.0,
        "Reconciled Cost Of Revenue": 257345000.0,
        "EBITDA": 21255000.0,
        "EBIT": 19700000.0,
        "Normalized Income": 14157000.0,
        "Net Income From Continuing And Discontinued Operation": 14157000.0,
        "Total Expenses": 336618000.0,
        "Total Operating Income As Reported": 19700000.0,
        "Diluted Average Shares": 19375000.0,
        "Basic Average Shares": 19375000.0,
        "Diluted EPS": 0.730684,
        "Basic EPS": 0.730684,
        "Diluted NI Availto Com Stockholders": 14157000.0,
        "Net Income Common Stockholders": 14157000.0,
        "Net Income": 14157000.0,
        "Net Income Including Noncontrolling Interests": 14157000.0,
        "Net Income Continuous Operations": 14157000.0,
        "Tax Provision": 5039000.0,
        "Pretax Income": 19196000.0,
        "Other Income Expense": -504000.0,
        "Other Non Operating Income Expenses": -504000.0,
        "Operating Income": 19700000.0,
        "Operating Expense": 79273000.0,
        "Depreciation Amortization Depletion Income Statement": 1555000.0,
        "Depreciation And Amortization In Income Statement": 1555000.0,
        "Amortization": 736000.0,
        "Amortization Of Intangibles Income Statement": 736000.0,
        "Depreciation Income Statement": 819000.0,
        "Selling General And Administration": 77718000.0,
        "General And Administrative Expense": 77718000.0,
        "Other Gand A": 12293000.0,
        "Salaries And Wages": 65425000.0,
        "Gross Profit": 98973000.0,
        "Cost Of Revenue": 257345000.0,
        "Total Revenue": 356318000.0,
        "Operating Revenue": 356318000.0
    },
    "2024-09-30": {
        "Tax Effect Of Unusual Items": 0.0,
        "Tax Rate For Calcs": 0.223,
        "Normalized EBITDA": 20259000.0,
        "Net Income From Continuing Operation Net Minority Interest": 14209000.0,
        "Reconciled Depreciation": 1543000.0,
        "Reconciled Cost Of Revenue": 254752000.0,
        "EBITDA": 20259000.0,
        "EBIT": 18716000.0,
        "Normalized Income": 14209000.0,
        "Net Income From Continuing And Discontinued Operation": 14209000.0,
        "Total Expenses": 334603000.0,
        "Total Operating Income As Reported": -18716000.0,
        "Diluted Average Shares": 19222000.0,
        "Basic Average Shares": 19222000.0,
        "Diluted EPS": 0.739205,
        "Basic EPS": 0.739205,
        "Diluted NI Availto Com Stockholders": 14209000.0,
        "Net Income Common Stockholders": 14209000.0,
        "Net Income": 14209000.0,
        "Net Income Including Noncontrolling Interests": 14209000.0,
        "Net Income Continuous Operations": 14209000.0,
        "Tax Provision": 4078000.0,
        "Pretax Income": 18287000.0,
        "Other Income Expense": -429000.0,
        "Other Non Operating Income Expenses": -429000.0,
        "Operating Income": 18716000.0,
        "Operating Expense": 79851000.0,
        "Depreciation Amortization Depletion Income Statement": 1543000.0,
        "Depreciation And Amortization In Income Statement": 1543000.0,
        "Amortization": 741000.0,
        "Amortization Of Intangibles Income Statement": 741000.0,
        "Depreciation Income Statement": 802000.0,
        "Selling General And Administration": 78308000.0,
        "General And Administrative Expense": 78308000.0,
        "Other Gand A": 12120000.0,
        "Salaries And Wages": 66188000.0,
        "Gross Profit": 98567000.0,
        "Cost Of Revenue": 254752000.0,
        "Total Revenue": 353319000.0,
        "Operating Revenue": 353319000.0
    },
    "2024-12-31": {
        "Tax Effect Of Unusual Items": 0.0,
        "Tax Rate For Calcs": 0.266025,
        "Normalized EBITDA": 17069000.0,
        "Net Income From Continuing Operation Net Minority Interest": 11061000.0,
        "Reconciled Depreciation": 1491000.0,
        "Reconciled Cost Of Revenue": 251127000.0,
        "EBITDA": 17069000.0,
        "EBIT": 15578000.0,
        "Normalized Income": 11061000.0,
        "Net Income From Continuing And Discontinued Operation": 11061000.0,
        "Total Expenses": 328204000.0,
        "Total Operating Income As Reported": 123864000.0,
        "Diluted Average Shares": 19216000.0,
        "Basic Average Shares": 19216000.0,
        "Diluted EPS": 0.575614,
        "Basic EPS": 0.575614,
        "Diluted NI Availto Com Stockholders": 11061000.0,
        "Net Income Common Stockholders": 11061000.0,
        "Net Income": 11061000.0,
        "Net Income Including Noncontrolling Interests": 11061000.0,
        "Net Income Continuous Operations": 11061000.0,
        "Tax Provision": 4009000.0,
        "Pretax Income": 15070000.0,
        "Other Income Expense": -508000.0,
        "Other Non Operating Income Expenses": -508000.0,
        "Operating Income": 15578000.0,
        "Operating Expense": 77077000.0,
        "Depreciation Amortization Depletion Income Statement": 1491000.0,
        "Depreciation And Amortization In Income Statement": 1491000.0,
        "Amortization": 734000.0,
        "Amortization Of Intangibles Income Statement": 734000.0,
        "Depreciation Income Statement": 757000.0,
        "Selling General And Administration": 75586000.0,
        "General And Administrative Expense": 75586000.0,
        "Other Gand A": 11968000.0,
        "Salaries And Wages": 63618000.0,
        "Gross Profit": 92655000.0,
        "Cost Of Revenue": 251127000.0,
        "Total Revenue": 343782000.0,
        "Operating Revenue": 343782000.0
    },
    "2025-03-31": {
        "Tax Effect Of Unusual Items": 0.0,
        "Tax Rate For Calcs": 0.264,
        "Normalized EBITDA": 13095000.0,
        "Net Income From Continuing Operation Net Minority Interest": 8145000.0,
        "Reconciled Depreciation": 1464000.0,
        "Reconciled Cost Of Revenue": 241768000.0,
        "EBITDA": 13095000.0,
        "EBIT": 11631000.0,
        "Normalized Income": 8145000.0,
        "Net Income From Continuing And Discontinued Operation": 8145000.0,
        "Total Expenses": 318397000.0,
        "Total Operating Income As Reported": 11631000.0,
        "Diluted Average Shares": 18805000.0,
        "Basic Average Shares": 18805000.0,
        "Diluted EPS": 0.433129,
        "Basic EPS": 0.433129,
        "Diluted NI Availto Com Stockholders": 8145000.0,
        "Net Income Common Stockholders": 8145000.0,
        "Net Income": 8145000.0,
        "Net Income Including Noncontrolling Interests": 8145000.0,
        "Net Income Continuous Operations": 8145000.0,
        "Tax Provision": 2921000.0,
        "Pretax Income": 11066000.0,
        "Other Income Expense": -565000.0,
        "Other Non Operating Income Expenses": -565000.0,
        "Operating Income": 11631000.0,
        "Operating Expense": 76629000.0,
        "Depreciation Amortization Depletion Income Statement": 1464000.0,
        "Depreciation And Amortization In Income Statement": 1464000.0,
        "Amortization": 751000.0,
        "Amortization Of Intangibles Income Statement": 751000.0,
        "Depreciation Income Statement": 713000.0,
        "Selling General And Administration": 75165000.0,
        "General And Administrative Expense": 75165000.0,
        "Other Gand A": 11689000.0,
        "Salaries And Wages": 63476000.0,
        "Gross Profit": 88260000.0,
        "Cost Of Revenue": 241768000.0,
        "Total Revenue": 330028000.0,
        "Operating Revenue": 330028000.0
    },
    "2025-06-30": {
        "Tax Effect Of Unusual Items": 0.0,
        "Tax Rate For Calcs": 0.246049,
        "Normalized EBITDA": 16278000.0,
        "Net Income From Continuing Operation Net Minority Interest": 10449000.0,
        "Reconciled Depreciation": 1390000.0,
        "Reconciled Cost Of Revenue": 243668000.0,
        "EBITDA": 16278000.0,
        "EBIT": 14888000.0,
        "Normalized Income": 10449000.0,
        "Net Income From Continuing And Discontinued Operation": 10449000.0,
        "Total Expenses": 319428000.0,
        "Total Operating Income As Reported": 14888000.0,
        "Diluted Average Shares": 18611000.0,
        "Basic Average Shares": 18611000.0,
        "Diluted EPS": 0.561442,
        "Basic EPS": 0.561442,
        "Diluted NI Availto Com Stockholders": 10449000.0,
        "Net Income Common Stockholders": 10449000.0,
        "Net Income": 10449000.0,
        "Net Income Including Noncontrolling Interests": 10449000.0,
        "Net Income Continuous Operations": 10449000.0,
        "Tax Provision": 3410000.0,
        "Pretax Income": 13859000.0,
        "Other Income Expense": -1029000.0,
        "Other Non Operating Income Expenses": -1029000.0,
        "Operating Income": 14888000.0,
        "Operating Expense": 75760000.0,
        "Depreciation Amortization Depletion Income Statement": 1390000.0,
        "Depreciation And Amortization In Income Statement": 1390000.0,
        "Amortization": 730000.0,
        "Amortization Of Intangibles Income Statement": 730000.0,
        "Depreciation Income Statement": 660000.0,
        "Selling General And Administration": 74370000.0,
        "General And Administrative Expense": 74370000.0,
        "Other Gand A": 11466000.0,
        "Salaries And Wages": 62904000.0,
        "Gross Profit": 90648000.0,
        "Cost Of Revenue": 243668000.0,
        "Total Revenue": 334316000.0,
        "Operating Revenue": 334316000.0
    },
    "2025-09-30": {
        "Tax Effect Of Unusual Items": 0.0,
        "Tax Rate For Calcs": 0.222971,
        "Normalized EBITDA": 16373000.0,
        "Net Income From Continuing Operation Net Minority Interest": 11068000.0,
        "Reconciled Depreciation": 1371000.0,
        "Reconciled Cost Of Revenue": 240388000.0,
        "EBITDA": 16373000.0,
        "EBIT": 15002000.0,
        "Normalized Income": 11068000.0,
        "Net Income From Continuing And Discontinued Operation": 11068000.0,
        "Total Expenses": 317643000.0,
        "Total Operating Income As Reported": 15002000.0,
        "Diluted Average Shares": 17645000.0,
        "Basic Average Shares": 17589000.0,
        "Diluted EPS": 0.63,
        "Basic EPS": 0.63,
        "Diluted NI Availto Com Stockholders": 11068000.0,
        "Net Income Common Stockholders": 11068000.0,
        "Net Income": 11068000.0,
        "Net Income Including Noncontrolling Interests": 11068000.0,
        "Net Income Continuous Operations": 11068000.0,
        "Tax Provision": 3176000.0,
        "Pretax Income": 14244000.0,
        "Other Income Expense": -758000.0,
        "Other Non Operating Income Expenses": -758000.0,
        "Operating Income": 15002000.0,
        "Operating Expense": 77255000.0,
        "Depreciation Amortization Depletion Income Statement": 1371000.0,
        "Depreciation And Amortization In Income Statement": 1371000.0,
        "Amortization": 730000.0,
        "Amortization Of Intangibles Income Statement": 730000.0,
        "Depreciation Income Statement": 641000.0,
        "Selling General And Administration": 75884000.0,
        "General And Administrative Expense": 75884000.0,
        "Other Gand A": 12035000.0,
        "Salaries And Wages": 63849000.0,
        "Gross Profit": 92257000.0,
        "Cost Of Revenue": 240388000.0,
        "Total Revenue": 332645000.0,
        "Operating Revenue": 332645000.0
    }
}