{
    "2023-03-31": {
        "Tax Effect Of Unusual Items": NaN,
        "Tax Rate For Calcs": NaN,
        "Total Unusual Items": NaN,
        "Total Unusual Items Excluding Goodwill": NaN,
        "Net Income From Continuing Operation Net Minority Interest": NaN,
        "Reconciled Depreciation": NaN,
        "EBIT": NaN,
        "Net Interest Income": NaN,
        "Interest Expense": NaN,
        "Interest Income": NaN,
        "Normalized Income": NaN,
        "Net Income From Continuing And Discontinued Operation": NaN,
        "Total Expenses": NaN,
        "Diluted Average Shares": NaN,
        "Basic Average Shares": NaN,
        "Diluted EPS": NaN,
        "Basic EPS": NaN,
        "Diluted NI Availto Com Stockholders": NaN,
        "Net Income Common Stockholders": NaN,
        "Preferred Stock Dividends": 69000.0,
        "Net Income": NaN,
        "Minority Interests": NaN,
        "Net Income Including Noncontrolling Interests": NaN,
        "Net Income Discontinuous Operations": NaN,
        "Net Income Continuous Operations": NaN,
        "Tax Provision": NaN,
        "Pretax Income": NaN,
        "Special Income Charges": NaN,
        "Other Special Charges": -31616000.0,
        "Impairment Of Capital Assets": NaN,
        "Net Non Operating Interest Income Expense": NaN,
        "Interest Expense Non Operating": NaN,
        "Other Operating Expenses": NaN,
        "Depreciation And Amortization In Income Statement": NaN,
        "Amortization": NaN,
        "Selling General And Administration": NaN,
        "General And Administrative Expense": NaN,
        "Other Gand A": NaN,
        "Total Revenue": NaN,
        "Operating Revenue": NaN,
        "Loss Adjustment Expense": NaN,
        "Net Policyholder Benefits And Claims": NaN
    },
    "2022-12-31": {
        "Tax Effect Of Unusual Items": NaN,
        "Tax Rate For Calcs": NaN,
        "Total Unusual Items": NaN,
        "Total Unusual Items Excluding Goodwill": NaN,
        "Net Income From Continuing Operation Net Minority Interest": NaN,
        "Reconciled Depreciation": NaN,
        "EBIT": NaN,
        "Net Interest Income": NaN,
        "Interest Expense": NaN,
        "Interest Income": NaN,
        "Normalized Income": NaN,
        "Net Income From Continuing And Discontinued Operation": NaN,
        "Total Expenses": NaN,
        "Diluted Average Shares": NaN,
        "Basic Average Shares": NaN,
        "Diluted EPS": NaN,
        "Basic EPS": NaN,
        "Diluted NI Availto Com Stockholders": NaN,
        "Net Income Common Stockholders": NaN,
        "Preferred Stock Dividends": 72000.0,
        "Net Income": NaN,
        "Minority Interests": NaN,
        "Net Income Including Noncontrolling Interests": NaN,
        "Net Income Discontinuous Operations": NaN,
        "Net Income Continuous Operations": NaN,
        "Tax Provision": NaN,
        "Pretax Income": NaN,
        "Special Income Charges": NaN,
        "Other Special Charges": 0.0,
        "Impairment Of Capital Assets": NaN,
        "Net Non Operating Interest Income Expense": NaN,
        "Interest Expense Non Operating": NaN,
        "Other Operating Expenses": NaN,
        "Depreciation And Amortization In Income Statement": NaN,
        "Amortization": NaN,
        "Selling General And Administration": NaN,
        "General And Administrative Expense": NaN,
        "Other Gand A": NaN,
        "Total Revenue": NaN,
        "Operating Revenue": NaN,
        "Loss Adjustment Expense": NaN,
        "Net Policyholder Benefits And Claims": NaN
    },
    "2022-09-30": {
        "Tax Effect Of Unusual Items": NaN,
        "Tax Rate For Calcs": NaN,
        "Total Unusual Items": NaN,
        "Total Unusual Items Excluding Goodwill": NaN,
        "Net Income From Continuing Operation Net Minority Interest": NaN,
        "Reconciled Depreciation": NaN,
        "EBIT": NaN,
        "Net Interest Income": NaN,
        "Interest Expense": NaN,
        "Interest Income": NaN,
        "Normalized Income": NaN,
        "Net Income From Continuing And Discontinued Operation": NaN,
        "Total Expenses": NaN,
        "Diluted Average Shares": 25716000.0,
        "Basic Average Shares": 22960000.0,
        "Diluted EPS": 1.49,
        "Basic EPS": 1.67,
        "Diluted NI Availto Com Stockholders": NaN,
        "Average Dilution Earnings": 54000.0,
        "Net Income Common Stockholders": NaN,
        "Preferred Stock Dividends": 77000.0,
        "Net Income": NaN,
        "Minority Interests": NaN,
        "Net Income Including Noncontrolling Interests": NaN,
        "Net Income Discontinuous Operations": NaN,
        "Net Income Continuous Operations": NaN,
        "Tax Provision": NaN,
        "Pretax Income": NaN,
        "Other Income Expense": 3633000.0,
        "Special Income Charges": NaN,
        "Other Special Charges": -32509000.0,
        "Impairment Of Capital Assets": NaN,
        "Net Non Operating Interest Income Expense": NaN,
        "Interest Expense Non Operating": NaN,
        "Other Operating Expenses": NaN,
        "Depreciation And Amortization In Income Statement": NaN,
        "Amortization": NaN,
        "Selling General And Administration": NaN,
        "General And Administrative Expense": NaN,
        "Other Gand A": NaN,
        "Total Revenue": NaN,
        "Operating Revenue": NaN
    },
    "2022-06-30": {
        "Tax Effect Of Unusual Items": 0.0,
        "Tax Rate For Calcs": 0.002531,
        "Total Unusual Items": 0.0,
        "Total Unusual Items Excluding Goodwill": 0.0,
        "Net Income From Continuing Operation Net Minority Interest": -2668000.0,
        "Reconciled Depreciation": 2342000.0,
        "EBIT": 996000.0,
        "Net Interest Income": -3367000.0,
        "Interest Expense": 3367000.0,
        "Interest Income": 150000.0,
        "Normalized Income": -2668000.0,
        "Net Income From Continuing And Discontinued Operation": -2668000.0,
        "Total Expenses": 30149000.0,
        "Diluted Average Shares": 22883000.0,
        "Basic Average Shares": 22883000.0,
        "Diluted EPS": -0.12,
        "Basic EPS": -0.12,
        "Diluted NI Availto Com Stockholders": -2747000.0,
        "Average Dilution Earnings": NaN,
        "Net Income Common Stockholders": -2747000.0,
        "Preferred Stock Dividends": 79000.0,
        "Net Income": -2668000.0,
        "Minority Interests": -303000.0,
        "Net Income Including Noncontrolling Interests": -2365000.0,
        "Net Income Discontinuous Operations": NaN,
        "Net Income Continuous Operations": -2365000.0,
        "Tax Provision": -6000.0,
        "Pretax Income": -2371000.0,
        "Other Income Expense": 3633000.0,
        "Special Income Charges": 0.0,
        "Other Special Charges": NaN,
        "Net Non Operating Interest Income Expense": -3367000.0,
        "Interest Expense Non Operating": 3367000.0,
        "Other Operating Expenses": 2207000.0,
        "Depreciation And Amortization In Income Statement": 1494000.0,
        "Amortization": 1494000.0,
        "Selling General And Administration": 11595000.0,
        "General And Administrative Expense": 11595000.0,
        "Other Gand A": 11595000.0,
        "Total Revenue": 27778000.0,
        "Operating Revenue": 27778000.0
    },
    "2022-03-31": {
        "Diluted EPS": -0.12,
        "Total Revenue": 22,
        "Gross Profit": 21,
        "Operating Income": -2,
        "EBIT": -1,
        "Net Income": -3
    },
    "2021-12-31": {
        "Diluted EPS": 0.02,
        "Total Revenue": 13,
        "Gross Profit": 11,
        "Operating Income": -3,
        "EBIT": -5,
        "Net Income": 1
    },
    "2021-09-30": {
        "Diluted EPS": -0.05,
        "Total Revenue": 21,
        "Gross Profit": 19,
        "Operating Income": -3,
        "EBIT": 1,
        "Net Income": -1
    },
    "2021-06-30": {
        "Diluted EPS": -0.03,
        "Total Revenue": 22,
        "Gross Profit": 21,
        "Operating Income": 0,
        "EBIT": 2,
        "Net Income": -1
    },
    "2021-03-31": {
        "Diluted EPS": 0.02,
        "Total Revenue": 22,
        "Gross Profit": 21,
        "Operating Income": 0,
        "EBIT": 2,
        "Net Income": 0
    },
    "2020-12-31": {
        "Diluted EPS": -0.13,
        "Total Revenue": 17,
        "Gross Profit": 16,
        "Operating Income": -3,
        "EBIT": -2,
        "Net Income": -3
    },
    "2020-09-30": {
        "Diluted EPS": -0.07,
        "Total Revenue": 15,
        "Gross Profit": 14,
        "Operating Income": -1,
        "EBIT": 1,
        "Net Income": -1
    },
    "2020-06-30": {
        "Diluted EPS": -0.08,
        "Total Revenue": 14,
        "Gross Profit": 13,
        "Operating Income": -1,
        "EBIT": 1,
        "Net Income": -2
    },
    "2020-03-31": {
        "Diluted EPS": -0.07,
        "Total Revenue": 15,
        "Gross Profit": 13,
        "Operating Income": -2,
        "EBIT": 0,
        "Net Income": -1
    },
    "2019-12-31": {
        "Diluted EPS": -0.21,
        "Total Revenue": 14,
        "Gross Profit": 13,
        "Operating Income": -2,
        "EBIT": 0,
        "Net Income": -4
    },
    "2019-09-30": {
        "Diluted EPS": -0.2,
        "Total Revenue": 16,
        "Gross Profit": 15,
        "Operating Income": 0,
        "EBIT": 2,
        "Net Income": -4
    },
    "2019-06-30": {
        "Diluted EPS": -0.04,
        "Total Revenue": 15,
        "Gross Profit": 14,
        "Operating Income": -1,
        "EBIT": 0,
        "Net Income": -1
    },
    "2019-03-31": {
        "Diluted EPS": 0.13,
        "Total Revenue": 14,
        "Gross Profit": 13,
        "Operating Income": 0,
        "EBIT": 1,
        "Net Income": 3
    },
    "2018-12-31": {
        "Diluted EPS": -0.61,
        "Total Revenue": 12,
        "Gross Profit": 11,
        "Operating Income": -4,
        "EBIT": -2,
        "Net Income": -13
    },
    "2018-09-30": {
        "Diluted EPS": -0.18,
        "Total Revenue": 13,
        "Gross Profit": 12,
        "Operating Income": 1,
        "EBIT": 3,
        "Net Income": -4
    },
    "2018-06-30": {
        "Diluted EPS": -0.49,
        "Total Revenue": 13,
        "Gross Profit": 11,
        "Operating Income": -1,
        "EBIT": 1,
        "Net Income": -11
    },
    "2018-03-31": {
        "Diluted EPS": -0.13,
        "Total Revenue": 13,
        "Gross Profit": 12,
        "Operating Income": -1,
        "EBIT": 0,
        "Net Income": -3
    },
    "2017-12-31": {
        "Diluted EPS": -0.25,
        "Total Revenue": 19,
        "Gross Profit": 45,
        "Operating Income": 27,
        "EBIT": 28,
        "Net Income": -5
    },
    "2017-09-30": {
        "Diluted EPS": -0.09,
        "Total Revenue": 12,
        "Gross Profit": 11,
        "Operating Income": 2,
        "EBIT": 4,
        "Net Income": -2
    },
    "2017-06-30": {
        "Diluted EPS": -0.37,
        "Total Revenue": 10,
        "Gross Profit": 9,
        "Operating Income": 2,
        "EBIT": 3,
        "Net Income": -8
    },
    "2017-03-31": {
        "Diluted EPS": -0.08,
        "Total Revenue": 10,
        "Gross Profit": -17,
        "Operating Income": -28,
        "EBIT": -26,
        "Net Income": -2
    },
    "2016-12-31": {
        "Diluted EPS": 0.06,
        "Total Revenue": 53,
        "Gross Profit": 11,
        "Operating Income": -3,
        "EBIT": -2,
        "Net Income": 1
    },
    "2016-09-30": {
        "Diluted EPS": 0.06,
        "Total Revenue": 46,
        "Gross Profit": 13,
        "Operating Income": 0,
        "EBIT": 1,
        "Net Income": 1
    },
    "2016-06-30": {
        "Diluted EPS": -0.03,
        "Total Revenue": 41,
        "Gross Profit": 10,
        "Operating Income": -1,
        "EBIT": -1,
        "Net Income": -1
    },
    "2016-03-31": {
        "Diluted EPS": -0.08,
        "Total Revenue": 37,
        "Gross Profit": 8,
        "Operating Income": -3,
        "EBIT": -2,
        "Net Income": -2
    },
    "2015-12-31": {
        "Diluted EPS": -0.1,
        "Total Revenue": 38,
        "Gross Profit": 9,
        "Operating Income": -1,
        "EBIT": 0,
        "Net Income": -2
    },
    "2015-09-30": {
        "Diluted EPS": -0.05,
        "Total Revenue": 39,
        "Gross Profit": 10,
        "Operating Income": -2,
        "EBIT": -1,
        "Net Income": -1
    },
    "2015-06-30": {
        "Diluted EPS": 0.09,
        "Total Revenue": 39,
        "Gross Profit": 9,
        "Operating Income": -2,
        "EBIT": -2,
        "Net Income": 2
    },
    "2015-03-31": {
        "Diluted EPS": 0.1,
        "Total Revenue": 44,
        "Gross Profit": 16,
        "Operating Income": 4,
        "EBIT": 4,
        "Net Income": 2
    },
    "2014-12-31": {
        "Diluted EPS": 0.06,
        "Total Revenue": 37,
        "Gross Profit": 10,
        "Operating Income": 5,
        "EBIT": 5,
        "Net Income": 1
    },
    "2014-09-30": {
        "Diluted EPS": -0.41,
        "Total Revenue": 39,
        "Gross Profit": 11,
        "Operating Income": -2,
        "EBIT": -1,
        "Net Income": -7
    },
    "2014-06-30": {
        "Diluted EPS": -0.3,
        "Total Revenue": 42,
        "Gross Profit": 15,
        "Operating Income": 1,
        "EBIT": 2,
        "Net Income": -5
    },
    "2014-03-31": {
        "Diluted EPS": -0.1,
        "Total Revenue": 40,
        "Gross Profit": 13,
        "Operating Income": -2,
        "EBIT": 0,
        "Net Income": -2
    },
    "2013-12-31": {
        "Diluted EPS": -0.64,
        "Total Revenue": 46,
        "Gross Profit": 22,
        "Operating Income": -4,
        "EBIT": -1,
        "Net Income": -11
    },
    "2013-09-30": {
        "Diluted EPS": 0.14,
        "Total Revenue": 42,
        "Gross Profit": 14,
        "Operating Income": -9,
        "EBIT": -6,
        "Net Income": 2
    },
    "2013-06-30": {
        "Diluted EPS": -0.78,
        "Total Revenue": 42,
        "Gross Profit": 12,
        "Operating Income": -13,
        "EBIT": -9,
        "Net Income": -10
    },
    "2013-03-31": {
        "Diluted EPS": -1.33,
        "Total Revenue": 43,
        "Gross Profit": 14,
        "Operating Income": -9,
        "EBIT": -5,
        "Net Income": -17
    },
    "2012-12-31": {
        "Diluted EPS": -0.98,
        "Total Revenue": 48,
        "Gross Profit": 23,
        "Operating Income": -1,
        "EBIT": 4,
        "Net Income": -16
    },
    "2012-09-30": {
        "Diluted EPS": -1.52,
        "Total Revenue": 35,
        "Gross Profit": -1,
        "Operating Income": -22,
        "EBIT": -19,
        "Net Income": -19
    },
    "2012-06-30": {
        "Diluted EPS": -0.59,
        "Total Revenue": 40,
        "Gross Profit": 11,
        "Operating Income": -8,
        "EBIT": -4,
        "Net Income": -6
    },
    "2012-03-31": {
        "Diluted EPS": -0.96,
        "Total Revenue": 37,
        "Gross Profit": 10,
        "Operating Income": -10,
        "EBIT": -7,
        "Net Income": -11
    },
    "2011-12-31": {
        "Diluted EPS": -0.8,
        "Total Revenue": 55,
        "Gross Profit": 16,
        "Operating Income": 2,
        "EBIT": 4,
        "Net Income": -11
    },
    "2011-09-30": {
        "Diluted EPS": 0.48,
        "Total Revenue": 68,
        "Gross Profit": 28,
        "Operating Income": 9,
        "EBIT": 11,
        "Net Income": 7
    },
    "2011-06-30": {
        "Diluted EPS": -0.36,
        "Total Revenue": 64,
        "Gross Profit": 20,
        "Operating Income": -5,
        "EBIT": -2,
        "Net Income": -3
    },
    "2011-03-31": {
        "Diluted EPS": -1.4,
        "Total Revenue": 55,
        "Gross Profit": 6,
        "Operating Income": -17,
        "EBIT": -15,
        "Net Income": -18
    },
    "2010-12-31": {
        "Diluted EPS": -3.56,
        "Total Revenue": 55,
        "Gross Profit": 21,
        "Operating Income": 14,
        "EBIT": 12,
        "Net Income": -46
    },
    "2010-09-30": {
        "Diluted EPS": 0.2,
        "Total Revenue": 70,
        "Gross Profit": 15,
        "Operating Income": -19,
        "EBIT": -16,
        "Net Income": 2
    },
    "2010-06-30": {
        "Diluted EPS": -1.44,
        "Total Revenue": 82,
        "Gross Profit": 23,
        "Operating Income": -13,
        "EBIT": -9,
        "Net Income": -18
    },
    "2010-03-31": {
        "Diluted EPS": 1.84,
        "Total Revenue": 83,
        "Gross Profit": 16,
        "Operating Income": -25,
        "EBIT": -21,
        "Net Income": 24
    },
    "2009-12-31": {
        "Diluted EPS": -5.84,
        "Total Revenue": -419,
        "Gross Profit": -15,
        "Operating Income": 79,
        "EBIT": 79,
        "Net Income": -76
    },
    "2009-09-30": {
        "Diluted EPS": -8.76,
        "Total Revenue": 273,
        "Gross Profit": 5,
        "Operating Income": -92,
        "EBIT": -83,
        "Net Income": -118
    },
    "2009-06-30": {
        "Diluted EPS": -2.8,
        "Total Revenue": 298,
        "Gross Profit": 52,
        "Operating Income": -40,
        "EBIT": -34,
        "Net Income": -38
    },
    "2009-03-31": {
        "Diluted EPS": -4.24,
        "Total Revenue": 291,
        "Gross Profit": 45,
        "Operating Income": -54,
        "EBIT": -50,
        "Net Income": -58
    },
    "2023-06-30": {
        "Tax Effect Of Unusual Items": NaN,
        "Tax Rate For Calcs": NaN,
        "Total Unusual Items": NaN,
        "Total Unusual Items Excluding Goodwill": NaN,
        "Net Income From Continuing Operation Net Minority Interest": NaN,
        "Reconciled Depreciation": NaN,
        "EBIT": NaN,
        "Net Interest Income": NaN,
        "Interest Expense": NaN,
        "Interest Income": NaN,
        "Normalized Income": NaN,
        "Net Income From Continuing And Discontinued Operation": NaN,
        "Total Expenses": NaN,
        "Diluted Average Shares": 25295000.0,
        "Basic Average Shares": 25295000.0,
        "Diluted EPS": -0.06,
        "Basic EPS": -0.06,
        "Diluted NI Availto Com Stockholders": NaN,
        "Net Income Common Stockholders": NaN,
        "Preferred Stock Dividends": 5000.0,
        "Net Income": NaN,
        "Minority Interests": NaN,
        "Net Income Including Noncontrolling Interests": NaN,
        "Net Income Discontinuous Operations": NaN,
        "Net Income Continuous Operations": NaN,
        "Tax Provision": NaN,
        "Pretax Income": NaN,
        "Special Income Charges": NaN,
        "Other Special Charges": NaN,
        "Impairment Of Capital Assets": NaN,
        "Net Non Operating Interest Income Expense": NaN,
        "Interest Expense Non Operating": NaN,
        "Other Operating Expenses": NaN,
        "Depreciation And Amortization In Income Statement": NaN,
        "Amortization": NaN,
        "Selling General And Administration": NaN,
        "General And Administrative Expense": NaN,
        "Other Gand A": NaN,
        "Total Revenue": NaN,
        "Operating Revenue": NaN,
        "Loss Adjustment Expense": NaN,
        "Net Policyholder Benefits And Claims": NaN
    },
    "2023-09-30": {
        "Tax Effect Of Unusual Items": NaN,
        "Tax Rate For Calcs": NaN,
        "Total Unusual Items": NaN,
        "Total Unusual Items Excluding Goodwill": NaN,
        "Net Income From Continuing Operation Net Minority Interest": NaN,
        "Reconciled Depreciation": NaN,
        "EBIT": NaN,
        "Net Interest Income": NaN,
        "Interest Expense": NaN,
        "Interest Income": NaN,
        "Normalized Income": NaN,
        "Net Income From Continuing And Discontinued Operation": NaN,
        "Total Expenses": NaN,
        "Diluted Average Shares": 26239000.0,
        "Basic Average Shares": 26239000.0,
        "Diluted EPS": -0.04,
        "Basic EPS": -0.04,
        "Diluted NI Availto Com Stockholders": NaN,
        "Net Income Common Stockholders": NaN,
        "Preferred Stock Dividends": NaN,
        "Net Income": NaN,
        "Minority Interests": NaN,
        "Net Income Including Noncontrolling Interests": NaN,
        "Net Income Discontinuous Operations": NaN,
        "Net Income Continuous Operations": NaN,
        "Tax Provision": NaN,
        "Pretax Income": NaN,
        "Special Income Charges": NaN,
        "Other Special Charges": -342000.0,
        "Impairment Of Capital Assets": NaN,
        "Net Non Operating Interest Income Expense": NaN,
        "Interest Expense Non Operating": NaN,
        "Other Operating Expenses": NaN,
        "Depreciation And Amortization In Income Statement": NaN,
        "Amortization": NaN,
        "Selling General And Administration": NaN,
        "General And Administrative Expense": NaN,
        "Other Gand A": NaN,
        "Total Revenue": NaN,
        "Operating Revenue": NaN,
        "Loss Adjustment Expense": NaN,
        "Net Policyholder Benefits And Claims": NaN
    },
    "2023-12-31": {
        "Tax Effect Of Unusual Items": NaN,
        "Tax Rate For Calcs": NaN,
        "Total Unusual Items": NaN,
        "Total Unusual Items Excluding Goodwill": NaN,
        "Net Income From Continuing Operation Net Minority Interest": NaN,
        "Reconciled Depreciation": NaN,
        "EBIT": NaN,
        "Net Interest Income": NaN,
        "Interest Expense": NaN,
        "Interest Income": NaN,
        "Normalized Income": NaN,
        "Net Income From Continuing And Discontinued Operation": NaN,
        "Total Expenses": NaN,
        "Diluted Average Shares": NaN,
        "Basic Average Shares": NaN,
        "Diluted EPS": NaN,
        "Basic EPS": NaN,
        "Diluted NI Availto Com Stockholders": NaN,
        "Net Income Common Stockholders": NaN,
        "Preferred Stock Dividends": 0.0,
        "Net Income": NaN,
        "Minority Interests": NaN,
        "Net Income Including Noncontrolling Interests": NaN,
        "Net Income Discontinuous Operations": NaN,
        "Net Income Continuous Operations": NaN,
        "Tax Provision": NaN,
        "Pretax Income": NaN,
        "Special Income Charges": NaN,
        "Other Special Charges": 0.0,
        "Impairment Of Capital Assets": NaN,
        "Net Non Operating Interest Income Expense": NaN,
        "Interest Expense Non Operating": NaN,
        "Other Operating Expenses": NaN,
        "Depreciation And Amortization In Income Statement": NaN,
        "Amortization": NaN,
        "Selling General And Administration": NaN,
        "General And Administrative Expense": NaN,
        "Other Gand A": NaN,
        "Total Revenue": NaN,
        "Operating Revenue": NaN,
        "Loss Adjustment Expense": NaN,
        "Net Policyholder Benefits And Claims": NaN
    },
    "2024-03-31": {
        "Tax Effect Of Unusual Items": NaN,
        "Tax Rate For Calcs": NaN,
        "Total Unusual Items": NaN,
        "Total Unusual Items Excluding Goodwill": NaN,
        "Net Income From Continuing Operation Net Minority Interest": NaN,
        "Reconciled Depreciation": NaN,
        "EBIT": NaN,
        "Net Interest Income": NaN,
        "Interest Expense": NaN,
        "Interest Income": NaN,
        "Normalized Income": NaN,
        "Net Income From Continuing And Discontinued Operation": NaN,
        "Total Expenses": NaN,
        "Diluted Average Shares": 27107000.0,
        "Basic Average Shares": 27107000.0,
        "Diluted EPS": -0.09,
        "Basic EPS": -0.09,
        "Diluted NI Availto Com Stockholders": NaN,
        "Net Income Common Stockholders": NaN,
        "Preferred Stock Dividends": NaN,
        "Net Income": NaN,
        "Minority Interests": NaN,
        "Net Income Including Noncontrolling Interests": NaN,
        "Net Income Discontinuous Operations": NaN,
        "Net Income Continuous Operations": NaN,
        "Tax Provision": NaN,
        "Pretax Income": NaN,
        "Special Income Charges": NaN,
        "Other Special Charges": NaN,
        "Impairment Of Capital Assets": NaN,
        "Net Non Operating Interest Income Expense": NaN,
        "Interest Expense Non Operating": NaN,
        "Other Operating Expenses": NaN,
        "Depreciation And Amortization In Income Statement": NaN,
        "Amortization": NaN,
        "Selling General And Administration": NaN,
        "General And Administrative Expense": NaN,
        "Other Gand A": NaN,
        "Total Revenue": NaN,
        "Operating Revenue": NaN,
        "Loss Adjustment Expense": NaN,
        "Net Policyholder Benefits And Claims": NaN
    },
    "2024-06-30": {
        "Tax Effect Of Unusual Items": -178500.0,
        "Tax Rate For Calcs": 0.21,
        "Total Unusual Items": -850000.0,
        "Total Unusual Items Excluding Goodwill": -850000.0,
        "Net Income From Continuing Operation Net Minority Interest": -2530000.0,
        "Reconciled Depreciation": 1704000.0,
        "EBIT": -1087000.0,
        "Net Interest Income": -1162000.0,
        "Interest Expense": 1162000.0,
        "Interest Income": 341000.0,
        "Normalized Income": -1858500.0,
        "Net Income From Continuing And Discontinued Operation": -2363000.0,
        "Total Expenses": 29382000.0,
        "Diluted Average Shares": 27309000.0,
        "Basic Average Shares": 27309000.0,
        "Diluted EPS": -0.08,
        "Basic EPS": -0.08,
        "Diluted NI Availto Com Stockholders": -2363000.0,
        "Net Income Common Stockholders": -2363000.0,
        "Preferred Stock Dividends": NaN,
        "Net Income": -2363000.0,
        "Minority Interests": -177000.0,
        "Net Income Including Noncontrolling Interests": -2186000.0,
        "Net Income Discontinuous Operations": 167000.0,
        "Net Income Continuous Operations": -2353000.0,
        "Tax Provision": 104000.0,
        "Pretax Income": -2249000.0,
        "Special Income Charges": -850000.0,
        "Other Special Charges": 160000.0,
        "Impairment Of Capital Assets": 690000.0,
        "Net Non Operating Interest Income Expense": -1162000.0,
        "Interest Expense Non Operating": 1162000.0,
        "Other Operating Expenses": -423000.0,
        "Depreciation And Amortization In Income Statement": 1457000.0,
        "Amortization": 1457000.0,
        "Selling General And Administration": 11033000.0,
        "General And Administrative Expense": 11033000.0,
        "Other Gand A": 11033000.0,
        "Total Revenue": 27133000.0,
        "Operating Revenue": 27133000.0,
        "Loss Adjustment Expense": 6349000.0,
        "Net Policyholder Benefits And Claims": 6349000.0
    },
    "2024-09-30": {
        "Tax Effect Of Unusual Items": -134400.0,
        "Tax Rate For Calcs": 0.21,
        "Total Unusual Items": -640000.0,
        "Total Unusual Items Excluding Goodwill": -640000.0,
        "Net Income From Continuing Operation Net Minority Interest": -2667000.0,
        "Reconciled Depreciation": 1597000.0,
        "EBIT": -982000.0,
        "Net Interest Income": -1173000.0,
        "Interest Expense": 1173000.0,
        "Interest Income": 342000.0,
        "Normalized Income": -2161400.0,
        "Net Income From Continuing And Discontinued Operation": -2802000.0,
        "Total Expenses": 30651000.0,
        "Diluted Average Shares": 27197000.0,
        "Basic Average Shares": 27197000.0,
        "Diluted EPS": -0.1,
        "Basic EPS": -0.1,
        "Diluted NI Availto Com Stockholders": -2815000.0,
        "Net Income Common Stockholders": -2815000.0,
        "Preferred Stock Dividends": 13000.0,
        "Net Income": -2802000.0,
        "Minority Interests": -491000.0,
        "Net Income Including Noncontrolling Interests": -2311000.0,
        "Net Income Discontinuous Operations": -135000.0,
        "Net Income Continuous Operations": -2176000.0,
        "Tax Provision": 21000.0,
        "Pretax Income": -2155000.0,
        "Special Income Charges": -640000.0,
        "Other Special Charges": NaN,
        "Impairment Of Capital Assets": 640000.0,
        "Net Non Operating Interest Income Expense": -1173000.0,
        "Interest Expense Non Operating": 1173000.0,
        "Other Operating Expenses": -311000.0,
        "Depreciation And Amortization In Income Statement": 1437000.0,
        "Amortization": 1437000.0,
        "Selling General And Administration": 11867000.0,
        "General And Administrative Expense": 11867000.0,
        "Other Gand A": 11867000.0,
        "Total Revenue": 28496000.0,
        "Operating Revenue": 28496000.0,
        "Loss Adjustment Expense": 6323000.0,
        "Net Policyholder Benefits And Claims": 6323000.0
    },
    "2024-12-31": {
        "Tax Effect Of Unusual Items": -196433.972603,
        "Tax Rate For Calcs": 0.195068,
        "Total Unusual Items": -1007000.0,
        "Total Unusual Items Excluding Goodwill": -1007000.0,
        "Net Income From Continuing Operation Net Minority Interest": -1621000.0,
        "Reconciled Depreciation": 2156000.0,
        "EBIT": -515000.0,
        "Net Interest Income": -1310000.0,
        "Interest Expense": 1310000.0,
        "Interest Income": 348000.0,
        "Normalized Income": -810433.972603,
        "Net Income From Continuing And Discontinued Operation": -1622000.0,
        "Total Expenses": 32059000.0,
        "Diluted Average Shares": NaN,
        "Basic Average Shares": NaN,
        "Diluted EPS": NaN,
        "Basic EPS": NaN,
        "Diluted NI Availto Com Stockholders": -1788000.0,
        "Net Income Common Stockholders": -1788000.0,
        "Preferred Stock Dividends": 166000.0,
        "Net Income": -1622000.0,
        "Minority Interests": -152000.0,
        "Net Income Including Noncontrolling Interests": -1470000.0,
        "Net Income Discontinuous Operations": -1000.0,
        "Net Income Continuous Operations": -1469000.0,
        "Tax Provision": -356000.0,
        "Pretax Income": -1825000.0,
        "Special Income Charges": -1007000.0,
        "Other Special Charges": 0.0,
        "Impairment Of Capital Assets": 1007000.0,
        "Net Non Operating Interest Income Expense": -1310000.0,
        "Interest Expense Non Operating": 1310000.0,
        "Other Operating Expenses": 62000.0,
        "Depreciation And Amortization In Income Statement": 1996000.0,
        "Amortization": 1996000.0,
        "Selling General And Administration": 11823000.0,
        "General And Administrative Expense": 11823000.0,
        "Other Gand A": 11823000.0,
        "Total Revenue": 30234000.0,
        "Operating Revenue": 30234000.0,
        "Loss Adjustment Expense": 5784000.0,
        "Net Policyholder Benefits And Claims": 5784000.0
    },
    "2025-03-31": {
        "Tax Effect Of Unusual Items": -15654.350417,
        "Tax Rate For Calcs": 0.078665,
        "Total Unusual Items": -199000.0,
        "Total Unusual Items Excluding Goodwill": -199000.0,
        "Net Income From Continuing Operation Net Minority Interest": -3217000.0,
        "Reconciled Depreciation": 1826000.0,
        "EBIT": -2126000.0,
        "Net Interest Income": -1230000.0,
        "Interest Expense": 1230000.0,
        "Interest Income": 346000.0,
        "Normalized Income": -3033654.350417,
        "Net Income From Continuing And Discontinued Operation": -3217000.0,
        "Total Expenses": 32014000.0,
        "Diluted Average Shares": 27102000.0,
        "Basic Average Shares": 27102000.0,
        "Diluted EPS": -0.13,
        "Basic EPS": -0.13,
        "Diluted NI Availto Com Stockholders": -3439000.0,
        "Net Income Common Stockholders": -3439000.0,
        "Preferred Stock Dividends": 222000.0,
        "Net Income": -3217000.0,
        "Minority Interests": -125000.0,
        "Net Income Including Noncontrolling Interests": -3092000.0,
        "Net Income Discontinuous Operations": 0.0,
        "Net Income Continuous Operations": -3092000.0,
        "Tax Provision": -264000.0,
        "Pretax Income": -3356000.0,
        "Special Income Charges": -199000.0,
        "Other Special Charges": 115000.0,
        "Impairment Of Capital Assets": 84000.0,
        "Net Non Operating Interest Income Expense": -1230000.0,
        "Interest Expense Non Operating": 1230000.0,
        "Other Operating Expenses": -159000.0,
        "Depreciation And Amortization In Income Statement": 1682000.0,
        "Amortization": 1682000.0,
        "Selling General And Administration": 12800000.0,
        "General And Administrative Expense": 12800000.0,
        "Other Gand A": 12800000.0,
        "Total Revenue": 28658000.0,
        "Operating Revenue": 28658000.0,
        "Loss Adjustment Expense": 5910000.0,
        "Net Policyholder Benefits And Claims": 5910000.0
    },
    "2025-06-30": {
        "Tax Effect Of Unusual Items": -5365.59466,
        "Tax Rate For Calcs": 0.039745,
        "Total Unusual Items": -135000.0,
        "Total Unusual Items Excluding Goodwill": -135000.0,
        "Net Income From Continuing Operation Net Minority Interest": -3317000.0,
        "Reconciled Depreciation": 1871000.0,
        "EBIT": -2031000.0,
        "Net Interest Income": -1265000.0,
        "Interest Expense": 1265000.0,
        "Interest Income": 361000.0,
        "Normalized Income": -3187365.59466,
        "Net Income From Continuing And Discontinued Operation": -3317000.0,
        "Total Expenses": 34753000.0,
        "Diluted Average Shares": 27196000.0,
        "Basic Average Shares": 27196000.0,
        "Diluted EPS": -0.13,
        "Basic EPS": -0.13,
        "Diluted NI Availto Com Stockholders": -3628000.0,
        "Net Income Common Stockholders": -3628000.0,
        "Preferred Stock Dividends": 311000.0,
        "Net Income": -3317000.0,
        "Minority Interests": -152000.0,
        "Net Income Including Noncontrolling Interests": -3165000.0,
        "Net Income Discontinuous Operations": 0.0,
        "Net Income Continuous Operations": -3165000.0,
        "Tax Provision": -131000.0,
        "Pretax Income": -3296000.0,
        "Special Income Charges": -135000.0,
        "Other Special Charges": NaN,
        "Impairment Of Capital Assets": 135000.0,
        "Net Non Operating Interest Income Expense": -1265000.0,
        "Interest Expense Non Operating": 1265000.0,
        "Other Operating Expenses": -225000.0,
        "Depreciation And Amortization In Income Statement": 1710000.0,
        "Amortization": 1710000.0,
        "Selling General And Administration": 14070000.0,
        "General And Administrative Expense": 14070000.0,
        "Other Gand A": 14070000.0,
        "Total Revenue": 31457000.0,
        "Operating Revenue": 31457000.0,
        "Loss Adjustment Expense": 6805000.0,
        "Net Policyholder Benefits And Claims": 6805000.0
    }
}