{
    "2023-04-30": {
        "Tax Effect Of Unusual Items": -400960.530621,
        "Tax Rate For Calcs": 0.284168,
        "Normalized EBITDA": 92405000.0,
        "Total Unusual Items": -1411000.0,
        "Total Unusual Items Excluding Goodwill": -1411000.0,
        "Net Income From Continuing Operation Net Minority Interest": 47494000.0,
        "Reconciled Depreciation": 17976000.0,
        "Reconciled Cost Of Revenue": 88597000.0,
        "EBITDA": 90994000.0,
        "EBIT": 73018000.0,
        "Net Interest Income": -5776000.0,
        "Interest Expense": 5776000.0,
        "Normalized Income": 48504039.469379,
        "Net Income From Continuing And Discontinued Operation": 47494000.0,
        "Total Expenses": 664132000.0,
        "Total Operating Income As Reported": 72581000.0,
        "Diluted Average Shares": 51234000.0,
        "Basic Average Shares": 51009000.0,
        "Diluted EPS": 0.91,
        "Basic EPS": 0.91,
        "Diluted NI Availto Com Stockholders": 46431000.0,
        "Average Dilution Earnings": 10000.0,
        "Net Income Common Stockholders": 46421000.0,
        "Otherunder Preferred Stock Dividend": 1073000.0,
        "Net Income": 47494000.0,
        "Minority Interests": -640000.0,
        "Net Income Including Noncontrolling Interests": 48134000.0,
        "Net Income Continuous Operations": 48134000.0,
        "Tax Provision": 19108000.0,
        "Pretax Income": 67242000.0,
        "Other Income Expense": -974000.0,
        "Other Non Operating Income Expenses": 437000.0,
        "Special Income Charges": -1411000.0,
        "Restructuring And Mergern Acquisition": 1411000.0,
        "Net Non Operating Interest Income Expense": -5776000.0,
        "Interest Expense Non Operating": 5776000.0,
        "Operating Income": 73992000.0,
        "Operating Expense": 575535000.0,
        "Depreciation Amortization Depletion Income Statement": 17976000.0,
        "Depreciation And Amortization In Income Statement": 17976000.0,
        "Selling General And Administration": 557559000.0,
        "General And Administrative Expense": 557559000.0,
        "Other Gand A": 66130000.0,
        "Salaries And Wages": 491429000.0,
        "Gross Profit": 649527000.0,
        "Cost Of Revenue": 88597000.0,
        "Total Revenue": 738124000.0,
        "Operating Revenue": 730874000.0
    },
    "2023-01-31": {
        "Tax Effect Of Unusual Items": -8644020.0,
        "Tax Rate For Calcs": 0.21,
        "Normalized EBITDA": 83809000.0,
        "Total Unusual Items": -41162000.0,
        "Total Unusual Items Excluding Goodwill": -41162000.0,
        "Net Income From Continuing Operation Net Minority Interest": 11247000.0,
        "Reconciled Depreciation": 17037000.0,
        "Reconciled Cost Of Revenue": 63966000.0,
        "EBITDA": 42647000.0,
        "EBIT": 25610000.0,
        "Net Interest Income": -5378000.0,
        "Interest Expense": 5378000.0,
        "Normalized Income": 43764980.0,
        "Net Income From Continuing And Discontinued Operation": 11247000.0,
        "Total Expenses": 633170000.0,
        "Total Operating Income As Reported": 12513000.0,
        "Diluted Average Shares": 51431000.0,
        "Basic Average Shares": 51278000.0,
        "Diluted EPS": 0.21,
        "Basic EPS": 0.21,
        "Diluted NI Availto Com Stockholders": 10998000.0,
        "Average Dilution Earnings": 0.0,
        "Net Income Common Stockholders": 10998000.0,
        "Otherunder Preferred Stock Dividend": 249000.0,
        "Net Income": 11247000.0,
        "Minority Interests": -522000.0,
        "Net Income Including Noncontrolling Interests": 11769000.0,
        "Net Income Continuous Operations": 11769000.0,
        "Tax Provision": 8463000.0,
        "Pretax Income": 20232000.0,
        "Other Income Expense": -28065000.0,
        "Other Non Operating Income Expenses": 13097000.0,
        "Special Income Charges": -41162000.0,
        "Restructuring And Mergern Acquisition": 41162000.0,
        "Net Non Operating Interest Income Expense": -5378000.0,
        "Interest Expense Non Operating": 5378000.0,
        "Operating Income": 53675000.0,
        "Operating Expense": 569204000.0,
        "Depreciation Amortization Depletion Income Statement": 17037000.0,
        "Depreciation And Amortization In Income Statement": 17037000.0,
        "Selling General And Administration": 552167000.0,
        "General And Administrative Expense": 552167000.0,
        "Other Gand A": 72785000.0,
        "Salaries And Wages": 479382000.0,
        "Gross Profit": 622879000.0,
        "Cost Of Revenue": 63966000.0,
        "Total Revenue": 686845000.0,
        "Operating Revenue": 680782000.0
    },
    "2022-10-31": {
        "Tax Effect Of Unusual Items": 0.0,
        "Tax Rate For Calcs": 0.279,
        "Normalized EBITDA": 127692000.0,
        "Total Unusual Items": 0.0,
        "Total Unusual Items Excluding Goodwill": 0.0,
        "Net Income From Continuing Operation Net Minority Interest": 73541000.0,
        "Reconciled Depreciation": 17093000.0,
        "Reconciled Cost Of Revenue": 69127000.0,
        "EBITDA": 127692000.0,
        "EBIT": 110599000.0,
        "Net Interest Income": -7098000.0,
        "Interest Expense": 7098000.0,
        "Normalized Income": 73541000.0,
        "Net Income From Continuing And Discontinued Operation": 73541000.0,
        "Total Expenses": 616072000.0,
        "Total Operating Income As Reported": 119647000.0,
        "Diluted Average Shares": 52005000.0,
        "Basic Average Shares": 51868000.0,
        "Diluted EPS": 1.38,
        "Basic EPS": 1.39,
        "Diluted NI Availto Com Stockholders": 71930000.0,
        "Average Dilution Earnings": 4000.0,
        "Net Income Common Stockholders": 71926000.0,
        "Otherunder Preferred Stock Dividend": 1615000.0,
        "Net Income": 73541000.0,
        "Minority Interests": -1074000.0,
        "Net Income Including Noncontrolling Interests": 74615000.0,
        "Net Income Continuous Operations": 74615000.0,
        "Tax Provision": 28886000.0,
        "Pretax Income": 103501000.0,
        "Other Income Expense": -9048000.0,
        "Other Non Operating Income Expenses": -9048000.0,
        "Special Income Charges": 0.0,
        "Restructuring And Mergern Acquisition": 0.0,
        "Net Non Operating Interest Income Expense": -7098000.0,
        "Interest Expense Non Operating": 7098000.0,
        "Operating Income": 119647000.0,
        "Operating Expense": 546945000.0,
        "Depreciation Amortization Depletion Income Statement": 17093000.0,
        "Depreciation And Amortization In Income Statement": 17093000.0,
        "Selling General And Administration": 529852000.0,
        "General And Administrative Expense": 529852000.0,
        "Other Gand A": 65086000.0,
        "Salaries And Wages": 464766000.0,
        "Gross Profit": 666592000.0,
        "Cost Of Revenue": 69127000.0,
        "Total Revenue": 735719000.0,
        "Operating Revenue": 727849000.0
    },
    "2022-07-31": {
        "Tax Effect Of Unusual Items": 0.0,
        "Tax Rate For Calcs": 0.250339,
        "Normalized EBITDA": 128603000.0,
        "Total Unusual Items": NaN,
        "Total Unusual Items Excluding Goodwill": NaN,
        "Net Income From Continuing Operation Net Minority Interest": 77247000.0,
        "Reconciled Depreciation": 16229000.0,
        "Reconciled Cost Of Revenue": 45237000.0,
        "EBITDA": 128603000.0,
        "EBIT": 112374000.0,
        "Net Interest Income": -7612000.0,
        "Interest Expense": 7612000.0,
        "Normalized Income": 77247000.0,
        "Net Income From Continuing And Discontinued Operation": 77247000.0,
        "Total Expenses": 591549000.0,
        "Total Operating Income As Reported": 111599000.0,
        "Diluted Average Shares": 52106000.0,
        "Basic Average Shares": 51771000.0,
        "Diluted EPS": 1.45,
        "Basic EPS": 1.46,
        "Diluted NI Availto Com Stockholders": 77247000.0,
        "Average Dilution Earnings": 9000.0,
        "Net Income Common Stockholders": 77247000.0,
        "Otherunder Preferred Stock Dividend": 1645000.0,
        "Net Income": 77247000.0,
        "Minority Interests": -1289000.0,
        "Net Income Including Noncontrolling Interests": 78536000.0,
        "Net Income Continuous Operations": 78536000.0,
        "Tax Provision": 26226000.0,
        "Pretax Income": 104762000.0,
        "Other Income Expense": 775000.0,
        "Other Non Operating Income Expenses": 775000.0,
        "Special Income Charges": NaN,
        "Restructuring And Mergern Acquisition": NaN,
        "Net Non Operating Interest Income Expense": -7612000.0,
        "Interest Expense Non Operating": 7612000.0,
        "Operating Income": 111599000.0,
        "Operating Expense": 546312000.0,
        "Depreciation Amortization Depletion Income Statement": 16229000.0,
        "Depreciation And Amortization In Income Statement": 16229000.0,
        "Selling General And Administration": 530083000.0,
        "General And Administrative Expense": 530083000.0,
        "Other Gand A": 64457000.0,
        "Salaries And Wages": 465626000.0,
        "Gross Profit": 657911000.0,
        "Cost Of Revenue": 45237000.0,
        "Total Revenue": 703148000.0,
        "Operating Revenue": 695903000.0
    },
    "2022-04-30": {
        "Diluted EPS": 1.69,
        "Total Revenue": 727,
        "Gross Profit": 217,
        "Operating Income": 139,
        "EBIT": 155,
        "Net Income": 90
    },
    "2022-01-31": {
        "Diluted EPS": 1.54,
        "Total Revenue": 685,
        "Gross Profit": 203,
        "Operating Income": 126,
        "EBIT": 142,
        "Net Income": 82
    },
    "2021-10-31": {
        "Diluted EPS": 1.38,
        "Total Revenue": 643,
        "Gross Profit": 183,
        "Operating Income": 104,
        "EBIT": 119,
        "Net Income": 74
    },
    "2021-07-31": {
        "Diluted EPS": 1.37,
        "Total Revenue": 588,
        "Gross Profit": 167,
        "Operating Income": 101,
        "EBIT": 117,
        "Net Income": 73
    },
    "2021-04-30": {
        "Diluted EPS": 1.22,
        "Total Revenue": 557,
        "Gross Profit": 153,
        "Operating Income": 86,
        "EBIT": 102,
        "Net Income": 65
    },
    "2021-01-31": {
        "Diluted EPS": 0.94,
        "Total Revenue": 478,
        "Gross Profit": 129,
        "Operating Income": 65,
        "EBIT": 81,
        "Net Income": 50
    },
    "2020-10-31": {
        "Diluted EPS": 0.51,
        "Total Revenue": 438,
        "Gross Profit": 112,
        "Operating Income": 48,
        "EBIT": 63,
        "Net Income": 28
    },
    "2020-07-31": {
        "Diluted EPS": -0.58,
        "Total Revenue": 347,
        "Gross Profit": 46,
        "Operating Income": -44,
        "EBIT": -29,
        "Net Income": -31
    },
    "2020-04-30": {
        "Diluted EPS": 0.01,
        "Total Revenue": 449,
        "Gross Profit": 137,
        "Operating Income": 22,
        "EBIT": 37,
        "Net Income": -1
    },
    "2020-01-31": {
        "Diluted EPS": 0.36,
        "Total Revenue": 528,
        "Gross Profit": 136,
        "Operating Income": 32,
        "EBIT": 46,
        "Net Income": 20
    },
    "2019-10-31": {
        "Diluted EPS": 0.77,
        "Total Revenue": 504,
        "Gross Profit": 137,
        "Operating Income": 62,
        "EBIT": 75,
        "Net Income": 42
    },
    "2019-07-31": {
        "Diluted EPS": 0.76,
        "Total Revenue": 496,
        "Gross Profit": 139,
        "Operating Income": 60,
        "EBIT": 73,
        "Net Income": 43
    },
    "2019-04-30": {
        "Diluted EPS": 0.9,
        "Total Revenue": 503,
        "Gross Profit": 139,
        "Operating Income": 62,
        "EBIT": 74,
        "Net Income": 49
    },
    "2019-01-31": {
        "Diluted EPS": 0.8,
        "Total Revenue": 486,
        "Gross Profit": 136,
        "Operating Income": 63,
        "EBIT": 74,
        "Net Income": 45
    },
    "2018-10-31": {
        "Diluted EPS": 0.81,
        "Total Revenue": 507,
        "Gross Profit": 140,
        "Operating Income": 71,
        "EBIT": 82,
        "Net Income": 46
    },
    "2018-07-31": {
        "Diluted EPS": -0.7,
        "Total Revenue": 478,
        "Gross Profit": 125,
        "Operating Income": -55,
        "EBIT": -43,
        "Net Income": -39
    },
    "2018-04-30": {
        "Diluted EPS": 0.72,
        "Total Revenue": 488,
        "Gross Profit": 138,
        "Operating Income": 64,
        "EBIT": 76,
        "Net Income": 40
    },
    "2018-01-31": {
        "Diluted EPS": 0.48,
        "Total Revenue": 461,
        "Gross Profit": 121,
        "Operating Income": 50,
        "EBIT": 62,
        "Net Income": 27
    },
    "2017-10-31": {
        "Diluted EPS": 0.64,
        "Total Revenue": 455,
        "Gross Profit": 123,
        "Operating Income": 52,
        "EBIT": 65,
        "Net Income": 36
    },
    "2017-07-31": {
        "Diluted EPS": 0.51,
        "Total Revenue": 415,
        "Gross Profit": 113,
        "Operating Income": 42,
        "EBIT": 54,
        "Net Income": 29
    },
    "2017-04-30": {
        "Diluted EPS": 0.47,
        "Total Revenue": 420,
        "Gross Profit": 117,
        "Operating Income": 39,
        "EBIT": 51,
        "Net Income": 26
    },
    "2017-01-31": {
        "Diluted EPS": 0.42,
        "Total Revenue": 394,
        "Gross Profit": 103,
        "Operating Income": 31,
        "EBIT": 42,
        "Net Income": 24
    },
    "2016-10-31": {
        "Diluted EPS": 0.52,
        "Total Revenue": 415,
        "Gross Profit": 112,
        "Operating Income": 47,
        "EBIT": 58,
        "Net Income": 30
    },
    "2016-07-31": {
        "Diluted EPS": 0.06,
        "Total Revenue": 393,
        "Gross Profit": 96,
        "Operating Income": 5,
        "EBIT": 16,
        "Net Income": 3
    },
    "2016-04-30": {
        "Diluted EPS": 0.07,
        "Total Revenue": 417,
        "Gross Profit": 92,
        "Operating Income": 5,
        "EBIT": 16,
        "Net Income": 6
    },
    "2016-01-31": {
        "Diluted EPS": -0.3,
        "Total Revenue": 359,
        "Gross Profit": 84,
        "Operating Income": -14,
        "EBIT": -4,
        "Net Income": -16
    },
    "2015-10-31": {
        "Diluted EPS": 0.35,
        "Total Revenue": 291,
        "Gross Profit": 81,
        "Operating Income": 29,
        "EBIT": 36,
        "Net Income": 18
    },
    "2015-07-31": {
        "Diluted EPS": 0.46,
        "Total Revenue": 279,
        "Gross Profit": 78,
        "Operating Income": 33,
        "EBIT": 40,
        "Net Income": 23
    },
    "2015-04-30": {
        "Diluted EPS": 0.5,
        "Total Revenue": 282,
        "Gross Profit": 77,
        "Operating Income": 28,
        "EBIT": 35,
        "Net Income": 25
    },
    "2015-01-31": {
        "Diluted EPS": 0.46,
        "Total Revenue": 259,
        "Gross Profit": 76,
        "Operating Income": 33,
        "EBIT": 40,
        "Net Income": 23
    },
    "2014-10-31": {
        "Diluted EPS": 0.51,
        "Total Revenue": 265,
        "Gross Profit": 71,
        "Operating Income": 34,
        "EBIT": 41,
        "Net Income": 25
    },
    "2014-07-31": {
        "Diluted EPS": 0.29,
        "Total Revenue": 260,
        "Gross Profit": 73,
        "Operating Income": 19,
        "EBIT": 25,
        "Net Income": 15
    },
    "2014-04-30": {
        "Diluted EPS": 0.43,
        "Total Revenue": 261,
        "Gross Profit": 71,
        "Operating Income": 24,
        "EBIT": 32,
        "Net Income": 21
    },
    "2014-01-31": {
        "Diluted EPS": 0.43,
        "Total Revenue": 251,
        "Gross Profit": 71,
        "Operating Income": 27,
        "EBIT": 34,
        "Net Income": 21
    },
    "2013-10-31": {
        "Diluted EPS": 0.38,
        "Total Revenue": 246,
        "Gross Profit": 66,
        "Operating Income": 23,
        "EBIT": 30,
        "Net Income": 19
    },
    "2013-07-31": {
        "Diluted EPS": 0.24,
        "Total Revenue": 238,
        "Gross Profit": 66,
        "Operating Income": 17,
        "EBIT": 23,
        "Net Income": 11
    },
    "2013-04-30": {
        "Diluted EPS": 0.25,
        "Total Revenue": 239,
        "Gross Profit": 64,
        "Operating Income": 15,
        "EBIT": 21,
        "Net Income": 12
    },
    "2013-01-31": {
        "Diluted EPS": 0.2,
        "Total Revenue": 210,
        "Gross Profit": 54,
        "Operating Income": 9,
        "EBIT": 14,
        "Net Income": 9
    },
    "2012-10-31": {
        "Diluted EPS": 0.03,
        "Total Revenue": 205,
        "Gross Profit": 56,
        "Operating Income": 3,
        "EBIT": 7,
        "Net Income": 1
    },
    "2012-07-31": {
        "Diluted EPS": 0.22,
        "Total Revenue": 196,
        "Gross Profit": 54,
        "Operating Income": 17,
        "EBIT": 21,
        "Net Income": 10
    },
    "2012-04-30": {
        "Diluted EPS": 0.25,
        "Total Revenue": 208,
        "Gross Profit": 54,
        "Operating Income": 15,
        "EBIT": 19,
        "Net Income": 12
    },
    "2012-01-31": {
        "Diluted EPS": 0.25,
        "Total Revenue": 195,
        "Gross Profit": 56,
        "Operating Income": 16,
        "EBIT": 20,
        "Net Income": 12
    },
    "2011-10-31": {
        "Diluted EPS": 0.32,
        "Total Revenue": 210,
        "Gross Profit": 63,
        "Operating Income": 25,
        "EBIT": 29,
        "Net Income": 15
    },
    "2011-07-31": {
        "Diluted EPS": 0.33,
        "Total Revenue": 215,
        "Gross Profit": 64,
        "Operating Income": 26,
        "EBIT": 29,
        "Net Income": 15
    },
    "2011-04-30": {
        "Diluted EPS": 0.43,
        "Total Revenue": 206,
        "Gross Profit": 59,
        "Operating Income": 26,
        "EBIT": 30,
        "Net Income": 20
    },
    "2011-01-31": {
        "Diluted EPS": 0.3,
        "Total Revenue": 194,
        "Gross Profit": 55,
        "Operating Income": 20,
        "EBIT": 24,
        "Net Income": 14
    },
    "2010-10-31": {
        "Diluted EPS": 0.3,
        "Total Revenue": 193,
        "Gross Profit": 52,
        "Operating Income": 20,
        "EBIT": 23,
        "Net Income": 14
    },
    "2010-07-31": {
        "Diluted EPS": 0.24,
        "Total Revenue": 183,
        "Gross Profit": 51,
        "Operating Income": 19,
        "EBIT": 22,
        "Net Income": 11
    },
    "2010-04-30": {
        "Diluted EPS": 0.22,
        "Total Revenue": 177,
        "Gross Profit": 45,
        "Operating Income": 14,
        "EBIT": 17,
        "Net Income": 9
    },
    "2010-01-31": {
        "Diluted EPS": 0.17,
        "Total Revenue": 153,
        "Gross Profit": 40,
        "Operating Income": 6,
        "EBIT": 9,
        "Net Income": 8
    },
    "2009-10-31": {
        "Diluted EPS": 0.06,
        "Total Revenue": 147,
        "Gross Profit": 35,
        "Operating Income": 2,
        "EBIT": 5,
        "Net Income": 3
    },
    "2009-07-31": {
        "Diluted EPS": -0.33,
        "Total Revenue": 123,
        "Gross Profit": 24,
        "Operating Income": -25,
        "EBIT": -22,
        "Net Income": -14
    },
    "2009-04-30": {
        "Diluted EPS": -0.37,
        "Total Revenue": 114,
        "Gross Profit": 27,
        "Operating Income": -30,
        "EBIT": -27,
        "Net Income": -17
    },
    "2009-01-31": {
        "Diluted EPS": -0.52,
        "Total Revenue": 144,
        "Gross Profit": 39,
        "Operating Income": -11,
        "EBIT": -8,
        "Net Income": -22
    },
    "2023-07-31": {
        "Tax Effect Of Unusual Items": -118301.0,
        "Tax Rate For Calcs": 0.281,
        "Normalized EBITDA": 89778000.0,
        "Total Unusual Items": -421000.0,
        "Total Unusual Items Excluding Goodwill": -421000.0,
        "Net Income From Continuing Operation Net Minority Interest": 46605000.0,
        "Reconciled Depreciation": 19012000.0,
        "Reconciled Cost Of Revenue": 84263000.0,
        "EBITDA": 89357000.0,
        "EBIT": 70345000.0,
        "Net Interest Income": -4740000.0,
        "Interest Expense": 4740000.0,
        "Normalized Income": 46907699.0,
        "Net Income From Continuing And Discontinued Operation": 46605000.0,
        "Total Expenses": 649073000.0,
        "Total Operating Income As Reported": 56768000.0,
        "Diluted Average Shares": 51082000.0,
        "Basic Average Shares": 50934000.0,
        "Diluted EPS": 0.89,
        "Basic EPS": 0.89,
        "Diluted NI Availto Com Stockholders": 45586000.0,
        "Average Dilution Earnings": 2000.0,
        "Net Income Common Stockholders": 45584000.0,
        "Otherunder Preferred Stock Dividend": 1021000.0,
        "Net Income": 46605000.0,
        "Minority Interests": -580000.0,
        "Net Income Including Noncontrolling Interests": 47185000.0,
        "Net Income Continuous Operations": 47185000.0,
        "Tax Provision": 18420000.0,
        "Pretax Income": 65605000.0,
        "Other Income Expense": 13156000.0,
        "Other Non Operating Income Expenses": 13577000.0,
        "Special Income Charges": -421000.0,
        "Restructuring And Mergern Acquisition": 421000.0,
        "Net Non Operating Interest Income Expense": -4740000.0,
        "Interest Expense Non Operating": 4740000.0,
        "Operating Income": 57189000.0,
        "Operating Expense": 564810000.0,
        "Depreciation Amortization Depletion Income Statement": 19012000.0,
        "Depreciation And Amortization In Income Statement": 19012000.0,
        "Selling General And Administration": 545798000.0,
        "General And Administrative Expense": 545798000.0,
        "Other Gand A": 65917000.0,
        "Salaries And Wages": 479881000.0,
        "Gross Profit": 621999000.0,
        "Cost Of Revenue": 84263000.0,
        "Total Revenue": 706262000.0,
        "Operating Revenue": 699189000.0
    },
    "2023-10-31": {
        "Tax Effect Of Unusual Items": NaN,
        "Tax Rate For Calcs": NaN,
        "Normalized EBITDA": NaN,
        "Total Unusual Items": NaN,
        "Total Unusual Items Excluding Goodwill": NaN,
        "Net Income From Continuing Operation Net Minority Interest": NaN,
        "Reconciled Depreciation": NaN,
        "Reconciled Cost Of Revenue": NaN,
        "EBITDA": NaN,
        "EBIT": NaN,
        "Net Interest Income": NaN,
        "Interest Expense": NaN,
        "Normalized Income": NaN,
        "Net Income From Continuing And Discontinued Operation": NaN,
        "Total Expenses": NaN,
        "Total Operating Income As Reported": NaN,
        "Diluted Average Shares": NaN,
        "Basic Average Shares": NaN,
        "Diluted EPS": NaN,
        "Basic EPS": NaN,
        "Diluted NI Availto Com Stockholders": NaN,
        "Average Dilution Earnings": NaN,
        "Net Income Common Stockholders": NaN,
        "Otherunder Preferred Stock Dividend": NaN,
        "Net Income": NaN,
        "Minority Interests": NaN,
        "Net Income Including Noncontrolling Interests": NaN,
        "Net Income Continuous Operations": NaN,
        "Tax Provision": NaN,
        "Pretax Income": NaN,
        "Other Income Expense": NaN,
        "Other Non Operating Income Expenses": NaN,
        "Special Income Charges": NaN,
        "Restructuring And Mergern Acquisition": NaN,
        "Net Non Operating Interest Income Expense": NaN,
        "Interest Expense Non Operating": NaN,
        "Operating Income": NaN,
        "Operating Expense": NaN,
        "Depreciation Amortization Depletion Income Statement": NaN,
        "Depreciation And Amortization In Income Statement": NaN,
        "Selling General And Administration": NaN,
        "General And Administrative Expense": NaN,
        "Other Gand A": NaN,
        "Salaries And Wages": 453859000.0,
        "Gross Profit": NaN,
        "Cost Of Revenue": NaN,
        "Total Revenue": NaN,
        "Operating Revenue": NaN
    },
    "2024-01-31": {
        "Tax Effect Of Unusual Items": NaN,
        "Tax Rate For Calcs": NaN,
        "Normalized EBITDA": NaN,
        "Total Unusual Items": NaN,
        "Total Unusual Items Excluding Goodwill": NaN,
        "Net Income From Continuing Operation Net Minority Interest": NaN,
        "Reconciled Depreciation": NaN,
        "Reconciled Cost Of Revenue": NaN,
        "EBITDA": NaN,
        "EBIT": NaN,
        "Net Interest Income": NaN,
        "Interest Expense": NaN,
        "Normalized Income": NaN,
        "Net Income From Continuing And Discontinued Operation": NaN,
        "Total Expenses": NaN,
        "Total Operating Income As Reported": NaN,
        "Diluted Average Shares": 51343000.0,
        "Basic Average Shares": 51126000.0,
        "Diluted EPS": 1.13,
        "Basic EPS": 1.14,
        "Diluted NI Availto Com Stockholders": NaN,
        "Average Dilution Earnings": NaN,
        "Net Income Common Stockholders": NaN,
        "Otherunder Preferred Stock Dividend": NaN,
        "Net Income": NaN,
        "Minority Interests": NaN,
        "Net Income Including Noncontrolling Interests": NaN,
        "Net Income Continuous Operations": NaN,
        "Tax Provision": NaN,
        "Pretax Income": NaN,
        "Other Income Expense": NaN,
        "Other Non Operating Income Expenses": NaN,
        "Special Income Charges": NaN,
        "Restructuring And Mergern Acquisition": NaN,
        "Net Non Operating Interest Income Expense": NaN,
        "Interest Expense Non Operating": NaN,
        "Operating Income": NaN,
        "Operating Expense": NaN,
        "Depreciation Amortization Depletion Income Statement": NaN,
        "Depreciation And Amortization In Income Statement": NaN,
        "Selling General And Administration": NaN,
        "General And Administrative Expense": NaN,
        "Other Gand A": NaN,
        "Salaries And Wages": NaN,
        "Gross Profit": NaN,
        "Cost Of Revenue": NaN,
        "Total Revenue": NaN,
        "Operating Revenue": NaN
    },
    "2024-04-30": {
        "Tax Effect Of Unusual Items": 0.0,
        "Tax Rate For Calcs": 0.236306,
        "Normalized EBITDA": 110491000.0,
        "Total Unusual Items": 0.0,
        "Total Unusual Items Excluding Goodwill": 0.0,
        "Net Income From Continuing Operation Net Minority Interest": 65189000.0,
        "Reconciled Depreciation": 19891000.0,
        "Reconciled Cost Of Revenue": 77622000.0,
        "EBITDA": 110491000.0,
        "EBIT": 90600000.0,
        "Net Interest Income": -4686000.0,
        "Interest Expense": 4686000.0,
        "Normalized Income": 65189000.0,
        "Net Income From Continuing And Discontinued Operation": 65189000.0,
        "Total Expenses": 616445000.0,
        "Total Operating Income As Reported": 83478000.0,
        "Diluted Average Shares": 51487000.0,
        "Basic Average Shares": 50764000.0,
        "Diluted EPS": 1.24,
        "Basic EPS": 1.26,
        "Diluted NI Availto Com Stockholders": 64062000.0,
        "Average Dilution Earnings": 11000.0,
        "Net Income Common Stockholders": 64051000.0,
        "Otherunder Preferred Stock Dividend": 1138000.0,
        "Net Income": 65189000.0,
        "Minority Interests": -423000.0,
        "Net Income Including Noncontrolling Interests": 65612000.0,
        "Net Income Continuous Operations": 65612000.0,
        "Tax Provision": 20302000.0,
        "Pretax Income": 85914000.0,
        "Other Income Expense": 7122000.0,
        "Other Non Operating Income Expenses": 7122000.0,
        "Special Income Charges": 0.0,
        "Restructuring And Mergern Acquisition": 0.0,
        "Net Non Operating Interest Income Expense": -4686000.0,
        "Interest Expense Non Operating": 4686000.0,
        "Operating Income": 83478000.0,
        "Operating Expense": 538823000.0,
        "Depreciation Amortization Depletion Income Statement": 19891000.0,
        "Depreciation And Amortization In Income Statement": 19891000.0,
        "Selling General And Administration": 518932000.0,
        "General And Administrative Expense": 518932000.0,
        "Other Gand A": 64724000.0,
        "Salaries And Wages": 454208000.0,
        "Gross Profit": 622301000.0,
        "Cost Of Revenue": 77622000.0,
        "Total Revenue": 699923000.0,
        "Operating Revenue": 690800000.0
    },
    "2024-07-31": {
        "Tax Effect Of Unusual Items": 0.0,
        "Tax Rate For Calcs": 0.258,
        "Normalized EBITDA": 110133000.0,
        "Total Unusual Items": 0.0,
        "Total Unusual Items Excluding Goodwill": 0.0,
        "Net Income From Continuing Operation Net Minority Interest": 62604000.0,
        "Reconciled Depreciation": 19578000.0,
        "Reconciled Cost Of Revenue": 75359000.0,
        "EBITDA": 110133000.0,
        "EBIT": 90555000.0,
        "Net Interest Income": -3945000.0,
        "Interest Expense": 3945000.0,
        "Normalized Income": 62604000.0,
        "Net Income From Continuing And Discontinued Operation": 62604000.0,
        "Total Expenses": 606711000.0,
        "Total Operating Income As Reported": 76050000.0,
        "Diluted Average Shares": 52745000.0,
        "Basic Average Shares": 51950000.0,
        "Diluted EPS": 1.17,
        "Basic EPS": 1.19,
        "Diluted NI Availto Com Stockholders": 61608000.0,
        "Average Dilution Earnings": 10000.0,
        "Net Income Common Stockholders": 61598000.0,
        "Otherunder Preferred Stock Dividend": 1006000.0,
        "Net Income": 62604000.0,
        "Minority Interests": -1652000.0,
        "Net Income Including Noncontrolling Interests": 64256000.0,
        "Net Income Continuous Operations": 64256000.0,
        "Tax Provision": 22354000.0,
        "Pretax Income": 86610000.0,
        "Other Income Expense": 14505000.0,
        "Other Non Operating Income Expenses": 14505000.0,
        "Special Income Charges": 0.0,
        "Restructuring And Mergern Acquisition": 0.0,
        "Net Non Operating Interest Income Expense": -3945000.0,
        "Interest Expense Non Operating": 3945000.0,
        "Operating Income": 76050000.0,
        "Operating Expense": 531352000.0,
        "Depreciation Amortization Depletion Income Statement": 19578000.0,
        "Depreciation And Amortization In Income Statement": 19578000.0,
        "Selling General And Administration": 511774000.0,
        "General And Administrative Expense": 511774000.0,
        "Other Gand A": 59999000.0,
        "Salaries And Wages": 451775000.0,
        "Gross Profit": 607402000.0,
        "Cost Of Revenue": 75359000.0,
        "Total Revenue": 682761000.0,
        "Operating Revenue": 674946000.0
    },
    "2024-10-31": {
        "Tax Effect Of Unusual Items": -164160.0,
        "Tax Rate For Calcs": 0.285,
        "Normalized EBITDA": 113131000.0,
        "Total Unusual Items": -576000.0,
        "Total Unusual Items Excluding Goodwill": -576000.0,
        "Net Income From Continuing Operation Net Minority Interest": 60800000.0,
        "Reconciled Depreciation": 19688000.0,
        "Reconciled Cost Of Revenue": 72252000.0,
        "EBITDA": 112555000.0,
        "EBIT": 92867000.0,
        "Net Interest Income": -5626000.0,
        "Interest Expense": 5626000.0,
        "Normalized Income": 61211840.0,
        "Net Income From Continuing And Discontinued Operation": 60800000.0,
        "Total Expenses": 593908000.0,
        "Total Operating Income As Reported": 87476000.0,
        "Diluted Average Shares": 52750000.0,
        "Basic Average Shares": 51957000.0,
        "Diluted EPS": 1.14,
        "Basic EPS": 1.16,
        "Diluted NI Availto Com Stockholders": 60042000.0,
        "Average Dilution Earnings": 8000.0,
        "Net Income Common Stockholders": 60034000.0,
        "Otherunder Preferred Stock Dividend": 766000.0,
        "Net Income": 60800000.0,
        "Minority Interests": -1543000.0,
        "Net Income Including Noncontrolling Interests": 62343000.0,
        "Net Income Continuous Operations": 62343000.0,
        "Tax Provision": 24898000.0,
        "Pretax Income": 87241000.0,
        "Other Income Expense": 4815000.0,
        "Other Non Operating Income Expenses": 5391000.0,
        "Special Income Charges": -576000.0,
        "Restructuring And Mergern Acquisition": 576000.0,
        "Net Non Operating Interest Income Expense": -5626000.0,
        "Interest Expense Non Operating": 5626000.0,
        "Operating Income": 88052000.0,
        "Operating Expense": 521656000.0,
        "Depreciation Amortization Depletion Income Statement": 19688000.0,
        "Depreciation And Amortization In Income Statement": 19688000.0,
        "Selling General And Administration": 501968000.0,
        "General And Administrative Expense": 501968000.0,
        "Other Gand A": 64541000.0,
        "Salaries And Wages": 437427000.0,
        "Gross Profit": 609708000.0,
        "Cost Of Revenue": 72252000.0,
        "Total Revenue": 681960000.0,
        "Operating Revenue": 674365000.0
    },
    "2025-01-31": {
        "Tax Effect Of Unusual Items": -365848.0,
        "Tax Rate For Calcs": 0.278,
        "Normalized EBITDA": 109401000.0,
        "Total Unusual Items": -1316000.0,
        "Total Unusual Items Excluding Goodwill": -1316000.0,
        "Net Income From Continuing Operation Net Minority Interest": 58414000.0,
        "Reconciled Depreciation": 20490000.0,
        "Reconciled Cost Of Revenue": 85856000.0,
        "EBITDA": 108085000.0,
        "EBIT": 87595000.0,
        "Net Interest Income": -5461000.0,
        "Interest Expense": 5461000.0,
        "Normalized Income": 59364152.0,
        "Net Income From Continuing And Discontinued Operation": 58414000.0,
        "Total Expenses": 596990000.0,
        "Total Operating Income As Reported": 78232000.0,
        "Diluted Average Shares": 52364000.0,
        "Basic Average Shares": 51606000.0,
        "Diluted EPS": 1.1,
        "Basic EPS": 1.12,
        "Diluted NI Availto Com Stockholders": 57700000.0,
        "Average Dilution Earnings": 7000.0,
        "Net Income Common Stockholders": 57693000.0,
        "Otherunder Preferred Stock Dividend": 721000.0,
        "Net Income": 58414000.0,
        "Minority Interests": -925000.0,
        "Net Income Including Noncontrolling Interests": 59339000.0,
        "Net Income Continuous Operations": 59339000.0,
        "Tax Provision": 22795000.0,
        "Pretax Income": 82134000.0,
        "Other Income Expense": 8047000.0,
        "Other Non Operating Income Expenses": 9363000.0,
        "Special Income Charges": -1316000.0,
        "Restructuring And Mergern Acquisition": 1316000.0,
        "Net Non Operating Interest Income Expense": -5461000.0,
        "Interest Expense Non Operating": 5461000.0,
        "Operating Income": 79548000.0,
        "Operating Expense": 511134000.0,
        "Depreciation Amortization Depletion Income Statement": 20490000.0,
        "Depreciation And Amortization In Income Statement": 20490000.0,
        "Selling General And Administration": 490644000.0,
        "General And Administrative Expense": 490644000.0,
        "Other Gand A": 65325000.0,
        "Salaries And Wages": 425319000.0,
        "Gross Profit": 590682000.0,
        "Cost Of Revenue": 85856000.0,
        "Total Revenue": 676538000.0,
        "Operating Revenue": 668729000.0
    },
    "2025-04-30": {
        "Tax Effect Of Unusual Items": 0.0,
        "Tax Rate For Calcs": 0.267512,
        "Normalized EBITDA": 114789000.0,
        "Total Unusual Items": 0.0,
        "Total Unusual Items Excluding Goodwill": 0.0,
        "Net Income From Continuing Operation Net Minority Interest": 64244000.0,
        "Reconciled Depreciation": 20531000.0,
        "Reconciled Cost Of Revenue": 82606000.0,
        "EBITDA": 114789000.0,
        "EBIT": 94258000.0,
        "Net Interest Income": -5331000.0,
        "Interest Expense": 5331000.0,
        "Normalized Income": 64244000.0,
        "Net Income From Continuing And Discontinued Operation": 64244000.0,
        "Total Expenses": 615263000.0,
        "Total Operating Income As Reported": 104564000.0,
        "Diluted Average Shares": NaN,
        "Basic Average Shares": NaN,
        "Diluted EPS": NaN,
        "Basic EPS": NaN,
        "Diluted NI Availto Com Stockholders": 63518000.0,
        "Average Dilution Earnings": 12000.0,
        "Net Income Common Stockholders": 63506000.0,
        "Otherunder Preferred Stock Dividend": 738000.0,
        "Net Income": 64244000.0,
        "Minority Interests": -894000.0,
        "Net Income Including Noncontrolling Interests": 65138000.0,
        "Net Income Continuous Operations": 65138000.0,
        "Tax Provision": 23789000.0,
        "Pretax Income": 88927000.0,
        "Other Income Expense": -10306000.0,
        "Other Non Operating Income Expenses": -10306000.0,
        "Special Income Charges": 0.0,
        "Restructuring And Mergern Acquisition": 0.0,
        "Net Non Operating Interest Income Expense": -5331000.0,
        "Interest Expense Non Operating": 5331000.0,
        "Operating Income": 104564000.0,
        "Operating Expense": 532657000.0,
        "Depreciation Amortization Depletion Income Statement": 20531000.0,
        "Depreciation And Amortization In Income Statement": 20531000.0,
        "Selling General And Administration": 512126000.0,
        "General And Administrative Expense": 512126000.0,
        "Other Gand A": 68623000.0,
        "Salaries And Wages": 443503000.0,
        "Gross Profit": 637221000.0,
        "Cost Of Revenue": 82606000.0,
        "Total Revenue": 719827000.0,
        "Operating Revenue": 712048000.0
    }
}