{
    "2023-03-31": {
        "Tax Effect Of Unusual Items": NaN,
        "Tax Rate For Calcs": NaN,
        "Normalized EBITDA": NaN,
        "Total Unusual Items": NaN,
        "Total Unusual Items Excluding Goodwill": NaN,
        "Net Income From Continuing Operation Net Minority Interest": NaN,
        "Reconciled Depreciation": NaN,
        "Reconciled Cost Of Revenue": NaN,
        "EBITDA": NaN,
        "EBIT": NaN,
        "Net Interest Income": NaN,
        "Interest Expense": NaN,
        "Interest Income": NaN,
        "Normalized Income": NaN,
        "Net Income From Continuing And Discontinued Operation": NaN,
        "Total Expenses": NaN,
        "Total Operating Income As Reported": NaN,
        "Diluted Average Shares": NaN,
        "Basic Average Shares": NaN,
        "Diluted EPS": NaN,
        "Basic EPS": NaN,
        "Diluted NI Availto Com Stockholders": NaN,
        "Net Income Common Stockholders": NaN,
        "Net Income": NaN,
        "Minority Interests": NaN,
        "Net Income Including Noncontrolling Interests": NaN,
        "Net Income Discontinuous Operations": 0.0,
        "Net Income Continuous Operations": NaN,
        "Tax Provision": NaN,
        "Pretax Income": NaN,
        "Other Income Expense": NaN,
        "Other Non Operating Income Expenses": NaN,
        "Special Income Charges": NaN,
        "Gain On Sale Of Ppe": NaN,
        "Gain On Sale Of Security": NaN,
        "Net Non Operating Interest Income Expense": NaN,
        "Interest Expense Non Operating": NaN,
        "Interest Income Non Operating": NaN,
        "Operating Income": NaN,
        "Operating Expense": NaN,
        "Other Operating Expenses": NaN,
        "Selling General And Administration": NaN,
        "General And Administrative Expense": NaN,
        "Other Gand A": NaN,
        "Gross Profit": NaN,
        "Cost Of Revenue": NaN,
        "Total Revenue": NaN,
        "Operating Revenue": NaN
    },
    "2022-12-31": {
        "Tax Effect Of Unusual Items": NaN,
        "Tax Rate For Calcs": NaN,
        "Normalized EBITDA": NaN,
        "Total Unusual Items": 67600000.0,
        "Total Unusual Items Excluding Goodwill": 67600000.0,
        "Net Income From Continuing Operation Net Minority Interest": NaN,
        "Reconciled Depreciation": NaN,
        "Reconciled Cost Of Revenue": NaN,
        "EBITDA": NaN,
        "EBIT": NaN,
        "Net Interest Income": NaN,
        "Interest Expense": NaN,
        "Interest Income": NaN,
        "Normalized Income": NaN,
        "Net Income From Continuing And Discontinued Operation": NaN,
        "Total Expenses": NaN,
        "Total Operating Income As Reported": NaN,
        "Diluted Average Shares": NaN,
        "Basic Average Shares": NaN,
        "Diluted EPS": NaN,
        "Basic EPS": NaN,
        "Diluted NI Availto Com Stockholders": NaN,
        "Net Income Common Stockholders": NaN,
        "Net Income": NaN,
        "Minority Interests": NaN,
        "Net Income Including Noncontrolling Interests": NaN,
        "Net Income Discontinuous Operations": 0.0,
        "Net Income Continuous Operations": NaN,
        "Tax Provision": NaN,
        "Pretax Income": NaN,
        "Other Income Expense": NaN,
        "Other Non Operating Income Expenses": -2800000.0,
        "Special Income Charges": 67700000.0,
        "Gain On Sale Of Ppe": -12100000.0,
        "Gain On Sale Of Security": NaN,
        "Net Non Operating Interest Income Expense": NaN,
        "Interest Expense Non Operating": NaN,
        "Interest Income Non Operating": NaN,
        "Operating Income": NaN,
        "Operating Expense": NaN,
        "Other Operating Expenses": NaN,
        "Selling General And Administration": NaN,
        "General And Administrative Expense": NaN,
        "Other Gand A": NaN,
        "Gross Profit": NaN,
        "Cost Of Revenue": NaN,
        "Total Revenue": NaN,
        "Operating Revenue": NaN
    },
    "2022-09-30": {
        "Tax Effect Of Unusual Items": NaN,
        "Tax Rate For Calcs": NaN,
        "Normalized EBITDA": NaN,
        "Total Unusual Items": 5600000.0,
        "Total Unusual Items Excluding Goodwill": 5600000.0,
        "Net Income From Continuing Operation Net Minority Interest": NaN,
        "Reconciled Depreciation": NaN,
        "Reconciled Cost Of Revenue": NaN,
        "EBITDA": NaN,
        "EBIT": NaN,
        "Net Interest Income": NaN,
        "Interest Expense": NaN,
        "Interest Income": NaN,
        "Normalized Income": NaN,
        "Net Income From Continuing And Discontinued Operation": NaN,
        "Total Expenses": NaN,
        "Total Operating Income As Reported": NaN,
        "Diluted Average Shares": 1312672000.0,
        "Basic Average Shares": 1299849000.0,
        "Diluted EPS": 0.05,
        "Basic EPS": 0.05,
        "Diluted NI Availto Com Stockholders": NaN,
        "Net Income Common Stockholders": NaN,
        "Net Income": NaN,
        "Minority Interests": NaN,
        "Net Income Including Noncontrolling Interests": NaN,
        "Net Income Discontinuous Operations": NaN,
        "Net Income Continuous Operations": NaN,
        "Tax Provision": NaN,
        "Pretax Income": NaN,
        "Other Income Expense": NaN,
        "Other Non Operating Income Expenses": 2000000.0,
        "Special Income Charges": -300000.0,
        "Gain On Sale Of Ppe": -300000.0,
        "Gain On Sale Of Security": 5900000.0,
        "Net Non Operating Interest Income Expense": NaN,
        "Interest Expense Non Operating": NaN,
        "Interest Income Non Operating": NaN,
        "Operating Income": NaN,
        "Operating Expense": NaN,
        "Other Operating Expenses": NaN,
        "Selling General And Administration": NaN,
        "General And Administrative Expense": NaN,
        "Other Gand A": NaN,
        "Gross Profit": NaN,
        "Cost Of Revenue": NaN,
        "Total Revenue": NaN,
        "Operating Revenue": NaN
    },
    "2022-06-30": {
        "Tax Effect Of Unusual Items": -40000.0,
        "Tax Rate For Calcs": 0.4,
        "Normalized EBITDA": 241100000.0,
        "Total Unusual Items": -100000.0,
        "Total Unusual Items Excluding Goodwill": -100000.0,
        "Net Income From Continuing Operation Net Minority Interest": -10000000.0,
        "Reconciled Depreciation": 180500000.0,
        "Reconciled Cost Of Revenue": 631300000.0,
        "EBITDA": 241000000.0,
        "EBIT": 60500000.0,
        "Net Interest Income": -15300000.0,
        "Interest Expense": 17300000.0,
        "Interest Income": 2000000.0,
        "Normalized Income": -9940000.0,
        "Net Income From Continuing And Discontinued Operation": -40300000.0,
        "Total Expenses": 763700000.0,
        "Total Operating Income As Reported": 64000000.0,
        "Diluted Average Shares": 1299224000.0,
        "Basic Average Shares": 1299224000.0,
        "Diluted EPS": -0.03,
        "Basic EPS": -0.03,
        "Diluted NI Availto Com Stockholders": -40300000.0,
        "Net Income Common Stockholders": -40300000.0,
        "Net Income": -40300000.0,
        "Minority Interests": -500000.0,
        "Net Income Including Noncontrolling Interests": -39800000.0,
        "Net Income Discontinuous Operations": -30300000.0,
        "Net Income Continuous Operations": -9500000.0,
        "Tax Provision": 52700000.0,
        "Pretax Income": 43200000.0,
        "Other Income Expense": 700000.0,
        "Other Non Operating Income Expenses": 800000.0,
        "Special Income Charges": 1600000.0,
        "Gain On Sale Of Ppe": 1600000.0,
        "Gain On Sale Of Security": -1700000.0,
        "Net Non Operating Interest Income Expense": -15300000.0,
        "Interest Expense Non Operating": 17300000.0,
        "Interest Income Non Operating": 2000000.0,
        "Operating Income": 57800000.0,
        "Operating Expense": 132400000.0,
        "Other Operating Expenses": 102400000.0,
        "Selling General And Administration": 30000000.0,
        "General And Administrative Expense": 30000000.0,
        "Other Gand A": 30000000.0,
        "Gross Profit": 190200000.0,
        "Cost Of Revenue": 631300000.0,
        "Total Revenue": 821500000.0,
        "Operating Revenue": 821500000.0
    },
    "2023-06-30": {
        "Tax Effect Of Unusual Items": NaN,
        "Tax Rate For Calcs": NaN,
        "Normalized EBITDA": NaN,
        "Total Unusual Items": -10400000.0,
        "Total Unusual Items Excluding Goodwill": -10400000.0,
        "Net Income From Continuing Operation Net Minority Interest": NaN,
        "Reconciled Depreciation": NaN,
        "Reconciled Cost Of Revenue": NaN,
        "EBITDA": NaN,
        "EBIT": NaN,
        "Net Interest Income": NaN,
        "Interest Expense": NaN,
        "Interest Income": NaN,
        "Normalized Income": NaN,
        "Net Income From Continuing And Discontinued Operation": NaN,
        "Total Expenses": NaN,
        "Total Operating Income As Reported": NaN,
        "Diluted Average Shares": 1238351000.0,
        "Basic Average Shares": 1227569000.0,
        "Diluted EPS": 0.12,
        "Basic EPS": 0.12,
        "Diluted NI Availto Com Stockholders": NaN,
        "Net Income Common Stockholders": NaN,
        "Net Income": NaN,
        "Minority Interests": NaN,
        "Net Income Including Noncontrolling Interests": NaN,
        "Net Income Discontinuous Operations": 0.0,
        "Net Income Continuous Operations": NaN,
        "Tax Provision": NaN,
        "Pretax Income": NaN,
        "Other Income Expense": NaN,
        "Other Non Operating Income Expenses": NaN,
        "Special Income Charges": -300000.0,
        "Gain On Sale Of Ppe": -300000.0,
        "Gain On Sale Of Security": -10100000.0,
        "Net Non Operating Interest Income Expense": NaN,
        "Interest Expense Non Operating": NaN,
        "Interest Income Non Operating": NaN,
        "Operating Income": NaN,
        "Operating Expense": NaN,
        "Other Operating Expenses": NaN,
        "Selling General And Administration": NaN,
        "General And Administrative Expense": NaN,
        "Other Gand A": NaN,
        "Gross Profit": NaN,
        "Cost Of Revenue": NaN,
        "Total Revenue": NaN,
        "Operating Revenue": NaN
    },
    "2022-03-31": {
        "Diluted EPS": -0.41,
        "Total Revenue": 701,
        "Gross Profit": 171,
        "Operating Income": 103,
        "EBIT": 269,
        "Net Income": -524
    },
    "2021-12-31": {
        "Diluted EPS": 0.0,
        "Total Revenue": 541,
        "Gross Profit": 1,
        "Operating Income": -136,
        "EBIT": 29,
        "Net Income": 27
    },
    "2021-09-30": {
        "Diluted EPS": -0.04,
        "Total Revenue": 582,
        "Gross Profit": 119,
        "Operating Income": -24,
        "EBIT": 150,
        "Net Income": -45
    },
    "2021-06-30": {
        "Diluted EPS": 0.09,
        "Total Revenue": 708,
        "Gross Profit": 187,
        "Operating Income": 88,
        "EBIT": 256,
        "Net Income": 89
    },
    "2021-03-31": {
        "Diluted EPS": 0.12,
        "Total Revenue": 769,
        "Gross Profit": 235,
        "Operating Income": 144,
        "EBIT": 333,
        "Net Income": 150
    },
    "2020-12-31": {
        "Diluted EPS": 0.62,
        "Total Revenue": NaN,
        "Gross Profit": NaN,
        "Operating Income": 992,
        "EBIT": NaN,
        "Net Income": 783
    },
    "2020-09-30": {
        "Diluted EPS": 0.19,
        "Total Revenue": NaN,
        "Gross Profit": 487,
        "Operating Income": 393,
        "EBIT": 598,
        "Net Income": 241
    },
    "2020-06-30": {
        "Diluted EPS": 0.15,
        "Total Revenue": NaN,
        "Gross Profit": 417,
        "Operating Income": 321,
        "EBIT": 532,
        "Net Income": 196
    },
    "2020-03-31": {
        "Diluted EPS": 0.1,
        "Total Revenue": 880,
        "Gross Profit": 265,
        "Operating Income": 193,
        "EBIT": 386,
        "Net Income": 123
    },
    "2019-12-31": {
        "Diluted EPS": 0.41,
        "Total Revenue": 996,
        "Gross Profit": 647,
        "Operating Income": 569,
        "EBIT": 779,
        "Net Income": 522
    },
    "2019-09-30": {
        "Diluted EPS": 0.05,
        "Total Revenue": 877,
        "Gross Profit": 260,
        "Operating Income": 163,
        "EBIT": 340,
        "Net Income": 61
    },
    "2019-06-30": {
        "Diluted EPS": 0.06,
        "Total Revenue": 838,
        "Gross Profit": 232,
        "Operating Income": 144,
        "EBIT": 324,
        "Net Income": 72
    },
    "2019-03-31": {
        "Diluted EPS": 0.05,
        "Total Revenue": 786,
        "Gross Profit": 210,
        "Operating Income": 115,
        "EBIT": 280,
        "Net Income": 65
    },
    "2018-12-31": {
        "Diluted EPS": -0.02,
        "Total Revenue": 787,
        "Gross Profit": 126,
        "Operating Income": 25,
        "EBIT": 209,
        "Net Income": -28
    },
    "2018-09-30": {
        "Diluted EPS": -0.08,
        "Total Revenue": 754,
        "Gross Profit": 65,
        "Operating Income": -49,
        "EBIT": 156,
        "Net Income": -104
    },
    "2018-06-30": {
        "Diluted EPS": 0.0,
        "Total Revenue": 775,
        "Gross Profit": 130,
        "Operating Income": 46,
        "EBIT": 237,
        "Net Income": 2
    },
    "2018-03-31": {
        "Diluted EPS": 0.08,
        "Total Revenue": 897,
        "Gross Profit": 260,
        "Operating Income": 178,
        "EBIT": 371,
        "Net Income": 106
    },
    "2017-12-31": {
        "Diluted EPS": 0.16,
        "Total Revenue": 810,
        "Gross Profit": 184,
        "Operating Income": 103,
        "EBIT": 293,
        "Net Income": 218
    },
    "2017-09-30": {
        "Diluted EPS": 0.05,
        "Total Revenue": 828,
        "Gross Profit": 193,
        "Operating Income": 80,
        "EBIT": 288,
        "Net Income": 60
    },
    "2017-06-30": {
        "Diluted EPS": 0.03,
        "Total Revenue": 869,
        "Gross Profit": 208,
        "Operating Income": 105,
        "EBIT": 309,
        "Net Income": 33
    },
    "2017-03-31": {
        "Diluted EPS": 0.11,
        "Total Revenue": 796,
        "Gross Profit": 120,
        "Operating Income": 49,
        "EBIT": 266,
        "Net Income": 135
    },
    "2016-12-31": {
        "Diluted EPS": -0.09,
        "Total Revenue": 903,
        "Gross Profit": 136,
        "Operating Income": -36,
        "EBIT": 202,
        "Net Income": -117
    },
    "2016-09-30": {
        "Diluted EPS": 0.0,
        "Total Revenue": 910,
        "Gross Profit": 67,
        "Operating Income": -30,
        "EBIT": 184,
        "Net Income": 3
    },
    "2016-06-30": {
        "Diluted EPS": -0.02,
        "Total Revenue": 876,
        "Gross Profit": 160,
        "Operating Income": 69,
        "EBIT": 279,
        "Net Income": -25
    },
    "2016-03-31": {
        "Diluted EPS": 0.03,
        "Total Revenue": 783,
        "Gross Profit": 132,
        "Operating Income": 43,
        "EBIT": 236,
        "Net Income": 35
    },
    "2015-12-31": {
        "Diluted EPS": -0.73,
        "Total Revenue": 706,
        "Gross Profit": -643,
        "Operating Income": -717,
        "EBIT": -482,
        "Net Income": -842
    },
    "2015-09-30": {
        "Diluted EPS": -0.05,
        "Total Revenue": 809,
        "Gross Profit": 87,
        "Operating Income": 0,
        "EBIT": 240,
        "Net Income": -53
    },
    "2015-06-30": {
        "Diluted EPS": -0.07,
        "Total Revenue": 755,
        "Gross Profit": 56,
        "Operating Income": -68,
        "EBIT": 149,
        "Net Income": -83
    },
    "2015-03-31": {
        "Diluted EPS": -0.01,
        "Total Revenue": 781,
        "Gross Profit": 121,
        "Operating Income": 43,
        "EBIT": 249,
        "Net Income": -7
    },
    "2014-12-31": {
        "Diluted EPS": -1.29,
        "Total Revenue": 791,
        "Gross Profit": NaN,
        "Operating Income": NaN,
        "EBIT": NaN,
        "Net Income": NaN
    },
    "2014-09-30": {
        "Diluted EPS": 0.0,
        "Total Revenue": 946,
        "Gross Profit": 192,
        "Operating Income": 113,
        "EBIT": 346,
        "Net Income": -5
    },
    "2014-06-30": {
        "Diluted EPS": 0.04,
        "Total Revenue": 912,
        "Gross Profit": 386,
        "Operating Income": 80,
        "EBIT": 296,
        "Net Income": 44
    },
    "2014-03-31": {
        "Diluted EPS": 0.03,
        "Total Revenue": 817,
        "Gross Profit": 165,
        "Operating Income": 81,
        "EBIT": 278,
        "Net Income": 30
    },
    "2013-12-31": {
        "Diluted EPS": -0.65,
        "Total Revenue": 877,
        "Gross Profit": -822,
        "Operating Income": -704,
        "EBIT": -498,
        "Net Income": -742
    },
    "2013-09-30": {
        "Diluted EPS": 0.04,
        "Total Revenue": 876,
        "Gross Profit": 205,
        "Operating Income": 102,
        "EBIT": 286,
        "Net Income": 42
    },
    "2013-06-30": {
        "Diluted EPS": -2.81,
        "Total Revenue": 968,
        "Gross Profit": NaN,
        "Operating Income": NaN,
        "EBIT": NaN,
        "Net Income": NaN
    },
    "2013-03-31": {
        "Diluted EPS": 0.14,
        "Total Revenue": NaN,
        "Gross Profit": 582,
        "Operating Income": 251,
        "EBIT": 479,
        "Net Income": 161
    },
    "2012-12-31": {
        "Diluted EPS": -2.62,
        "Total Revenue": NaN,
        "Gross Profit": 870,
        "Operating Income": 394,
        "EBIT": 594,
        "Net Income": NaN
    },
    "2012-09-30": {
        "Diluted EPS": 0.2,
        "Total Revenue": NaN,
        "Gross Profit": 654,
        "Operating Income": 343,
        "EBIT": 525,
        "Net Income": 225
    },
    "2012-06-30": {
        "Diluted EPS": 0.13,
        "Total Revenue": NaN,
        "Gross Profit": 542,
        "Operating Income": 259,
        "EBIT": 412,
        "Net Income": 154
    },
    "2012-03-31": {
        "Diluted EPS": 0.09,
        "Total Revenue": NaN,
        "Gross Profit": 424,
        "Operating Income": 313,
        "EBIT": 460,
        "Net Income": 106
    },
    "2011-12-31": {
        "Diluted EPS": -2.45,
        "Total Revenue": 949,
        "Gross Profit": NaN,
        "Operating Income": 281,
        "EBIT": 412,
        "Net Income": NaN
    },
    "2011-09-30": {
        "Diluted EPS": 0.19,
        "Total Revenue": NaN,
        "Gross Profit": 500,
        "Operating Income": 417,
        "EBIT": 560,
        "Net Income": 213
    },
    "2011-06-30": {
        "Diluted EPS": 0.22,
        "Total Revenue": 988,
        "Gross Profit": 435,
        "Operating Income": 358,
        "EBIT": 515,
        "Net Income": 247
    },
    "2011-03-31": {
        "Diluted EPS": 0.22,
        "Total Revenue": 937,
        "Gross Profit": 411,
        "Operating Income": 339,
        "EBIT": 485,
        "Net Income": 256
    },
    "2010-12-31": {
        "Diluted EPS": 0.19,
        "Total Revenue": 920,
        "Gross Profit": 546,
        "Operating Income": 307,
        "EBIT": 467,
        "Net Income": 210
    },
    "2010-09-30": {
        "Diluted EPS": 0.44,
        "Total Revenue": 736,
        "Gross Profit": 422,
        "Operating Income": 218,
        "EBIT": 335,
        "Net Income": 347
    },
    "2010-06-30": {
        "Diluted EPS": 0.15,
        "Total Revenue": 697,
        "Gross Profit": 407,
        "Operating Income": 226,
        "EBIT": 338,
        "Net Income": 104
    },
    "2010-03-31": {
        "Diluted EPS": 0.16,
        "Total Revenue": 658,
        "Gross Profit": 380,
        "Operating Income": 199,
        "EBIT": 328,
        "Net Income": 111
    },
    "2009-12-31": {
        "Diluted EPS": 0.34,
        "Total Revenue": 699,
        "Gross Profit": 428,
        "Operating Income": 236,
        "EBIT": 346,
        "Net Income": 236
    },
    "2009-09-30": {
        "Diluted EPS": -0.03,
        "Total Revenue": 582,
        "Gross Profit": 311,
        "Operating Income": 129,
        "EBIT": 239,
        "Net Income": -22
    },
    "2009-06-30": {
        "Diluted EPS": 0.03,
        "Total Revenue": 598,
        "Gross Profit": 328,
        "Operating Income": 159,
        "EBIT": 276,
        "Net Income": 19
    },
    "2009-03-31": {
        "Diluted EPS": 0.11,
        "Total Revenue": 533,
        "Gross Profit": 298,
        "Operating Income": 141,
        "EBIT": 252,
        "Net Income": 77
    },
    "2023-09-30": {
        "Tax Effect Of Unusual Items": NaN,
        "Tax Rate For Calcs": NaN,
        "Normalized EBITDA": NaN,
        "Total Unusual Items": -300000.0,
        "Total Unusual Items Excluding Goodwill": -300000.0,
        "Net Income From Continuing Operation Net Minority Interest": NaN,
        "Reconciled Depreciation": NaN,
        "Reconciled Cost Of Revenue": NaN,
        "EBITDA": NaN,
        "EBIT": NaN,
        "Net Interest Income": NaN,
        "Interest Expense": NaN,
        "Interest Income": NaN,
        "Normalized Income": NaN,
        "Net Income From Continuing And Discontinued Operation": NaN,
        "Total Expenses": NaN,
        "Total Operating Income As Reported": NaN,
        "Diluted Average Shares": 1237835000.0,
        "Basic Average Shares": 1227616000.0,
        "Diluted EPS": 0.09,
        "Basic EPS": 0.09,
        "Diluted NI Availto Com Stockholders": NaN,
        "Net Income Common Stockholders": NaN,
        "Net Income": NaN,
        "Minority Interests": NaN,
        "Net Income Including Noncontrolling Interests": NaN,
        "Net Income Discontinuous Operations": 0.0,
        "Net Income Continuous Operations": NaN,
        "Tax Provision": NaN,
        "Pretax Income": NaN,
        "Other Income Expense": NaN,
        "Other Non Operating Income Expenses": NaN,
        "Special Income Charges": -7400000.0,
        "Gain On Sale Of Ppe": -7400000.0,
        "Gain On Sale Of Security": 7100000.0,
        "Net Non Operating Interest Income Expense": NaN,
        "Interest Expense Non Operating": NaN,
        "Interest Income Non Operating": NaN,
        "Operating Income": NaN,
        "Operating Expense": NaN,
        "Other Operating Expenses": NaN,
        "Selling General And Administration": NaN,
        "General And Administrative Expense": NaN,
        "Other Gand A": NaN,
        "Gross Profit": NaN,
        "Cost Of Revenue": NaN,
        "Total Revenue": NaN,
        "Operating Revenue": NaN
    },
    "2023-12-31": {
        "Tax Effect Of Unusual Items": NaN,
        "Tax Rate For Calcs": NaN,
        "Normalized EBITDA": NaN,
        "Total Unusual Items": -21000000.0,
        "Total Unusual Items Excluding Goodwill": -21000000.0,
        "Net Income From Continuing Operation Net Minority Interest": NaN,
        "Reconciled Depreciation": NaN,
        "Reconciled Cost Of Revenue": NaN,
        "EBITDA": NaN,
        "EBIT": NaN,
        "Net Interest Income": NaN,
        "Interest Expense": NaN,
        "Interest Income": NaN,
        "Normalized Income": NaN,
        "Net Income From Continuing And Discontinued Operation": NaN,
        "Total Expenses": NaN,
        "Total Operating Income As Reported": NaN,
        "Diluted Average Shares": NaN,
        "Basic Average Shares": NaN,
        "Diluted EPS": NaN,
        "Basic EPS": NaN,
        "Diluted NI Availto Com Stockholders": NaN,
        "Net Income Common Stockholders": NaN,
        "Net Income": NaN,
        "Minority Interests": NaN,
        "Net Income Including Noncontrolling Interests": NaN,
        "Net Income Discontinuous Operations": 0.0,
        "Net Income Continuous Operations": NaN,
        "Tax Provision": NaN,
        "Pretax Income": NaN,
        "Other Income Expense": NaN,
        "Other Non Operating Income Expenses": NaN,
        "Special Income Charges": -7700000.0,
        "Gain On Sale Of Ppe": -7700000.0,
        "Gain On Sale Of Security": -13300000.0,
        "Net Non Operating Interest Income Expense": NaN,
        "Interest Expense Non Operating": NaN,
        "Interest Income Non Operating": NaN,
        "Operating Income": NaN,
        "Operating Expense": NaN,
        "Other Operating Expenses": NaN,
        "Selling General And Administration": NaN,
        "General And Administrative Expense": NaN,
        "Other Gand A": NaN,
        "Salaries And Wages": NaN,
        "Gross Profit": NaN,
        "Cost Of Revenue": NaN,
        "Total Revenue": NaN,
        "Operating Revenue": NaN
    },
    "2024-03-31": {
        "Tax Effect Of Unusual Items": NaN,
        "Tax Rate For Calcs": NaN,
        "Normalized EBITDA": NaN,
        "Total Unusual Items": NaN,
        "Total Unusual Items Excluding Goodwill": NaN,
        "Net Income From Continuing Operation Net Minority Interest": NaN,
        "Reconciled Depreciation": NaN,
        "Reconciled Cost Of Revenue": NaN,
        "EBITDA": NaN,
        "EBIT": NaN,
        "Net Interest Income": NaN,
        "Interest Expense": NaN,
        "Interest Income": NaN,
        "Normalized Income": NaN,
        "Net Income From Continuing And Discontinued Operation": NaN,
        "Total Expenses": NaN,
        "Total Operating Income As Reported": NaN,
        "Diluted Average Shares": 1239244000.0,
        "Basic Average Shares": 1228287000.0,
        "Diluted EPS": 0.09,
        "Basic EPS": 0.09,
        "Diluted NI Availto Com Stockholders": NaN,
        "Net Income Common Stockholders": NaN,
        "Net Income": NaN,
        "Minority Interests": NaN,
        "Net Income Including Noncontrolling Interests": NaN,
        "Net Income Discontinuous Operations": NaN,
        "Net Income Continuous Operations": NaN,
        "Tax Provision": NaN,
        "Pretax Income": NaN,
        "Other Income Expense": NaN,
        "Other Non Operating Income Expenses": NaN,
        "Special Income Charges": NaN,
        "Gain On Sale Of Ppe": NaN,
        "Gain On Sale Of Security": NaN,
        "Net Non Operating Interest Income Expense": NaN,
        "Interest Expense Non Operating": NaN,
        "Interest Income Non Operating": NaN,
        "Operating Income": NaN,
        "Operating Expense": NaN,
        "Other Operating Expenses": NaN,
        "Selling General And Administration": NaN,
        "General And Administrative Expense": NaN,
        "Other Gand A": NaN,
        "Salaries And Wages": NaN,
        "Gross Profit": NaN,
        "Cost Of Revenue": NaN,
        "Total Revenue": NaN,
        "Operating Revenue": NaN
    },
    "2024-06-30": {
        "Tax Effect Of Unusual Items": 0.0,
        "Tax Rate For Calcs": 0.271364,
        "Normalized EBITDA": 594000000.0,
        "Total Unusual Items": NaN,
        "Total Unusual Items Excluding Goodwill": NaN,
        "Net Income From Continuing Operation Net Minority Interest": 210900000.0,
        "Reconciled Depreciation": 295800000.0,
        "Reconciled Cost Of Revenue": 831900000.0,
        "EBITDA": 594000000.0,
        "EBIT": 298200000.0,
        "Net Interest Income": -7000000.0,
        "Interest Expense": 11500000.0,
        "Interest Income": 4500000.0,
        "Normalized Income": 210900000.0,
        "Net Income From Continuing And Discontinued Operation": 210900000.0,
        "Total Expenses": 931500000.0,
        "Total Operating Income As Reported": 298300000.0,
        "Diluted Average Shares": 1234241000.0,
        "Basic Average Shares": 1229001000.0,
        "Diluted EPS": 0.17,
        "Basic EPS": 0.17,
        "Diluted NI Availto Com Stockholders": 210900000.0,
        "Net Income Common Stockholders": 210900000.0,
        "Net Income": 210900000.0,
        "Minority Interests": 2000000.0,
        "Net Income Including Noncontrolling Interests": 208900000.0,
        "Net Income Discontinuous Operations": NaN,
        "Net Income Continuous Operations": 208900000.0,
        "Tax Provision": 77800000.0,
        "Pretax Income": 286700000.0,
        "Other Income Expense": 5700000.0,
        "Other Non Operating Income Expenses": 5700000.0,
        "Special Income Charges": NaN,
        "Gain On Sale Of Ppe": NaN,
        "Gain On Sale Of Security": NaN,
        "Net Non Operating Interest Income Expense": -7000000.0,
        "Interest Expense Non Operating": 11500000.0,
        "Interest Income Non Operating": 4500000.0,
        "Operating Income": 288000000.0,
        "Operating Expense": 99600000.0,
        "Other Operating Expenses": 67900000.0,
        "Selling General And Administration": 31700000.0,
        "General And Administrative Expense": 31700000.0,
        "Other Gand A": 28500000.0,
        "Salaries And Wages": 3200000.0,
        "Gross Profit": 387600000.0,
        "Cost Of Revenue": 831900000.0,
        "Total Revenue": 1219500000.0,
        "Operating Revenue": 1219500000.0
    },
    "2024-09-30": {
        "Tax Effect Of Unusual Items": 0.0,
        "Tax Rate For Calcs": 0.255863,
        "Normalized EBITDA": 834000000.0,
        "Total Unusual Items": NaN,
        "Total Unusual Items Excluding Goodwill": NaN,
        "Net Income From Continuing Operation Net Minority Interest": 355300000.0,
        "Reconciled Depreciation": 296200000.0,
        "Reconciled Cost Of Revenue": 786400000.0,
        "EBITDA": 834000000.0,
        "EBIT": 537800000.0,
        "Net Interest Income": -7000000.0,
        "Interest Expense": 13300000.0,
        "Interest Income": 6300000.0,
        "Normalized Income": 355300000.0,
        "Net Income From Continuing And Discontinued Operation": 355300000.0,
        "Total Expenses": 894500000.0,
        "Total Operating Income As Reported": 547700000.0,
        "Diluted Average Shares": 1234626000.0,
        "Basic Average Shares": 1229037000.0,
        "Diluted EPS": 0.29,
        "Basic EPS": 0.29,
        "Diluted NI Availto Com Stockholders": 355300000.0,
        "Net Income Common Stockholders": 355300000.0,
        "Net Income": 355300000.0,
        "Minority Interests": -35000000.0,
        "Net Income Including Noncontrolling Interests": 390300000.0,
        "Net Income Discontinuous Operations": NaN,
        "Net Income Continuous Operations": 390300000.0,
        "Tax Provision": 134200000.0,
        "Pretax Income": 524500000.0,
        "Other Income Expense": -6000000.0,
        "Other Non Operating Income Expenses": -6000000.0,
        "Special Income Charges": NaN,
        "Gain On Sale Of Ppe": NaN,
        "Gain On Sale Of Security": NaN,
        "Net Non Operating Interest Income Expense": -7000000.0,
        "Interest Expense Non Operating": 13300000.0,
        "Interest Income Non Operating": 6300000.0,
        "Operating Income": 537500000.0,
        "Operating Expense": 108100000.0,
        "Other Operating Expenses": 80900000.0,
        "Selling General And Administration": 27200000.0,
        "General And Administrative Expense": 27200000.0,
        "Other Gand A": 27200000.0,
        "Salaries And Wages": NaN,
        "Gross Profit": 645600000.0,
        "Cost Of Revenue": 786400000.0,
        "Total Revenue": 1432000000.0,
        "Operating Revenue": 1432000000.0
    },
    "2024-12-31": {
        "Tax Effect Of Unusual Items": 0.0,
        "Tax Rate For Calcs": 0.15,
        "Normalized EBITDA": 793700000.0,
        "Total Unusual Items": NaN,
        "Total Unusual Items Excluding Goodwill": NaN,
        "Net Income From Continuing Operation Net Minority Interest": 275600000.0,
        "Reconciled Depreciation": 284800000.0,
        "Reconciled Cost Of Revenue": 868600000.0,
        "EBITDA": 793700000.0,
        "EBIT": 508900000.0,
        "Net Interest Income": -10900000.0,
        "Interest Expense": 14400000.0,
        "Interest Income": 3500000.0,
        "Normalized Income": 275600000.0,
        "Net Income From Continuing And Discontinued Operation": 275600000.0,
        "Total Expenses": 924900000.0,
        "Total Operating Income As Reported": 501100000.0,
        "Diluted Average Shares": NaN,
        "Basic Average Shares": NaN,
        "Diluted EPS": NaN,
        "Basic EPS": NaN,
        "Diluted NI Availto Com Stockholders": 275600000.0,
        "Net Income Common Stockholders": 275600000.0,
        "Net Income": 275600000.0,
        "Minority Interests": -12600000.0,
        "Net Income Including Noncontrolling Interests": 288200000.0,
        "Net Income Discontinuous Operations": NaN,
        "Net Income Continuous Operations": 288200000.0,
        "Tax Provision": 206300000.0,
        "Pretax Income": 494500000.0,
        "Other Income Expense": 14500000.0,
        "Other Non Operating Income Expenses": 14500000.0,
        "Special Income Charges": NaN,
        "Gain On Sale Of Ppe": NaN,
        "Gain On Sale Of Security": NaN,
        "Net Non Operating Interest Income Expense": -10900000.0,
        "Interest Expense Non Operating": 14400000.0,
        "Interest Income Non Operating": 3500000.0,
        "Operating Income": 490900000.0,
        "Operating Expense": 56300000.0,
        "Other Operating Expenses": 24400000.0,
        "Selling General And Administration": 31900000.0,
        "General And Administrative Expense": 31900000.0,
        "Other Gand A": 31900000.0,
        "Salaries And Wages": NaN,
        "Gross Profit": 547200000.0,
        "Cost Of Revenue": 868600000.0,
        "Total Revenue": 1415800000.0,
        "Operating Revenue": 1415800000.0
    },
    "2025-03-31": {
        "Tax Effect Of Unusual Items": 0.0,
        "Tax Rate For Calcs": 0.259977,
        "Normalized EBITDA": 837200000.0,
        "Total Unusual Items": NaN,
        "Total Unusual Items Excluding Goodwill": NaN,
        "Net Income From Continuing Operation Net Minority Interest": 368000000.0,
        "Reconciled Depreciation": 288400000.0,
        "Reconciled Cost Of Revenue": 835100000.0,
        "EBITDA": 837200000.0,
        "EBIT": 548800000.0,
        "Net Interest Income": -18400000.0,
        "Interest Expense": 22600000.0,
        "Interest Income": 4200000.0,
        "Normalized Income": 368000000.0,
        "Net Income From Continuing And Discontinued Operation": 368000000.0,
        "Total Expenses": 939700000.0,
        "Total Operating Income As Reported": 570400000.0,
        "Diluted Average Shares": 1234417000.0,
        "Basic Average Shares": 1229557000.0,
        "Diluted EPS": 0.3,
        "Basic EPS": 0.3,
        "Diluted NI Availto Com Stockholders": 368000000.0,
        "Net Income Common Stockholders": 368000000.0,
        "Net Income": 368000000.0,
        "Minority Interests": -21400000.0,
        "Net Income Including Noncontrolling Interests": 389400000.0,
        "Net Income Discontinuous Operations": NaN,
        "Net Income Continuous Operations": 389400000.0,
        "Tax Provision": 136800000.0,
        "Pretax Income": 526200000.0,
        "Other Income Expense": -13200000.0,
        "Other Non Operating Income Expenses": -13200000.0,
        "Special Income Charges": NaN,
        "Gain On Sale Of Ppe": NaN,
        "Gain On Sale Of Security": NaN,
        "Net Non Operating Interest Income Expense": -18400000.0,
        "Interest Expense Non Operating": 22600000.0,
        "Interest Income Non Operating": 4200000.0,
        "Operating Income": 557800000.0,
        "Operating Expense": 104600000.0,
        "Other Operating Expenses": 68900000.0,
        "Selling General And Administration": 35700000.0,
        "General And Administrative Expense": 35700000.0,
        "Other Gand A": 35700000.0,
        "Salaries And Wages": NaN,
        "Gross Profit": 662400000.0,
        "Cost Of Revenue": 835100000.0,
        "Total Revenue": 1497500000.0,
        "Operating Revenue": 1497500000.0
    },
    "2025-06-30": {
        "Tax Effect Of Unusual Items": 0.0,
        "Tax Rate For Calcs": 0.23427,
        "Normalized EBITDA": 1012600000.0,
        "Total Unusual Items": NaN,
        "Total Unusual Items Excluding Goodwill": NaN,
        "Net Income From Continuing Operation Net Minority Interest": 530700000.0,
        "Reconciled Depreciation": 262900000.0,
        "Reconciled Cost Of Revenue": 831300000.0,
        "EBITDA": 1012600000.0,
        "EBIT": 749700000.0,
        "Net Interest Income": -12800000.0,
        "Interest Expense": 20200000.0,
        "Interest Income": 7400000.0,
        "Normalized Income": 530700000.0,
        "Net Income From Continuing And Discontinued Operation": 530700000.0,
        "Total Expenses": 966400000.0,
        "Total Operating Income As Reported": 774800000.0,
        "Diluted Average Shares": 1230210000.0,
        "Basic Average Shares": 1225731000.0,
        "Diluted EPS": 0.43,
        "Basic EPS": 0.43,
        "Diluted NI Availto Com Stockholders": 530700000.0,
        "Net Income Common Stockholders": 530700000.0,
        "Net Income": 530700000.0,
        "Minority Interests": -27900000.0,
        "Net Income Including Noncontrolling Interests": 558600000.0,
        "Net Income Discontinuous Operations": NaN,
        "Net Income Continuous Operations": 558600000.0,
        "Tax Provision": 170900000.0,
        "Pretax Income": 729500000.0,
        "Other Income Expense": -19800000.0,
        "Other Non Operating Income Expenses": -19800000.0,
        "Special Income Charges": NaN,
        "Gain On Sale Of Ppe": NaN,
        "Gain On Sale Of Security": NaN,
        "Net Non Operating Interest Income Expense": -12800000.0,
        "Interest Expense Non Operating": 20200000.0,
        "Interest Income Non Operating": 7400000.0,
        "Operating Income": 762100000.0,
        "Operating Expense": 135100000.0,
        "Other Operating Expenses": 105500000.0,
        "Selling General And Administration": 29600000.0,
        "General And Administrative Expense": 29600000.0,
        "Other Gand A": 26200000.0,
        "Salaries And Wages": 3400000.0,
        "Gross Profit": 897200000.0,
        "Cost Of Revenue": 831300000.0,
        "Total Revenue": 1728500000.0,
        "Operating Revenue": 1728500000.0
    }
}