{
    "2023-06-30": {
        "Tax Effect Of Unusual Items": NaN,
        "Tax Rate For Calcs": NaN,
        "Normalized EBITDA": NaN,
        "Total Unusual Items": NaN,
        "Total Unusual Items Excluding Goodwill": NaN,
        "Net Income From Continuing Operation Net Minority Interest": NaN,
        "Reconciled Depreciation": NaN,
        "Reconciled Cost Of Revenue": NaN,
        "EBITDA": NaN,
        "EBIT": NaN,
        "Net Interest Income": NaN,
        "Interest Expense": 294000.0,
        "Normalized Income": NaN,
        "Net Income From Continuing And Discontinued Operation": NaN,
        "Total Expenses": NaN,
        "Total Operating Income As Reported": NaN,
        "Diluted Average Shares": NaN,
        "Basic Average Shares": NaN,
        "Diluted EPS": NaN,
        "Basic EPS": NaN,
        "Diluted NI Availto Com Stockholders": NaN,
        "Net Income Common Stockholders": NaN,
        "Otherunder Preferred Stock Dividend": NaN,
        "Net Income": NaN,
        "Net Income Including Noncontrolling Interests": NaN,
        "Net Income Continuous Operations": NaN,
        "Tax Provision": NaN,
        "Pretax Income": NaN,
        "Other Income Expense": NaN,
        "Other Non Operating Income Expenses": NaN,
        "Special Income Charges": NaN,
        "Other Special Charges": NaN,
        "Impairment Of Capital Assets": NaN,
        "Restructuring And Mergern Acquisition": NaN,
        "Net Non Operating Interest Income Expense": NaN,
        "Total Other Finance Cost": NaN,
        "Interest Expense Non Operating": 294000.0,
        "Operating Income": NaN,
        "Operating Expense": NaN,
        "Research And Development": NaN,
        "Selling General And Administration": NaN,
        "Selling And Marketing Expense": NaN,
        "General And Administrative Expense": NaN,
        "Other Gand A": NaN,
        "Gross Profit": NaN,
        "Cost Of Revenue": NaN,
        "Total Revenue": NaN,
        "Operating Revenue": NaN
    },
    "2023-03-31": {
        "Tax Effect Of Unusual Items": NaN,
        "Tax Rate For Calcs": NaN,
        "Normalized EBITDA": NaN,
        "Total Unusual Items": NaN,
        "Total Unusual Items Excluding Goodwill": NaN,
        "Net Income From Continuing Operation Net Minority Interest": NaN,
        "Reconciled Depreciation": NaN,
        "Reconciled Cost Of Revenue": NaN,
        "EBITDA": NaN,
        "EBIT": NaN,
        "Net Interest Income": NaN,
        "Interest Expense": NaN,
        "Normalized Income": NaN,
        "Net Income From Continuing And Discontinued Operation": NaN,
        "Total Expenses": NaN,
        "Total Operating Income As Reported": NaN,
        "Diluted Average Shares": NaN,
        "Basic Average Shares": NaN,
        "Diluted EPS": NaN,
        "Basic EPS": NaN,
        "Diluted NI Availto Com Stockholders": NaN,
        "Net Income Common Stockholders": NaN,
        "Otherunder Preferred Stock Dividend": NaN,
        "Net Income": NaN,
        "Net Income Including Noncontrolling Interests": NaN,
        "Net Income Continuous Operations": NaN,
        "Tax Provision": NaN,
        "Pretax Income": NaN,
        "Other Income Expense": NaN,
        "Other Non Operating Income Expenses": NaN,
        "Special Income Charges": NaN,
        "Other Special Charges": NaN,
        "Impairment Of Capital Assets": NaN,
        "Restructuring And Mergern Acquisition": NaN,
        "Net Non Operating Interest Income Expense": NaN,
        "Total Other Finance Cost": -210000.0,
        "Interest Expense Non Operating": NaN,
        "Operating Income": NaN,
        "Operating Expense": NaN,
        "Research And Development": NaN,
        "Selling General And Administration": NaN,
        "Selling And Marketing Expense": NaN,
        "General And Administrative Expense": NaN,
        "Other Gand A": NaN,
        "Gross Profit": NaN,
        "Cost Of Revenue": NaN,
        "Total Revenue": NaN,
        "Operating Revenue": NaN
    },
    "2022-12-31": {
        "Tax Effect Of Unusual Items": NaN,
        "Tax Rate For Calcs": NaN,
        "Normalized EBITDA": NaN,
        "Total Unusual Items": NaN,
        "Total Unusual Items Excluding Goodwill": NaN,
        "Net Income From Continuing Operation Net Minority Interest": NaN,
        "Reconciled Depreciation": NaN,
        "Reconciled Cost Of Revenue": NaN,
        "EBITDA": NaN,
        "EBIT": NaN,
        "Net Interest Income": NaN,
        "Interest Expense": -61000.0,
        "Normalized Income": NaN,
        "Net Income From Continuing And Discontinued Operation": NaN,
        "Total Expenses": NaN,
        "Total Operating Income As Reported": NaN,
        "Diluted Average Shares": NaN,
        "Basic Average Shares": NaN,
        "Diluted EPS": NaN,
        "Basic EPS": NaN,
        "Diluted NI Availto Com Stockholders": NaN,
        "Net Income Common Stockholders": NaN,
        "Otherunder Preferred Stock Dividend": NaN,
        "Net Income": NaN,
        "Net Income Including Noncontrolling Interests": NaN,
        "Net Income Continuous Operations": NaN,
        "Tax Provision": NaN,
        "Pretax Income": NaN,
        "Other Income Expense": NaN,
        "Other Non Operating Income Expenses": NaN,
        "Special Income Charges": NaN,
        "Impairment Of Capital Assets": 0.0,
        "Restructuring And Mergern Acquisition": NaN,
        "Net Non Operating Interest Income Expense": NaN,
        "Total Other Finance Cost": NaN,
        "Interest Expense Non Operating": -61000.0,
        "Operating Income": NaN,
        "Operating Expense": NaN,
        "Research And Development": NaN,
        "Selling General And Administration": NaN,
        "Selling And Marketing Expense": NaN,
        "General And Administrative Expense": NaN,
        "Other Gand A": NaN,
        "Gross Profit": NaN,
        "Cost Of Revenue": NaN,
        "Total Revenue": NaN,
        "Operating Revenue": NaN
    },
    "2022-09-30": {
        "Tax Effect Of Unusual Items": NaN,
        "Tax Rate For Calcs": NaN,
        "Normalized EBITDA": NaN,
        "Total Unusual Items": NaN,
        "Total Unusual Items Excluding Goodwill": NaN,
        "Net Income From Continuing Operation Net Minority Interest": NaN,
        "Reconciled Depreciation": NaN,
        "Reconciled Cost Of Revenue": NaN,
        "EBITDA": NaN,
        "EBIT": NaN,
        "Net Interest Income": NaN,
        "Interest Expense": 708000.0,
        "Normalized Income": NaN,
        "Net Income From Continuing And Discontinued Operation": NaN,
        "Total Expenses": NaN,
        "Total Operating Income As Reported": NaN,
        "Diluted Average Shares": NaN,
        "Basic Average Shares": NaN,
        "Diluted EPS": NaN,
        "Basic EPS": NaN,
        "Diluted NI Availto Com Stockholders": NaN,
        "Net Income Common Stockholders": NaN,
        "Otherunder Preferred Stock Dividend": 353000.0,
        "Net Income": NaN,
        "Net Income Including Noncontrolling Interests": NaN,
        "Net Income Continuous Operations": NaN,
        "Tax Provision": NaN,
        "Pretax Income": NaN,
        "Other Income Expense": NaN,
        "Other Non Operating Income Expenses": NaN,
        "Special Income Charges": NaN,
        "Impairment Of Capital Assets": 3609000.0,
        "Restructuring And Mergern Acquisition": NaN,
        "Net Non Operating Interest Income Expense": NaN,
        "Total Other Finance Cost": NaN,
        "Interest Expense Non Operating": 708000.0,
        "Operating Income": NaN,
        "Operating Expense": NaN,
        "Research And Development": NaN,
        "Selling General And Administration": NaN,
        "Selling And Marketing Expense": NaN,
        "General And Administrative Expense": NaN,
        "Other Gand A": NaN,
        "Gross Profit": NaN,
        "Cost Of Revenue": NaN,
        "Total Revenue": NaN,
        "Operating Revenue": NaN
    },
    "2022-06-30": {
        "Tax Effect Of Unusual Items": 2004000.0,
        "Tax Rate For Calcs": 0.4,
        "Normalized EBITDA": -4570000.0,
        "Total Unusual Items": 5010000.0,
        "Total Unusual Items Excluding Goodwill": 5010000.0,
        "Net Income From Continuing Operation Net Minority Interest": -333000.0,
        "Reconciled Depreciation": 3331000.0,
        "Reconciled Cost Of Revenue": 7947000.0,
        "EBITDA": 440000.0,
        "EBIT": 440000.0,
        "Net Interest Income": -1212000.0,
        "Interest Expense": 1212000.0,
        "Normalized Income": -3339000.0,
        "Net Income From Continuing And Discontinued Operation": -333000.0,
        "Total Expenses": 36671000.0,
        "Total Operating Income As Reported": -3743000.0,
        "Diluted Average Shares": 19792286.0,
        "Basic Average Shares": 19792286.0,
        "Diluted EPS": -0.02,
        "Basic EPS": -0.02,
        "Diluted NI Availto Com Stockholders": -333000.0,
        "Net Income Common Stockholders": -333000.0,
        "Net Income": -333000.0,
        "Net Income Including Noncontrolling Interests": -333000.0,
        "Net Income Continuous Operations": -333000.0,
        "Tax Provision": -439000.0,
        "Pretax Income": -772000.0,
        "Other Income Expense": 4183000.0,
        "Other Non Operating Income Expenses": -827000.0,
        "Special Income Charges": 5010000.0,
        "Impairment Of Capital Assets": NaN,
        "Restructuring And Mergern Acquisition": -5010000.0,
        "Net Non Operating Interest Income Expense": -1212000.0,
        "Total Other Finance Cost": NaN,
        "Interest Expense Non Operating": 1212000.0,
        "Operating Income": -3743000.0,
        "Operating Expense": 28724000.0,
        "Research And Development": 1747000.0,
        "Selling General And Administration": 26977000.0,
        "Selling And Marketing Expense": 12431000.0,
        "General And Administrative Expense": 14546000.0,
        "Other Gand A": 14546000.0,
        "Gross Profit": 24981000.0,
        "Cost Of Revenue": 7947000.0,
        "Total Revenue": 32928000.0,
        "Operating Revenue": 32928000.0
    },
    "2022-03-31": {
        "Diluted EPS": -0.47,
        "Total Revenue": 23,
        "Gross Profit": 19,
        "Operating Income": -6,
        "EBIT": -3,
        "Net Income": -9
    },
    "2021-12-31": {
        "Diluted EPS": 0.0,
        "Total Revenue": 25,
        "Gross Profit": 18,
        "Operating Income": -6,
        "EBIT": -3,
        "Net Income": 0
    },
    "2021-09-30": {
        "Diluted EPS": -0.11,
        "Total Revenue": 25,
        "Gross Profit": 19,
        "Operating Income": -4,
        "EBIT": -1,
        "Net Income": -2
    },
    "2021-06-30": {
        "Diluted EPS": -0.19,
        "Total Revenue": 27,
        "Gross Profit": 20,
        "Operating Income": -3,
        "EBIT": 0,
        "Net Income": -4
    },
    "2021-03-31": {
        "Diluted EPS": -0.54,
        "Total Revenue": 21,
        "Gross Profit": 16,
        "Operating Income": -6,
        "EBIT": -3,
        "Net Income": -10
    },
    "2020-12-31": {
        "Diluted EPS": -0.74,
        "Total Revenue": 19,
        "Gross Profit": 15,
        "Operating Income": -13,
        "EBIT": -10,
        "Net Income": -14
    },
    "2020-09-30": {
        "Diluted EPS": -0.24,
        "Total Revenue": 22,
        "Gross Profit": 18,
        "Operating Income": -2,
        "EBIT": 0,
        "Net Income": -5
    },
    "2020-06-30": {
        "Diluted EPS": -0.54,
        "Total Revenue": 14,
        "Gross Profit": 10,
        "Operating Income": -7,
        "EBIT": -5,
        "Net Income": -9
    },
    "2020-03-31": {
        "Diluted EPS": -0.3,
        "Total Revenue": 16,
        "Gross Profit": 12,
        "Operating Income": -4,
        "EBIT": -3,
        "Net Income": -5
    },
    "2019-12-31": {
        "Diluted EPS": -0.37,
        "Total Revenue": 19,
        "Gross Profit": 14,
        "Operating Income": -3,
        "EBIT": -2,
        "Net Income": -5
    },
    "2019-09-30": {
        "Diluted EPS": -0.18,
        "Total Revenue": 21,
        "Gross Profit": 16,
        "Operating Income": -2,
        "EBIT": 0,
        "Net Income": -3
    },
    "2019-06-30": {
        "Diluted EPS": -0.18,
        "Total Revenue": 18,
        "Gross Profit": 14,
        "Operating Income": -2,
        "EBIT": -1,
        "Net Income": -3
    },
    "2019-03-31": {
        "Diluted EPS": -0.21,
        "Total Revenue": 15,
        "Gross Profit": 11,
        "Operating Income": -3,
        "EBIT": -2,
        "Net Income": -3
    },
    "2018-12-31": {
        "Diluted EPS": -0.19,
        "Total Revenue": 15,
        "Gross Profit": 11,
        "Operating Income": -2,
        "EBIT": -1,
        "Net Income": -2
    },
    "2018-09-30": {
        "Diluted EPS": -0.15,
        "Total Revenue": 16,
        "Gross Profit": 12,
        "Operating Income": -1,
        "EBIT": 0,
        "Net Income": -2
    },
    "2018-06-30": {
        "Diluted EPS": -0.21,
        "Total Revenue": 15,
        "Gross Profit": 11,
        "Operating Income": -2,
        "EBIT": -1,
        "Net Income": -3
    },
    "2018-03-31": {
        "Diluted EPS": -0.41,
        "Total Revenue": 12,
        "Gross Profit": 9,
        "Operating Income": -4,
        "EBIT": -4,
        "Net Income": -5
    },
    "2017-12-31": {
        "Diluted EPS": -1.05,
        "Total Revenue": 12,
        "Gross Profit": 9,
        "Operating Income": -4,
        "EBIT": -4,
        "Net Income": -15
    },
    "2017-09-30": {
        "Diluted EPS": -1.7,
        "Total Revenue": 12,
        "Gross Profit": 9,
        "Operating Income": -1,
        "EBIT": 0,
        "Net Income": -3
    },
    "2017-06-30": {
        "Diluted EPS": -1.56,
        "Total Revenue": 12,
        "Gross Profit": 9,
        "Operating Income": -1,
        "EBIT": 0,
        "Net Income": -3
    },
    "2017-03-31": {
        "Diluted EPS": -1.55,
        "Total Revenue": 10,
        "Gross Profit": 7,
        "Operating Income": -1,
        "EBIT": 0,
        "Net Income": -3
    },
    "2016-12-31": {
        "Diluted EPS": 0.0,
        "Total Revenue": NaN,
        "Gross Profit": NaN,
        "Operating Income": NaN,
        "EBIT": NaN,
        "Net Income": NaN
    },
    "2016-09-30": {
        "Diluted EPS": -1.38,
        "Total Revenue": 10,
        "Gross Profit": 7,
        "Operating Income": -1,
        "EBIT": -1,
        "Net Income": -2
    },
    "2015-12-31": {
        "Diluted EPS": 0.0,
        "Total Revenue": NaN,
        "Gross Profit": NaN,
        "Operating Income": NaN,
        "EBIT": NaN,
        "Net Income": NaN
    },
    "2023-09-30": {
        "Tax Effect Of Unusual Items": NaN,
        "Tax Rate For Calcs": NaN,
        "Normalized EBITDA": NaN,
        "Total Unusual Items": NaN,
        "Total Unusual Items Excluding Goodwill": NaN,
        "Net Income From Continuing Operation Net Minority Interest": NaN,
        "Reconciled Depreciation": NaN,
        "Reconciled Cost Of Revenue": NaN,
        "EBITDA": NaN,
        "EBIT": NaN,
        "Net Interest Income": NaN,
        "Interest Expense": 21000.0,
        "Normalized Income": NaN,
        "Net Income From Continuing And Discontinued Operation": NaN,
        "Total Expenses": NaN,
        "Total Operating Income As Reported": NaN,
        "Diluted Average Shares": NaN,
        "Basic Average Shares": NaN,
        "Diluted EPS": NaN,
        "Basic EPS": NaN,
        "Diluted NI Availto Com Stockholders": NaN,
        "Net Income Common Stockholders": NaN,
        "Otherunder Preferred Stock Dividend": 0.0,
        "Net Income": NaN,
        "Net Income Including Noncontrolling Interests": NaN,
        "Net Income Continuous Operations": NaN,
        "Tax Provision": NaN,
        "Pretax Income": NaN,
        "Other Income Expense": NaN,
        "Other Non Operating Income Expenses": NaN,
        "Special Income Charges": NaN,
        "Other Special Charges": NaN,
        "Impairment Of Capital Assets": 985000.0,
        "Restructuring And Mergern Acquisition": NaN,
        "Net Non Operating Interest Income Expense": NaN,
        "Total Other Finance Cost": NaN,
        "Interest Expense Non Operating": 21000.0,
        "Operating Income": NaN,
        "Operating Expense": NaN,
        "Research And Development": NaN,
        "Selling General And Administration": NaN,
        "Selling And Marketing Expense": NaN,
        "General And Administrative Expense": NaN,
        "Other Gand A": NaN,
        "Gross Profit": NaN,
        "Cost Of Revenue": NaN,
        "Total Revenue": NaN,
        "Operating Revenue": NaN
    },
    "2023-12-31": {
        "Tax Effect Of Unusual Items": NaN,
        "Tax Rate For Calcs": NaN,
        "Normalized EBITDA": NaN,
        "Total Unusual Items": NaN,
        "Total Unusual Items Excluding Goodwill": NaN,
        "Net Income From Continuing Operation Net Minority Interest": NaN,
        "Reconciled Depreciation": NaN,
        "Reconciled Cost Of Revenue": NaN,
        "EBITDA": NaN,
        "EBIT": NaN,
        "Net Interest Income": NaN,
        "Interest Expense": NaN,
        "Normalized Income": NaN,
        "Net Income From Continuing And Discontinued Operation": NaN,
        "Total Expenses": NaN,
        "Total Operating Income As Reported": NaN,
        "Diluted Average Shares": NaN,
        "Basic Average Shares": NaN,
        "Diluted EPS": NaN,
        "Basic EPS": NaN,
        "Diluted NI Availto Com Stockholders": NaN,
        "Net Income Common Stockholders": NaN,
        "Otherunder Preferred Stock Dividend": 0.0,
        "Net Income": NaN,
        "Net Income Including Noncontrolling Interests": NaN,
        "Net Income Continuous Operations": NaN,
        "Tax Provision": NaN,
        "Pretax Income": NaN,
        "Other Income Expense": NaN,
        "Other Non Operating Income Expenses": NaN,
        "Special Income Charges": NaN,
        "Other Special Charges": NaN,
        "Impairment Of Capital Assets": 0.0,
        "Restructuring And Mergern Acquisition": NaN,
        "Net Non Operating Interest Income Expense": NaN,
        "Total Other Finance Cost": NaN,
        "Interest Expense Non Operating": NaN,
        "Operating Income": NaN,
        "Operating Expense": NaN,
        "Research And Development": NaN,
        "Selling General And Administration": NaN,
        "Selling And Marketing Expense": NaN,
        "General And Administrative Expense": NaN,
        "Other Gand A": NaN,
        "Gross Profit": NaN,
        "Cost Of Revenue": NaN,
        "Total Revenue": NaN,
        "Operating Revenue": NaN
    },
    "2024-03-31": {
        "Tax Effect Of Unusual Items": NaN,
        "Tax Rate For Calcs": NaN,
        "Normalized EBITDA": NaN,
        "Total Unusual Items": NaN,
        "Total Unusual Items Excluding Goodwill": NaN,
        "Net Income From Continuing Operation Net Minority Interest": NaN,
        "Reconciled Depreciation": NaN,
        "Reconciled Cost Of Revenue": NaN,
        "EBITDA": NaN,
        "EBIT": NaN,
        "Net Interest Income": NaN,
        "Interest Expense": NaN,
        "Normalized Income": NaN,
        "Net Income From Continuing And Discontinued Operation": NaN,
        "Total Expenses": NaN,
        "Total Operating Income As Reported": NaN,
        "Diluted Average Shares": NaN,
        "Basic Average Shares": NaN,
        "Diluted EPS": NaN,
        "Basic EPS": NaN,
        "Diluted NI Availto Com Stockholders": NaN,
        "Net Income Common Stockholders": NaN,
        "Net Income": NaN,
        "Net Income Including Noncontrolling Interests": NaN,
        "Net Income Continuous Operations": NaN,
        "Tax Provision": NaN,
        "Pretax Income": NaN,
        "Other Income Expense": NaN,
        "Other Non Operating Income Expenses": NaN,
        "Special Income Charges": NaN,
        "Other Special Charges": NaN,
        "Impairment Of Capital Assets": NaN,
        "Restructuring And Mergern Acquisition": NaN,
        "Net Non Operating Interest Income Expense": NaN,
        "Total Other Finance Cost": 637000.0,
        "Interest Expense Non Operating": NaN,
        "Operating Income": NaN,
        "Operating Expense": NaN,
        "Research And Development": NaN,
        "Selling General And Administration": NaN,
        "Selling And Marketing Expense": NaN,
        "General And Administrative Expense": NaN,
        "Other Gand A": NaN,
        "Gross Profit": NaN,
        "Cost Of Revenue": NaN,
        "Total Revenue": NaN,
        "Operating Revenue": NaN
    },
    "2024-06-30": {
        "Tax Effect Of Unusual Items": NaN,
        "Tax Rate For Calcs": NaN,
        "Normalized EBITDA": NaN,
        "Total Unusual Items": NaN,
        "Total Unusual Items Excluding Goodwill": NaN,
        "Net Income From Continuing Operation Net Minority Interest": NaN,
        "Reconciled Depreciation": NaN,
        "Reconciled Cost Of Revenue": NaN,
        "EBITDA": NaN,
        "EBIT": NaN,
        "Net Interest Income": NaN,
        "Interest Expense": 261000.0,
        "Normalized Income": NaN,
        "Net Income From Continuing And Discontinued Operation": NaN,
        "Total Expenses": NaN,
        "Total Operating Income As Reported": NaN,
        "Diluted Average Shares": NaN,
        "Basic Average Shares": NaN,
        "Diluted EPS": NaN,
        "Basic EPS": NaN,
        "Diluted NI Availto Com Stockholders": NaN,
        "Net Income Common Stockholders": NaN,
        "Net Income": NaN,
        "Net Income Including Noncontrolling Interests": NaN,
        "Net Income Continuous Operations": NaN,
        "Tax Provision": NaN,
        "Pretax Income": NaN,
        "Other Income Expense": NaN,
        "Other Non Operating Income Expenses": NaN,
        "Special Income Charges": NaN,
        "Other Special Charges": NaN,
        "Impairment Of Capital Assets": NaN,
        "Restructuring And Mergern Acquisition": NaN,
        "Net Non Operating Interest Income Expense": NaN,
        "Total Other Finance Cost": NaN,
        "Interest Expense Non Operating": 261000.0,
        "Operating Income": NaN,
        "Operating Expense": NaN,
        "Research And Development": NaN,
        "Selling General And Administration": NaN,
        "Selling And Marketing Expense": NaN,
        "General And Administrative Expense": NaN,
        "Other Gand A": NaN,
        "Gross Profit": NaN,
        "Cost Of Revenue": NaN,
        "Total Revenue": NaN,
        "Operating Revenue": NaN
    },
    "2024-09-30": {
        "Tax Effect Of Unusual Items": -430572.397942,
        "Tax Rate For Calcs": 0.133304,
        "Normalized EBITDA": -223000.0,
        "Total Unusual Items": -3230000.0,
        "Total Unusual Items Excluding Goodwill": -3230000.0,
        "Net Income From Continuing Operation Net Minority Interest": -7919000.0,
        "Reconciled Depreciation": 5280000.0,
        "Reconciled Cost Of Revenue": 14513000.0,
        "EBITDA": -3453000.0,
        "EBIT": -8733000.0,
        "Net Interest Income": -404000.0,
        "Interest Expense": 404000.0,
        "Normalized Income": -5119572.397942,
        "Net Income From Continuing And Discontinued Operation": -7919000.0,
        "Total Expenses": 60139000.0,
        "Total Operating Income As Reported": -5566000.0,
        "Diluted Average Shares": 23171249.0,
        "Basic Average Shares": 23171249.0,
        "Diluted EPS": -0.34,
        "Basic EPS": -0.34,
        "Diluted NI Availto Com Stockholders": -7919000.0,
        "Net Income Common Stockholders": -7919000.0,
        "Net Income": -7919000.0,
        "Net Income Including Noncontrolling Interests": -7919000.0,
        "Net Income Continuous Operations": -7919000.0,
        "Tax Provision": -1218000.0,
        "Pretax Income": -9137000.0,
        "Other Income Expense": -3167000.0,
        "Other Non Operating Income Expenses": 63000.0,
        "Special Income Charges": -3230000.0,
        "Other Special Charges": 3230000.0,
        "Impairment Of Capital Assets": 0.0,
        "Restructuring And Mergern Acquisition": 0.0,
        "Net Non Operating Interest Income Expense": -404000.0,
        "Total Other Finance Cost": NaN,
        "Interest Expense Non Operating": 404000.0,
        "Operating Income": -5566000.0,
        "Operating Expense": 45626000.0,
        "Research And Development": 2577000.0,
        "Selling General And Administration": 43049000.0,
        "Selling And Marketing Expense": 16750000.0,
        "General And Administrative Expense": 26299000.0,
        "Other Gand A": 26299000.0,
        "Gross Profit": 40060000.0,
        "Cost Of Revenue": 14513000.0,
        "Total Revenue": 54573000.0,
        "Operating Revenue": 54573000.0
    },
    "2024-12-31": {
        "Tax Effect Of Unusual Items": -113733.926504,
        "Tax Rate For Calcs": 0.02072,
        "Normalized EBITDA": 4179000.0,
        "Total Unusual Items": -5489000.0,
        "Total Unusual Items Excluding Goodwill": -5489000.0,
        "Net Income From Continuing Operation Net Minority Interest": -16069000.0,
        "Reconciled Depreciation": 3993000.0,
        "Reconciled Cost Of Revenue": 17102000.0,
        "EBITDA": -1310000.0,
        "EBIT": -5303000.0,
        "Net Interest Income": -1319000.0,
        "Interest Expense": NaN,
        "Normalized Income": -10693733.926504,
        "Net Income From Continuing And Discontinued Operation": -16069000.0,
        "Total Expenses": 61233000.0,
        "Total Operating Income As Reported": -14055000.0,
        "Diluted Average Shares": 23171662.0,
        "Basic Average Shares": 23171662.0,
        "Diluted EPS": -0.69,
        "Basic EPS": -0.69,
        "Diluted NI Availto Com Stockholders": -16069000.0,
        "Net Income Common Stockholders": -16069000.0,
        "Net Income": -16069000.0,
        "Net Income Including Noncontrolling Interests": -16069000.0,
        "Net Income Continuous Operations": -16069000.0,
        "Tax Provision": -340000.0,
        "Pretax Income": -16409000.0,
        "Other Income Expense": -6524000.0,
        "Other Non Operating Income Expenses": -1035000.0,
        "Special Income Charges": -5489000.0,
        "Other Special Charges": 0.0,
        "Impairment Of Capital Assets": 1836000.0,
        "Restructuring And Mergern Acquisition": 3653000.0,
        "Net Non Operating Interest Income Expense": -1319000.0,
        "Total Other Finance Cost": NaN,
        "Interest Expense Non Operating": NaN,
        "Operating Income": -8566000.0,
        "Operating Expense": 44131000.0,
        "Research And Development": 2916000.0,
        "Selling General And Administration": 41215000.0,
        "Selling And Marketing Expense": 16784000.0,
        "General And Administrative Expense": 24431000.0,
        "Other Gand A": 24431000.0,
        "Gross Profit": 35565000.0,
        "Cost Of Revenue": 17102000.0,
        "Total Revenue": 52667000.0,
        "Operating Revenue": 52667000.0
    },
    "2025-03-31": {
        "Tax Effect Of Unusual Items": -8400.0,
        "Tax Rate For Calcs": 0.21,
        "Normalized EBITDA": -4249000.0,
        "Total Unusual Items": -40000.0,
        "Total Unusual Items Excluding Goodwill": -40000.0,
        "Net Income From Continuing Operation Net Minority Interest": -10659000.0,
        "Reconciled Depreciation": 5048000.0,
        "Reconciled Cost Of Revenue": 14149000.0,
        "EBITDA": -4289000.0,
        "EBIT": -9337000.0,
        "Net Interest Income": -1126000.0,
        "Interest Expense": 1126000.0,
        "Normalized Income": -10627400.0,
        "Net Income From Continuing And Discontinued Operation": -10659000.0,
        "Total Expenses": 63352000.0,
        "Total Operating Income As Reported": -10981000.0,
        "Diluted Average Shares": 23230871.0,
        "Basic Average Shares": 23230871.0,
        "Diluted EPS": -0.46,
        "Basic EPS": -0.46,
        "Diluted NI Availto Com Stockholders": -10659000.0,
        "Net Income Common Stockholders": -10659000.0,
        "Net Income": -10659000.0,
        "Net Income Including Noncontrolling Interests": -10659000.0,
        "Net Income Continuous Operations": -10659000.0,
        "Tax Provision": 196000.0,
        "Pretax Income": -10463000.0,
        "Other Income Expense": 1604000.0,
        "Other Non Operating Income Expenses": 1644000.0,
        "Special Income Charges": -40000.0,
        "Other Special Charges": NaN,
        "Impairment Of Capital Assets": NaN,
        "Restructuring And Mergern Acquisition": 40000.0,
        "Net Non Operating Interest Income Expense": -1126000.0,
        "Total Other Finance Cost": NaN,
        "Interest Expense Non Operating": 1126000.0,
        "Operating Income": -10941000.0,
        "Operating Expense": 49203000.0,
        "Research And Development": 2351000.0,
        "Selling General And Administration": 46852000.0,
        "Selling And Marketing Expense": 16572000.0,
        "General And Administrative Expense": 30280000.0,
        "Other Gand A": 30280000.0,
        "Gross Profit": 38262000.0,
        "Cost Of Revenue": 14149000.0,
        "Total Revenue": 52411000.0,
        "Operating Revenue": 52411000.0
    },
    "2025-06-30": {
        "Tax Effect Of Unusual Items": -623910.0,
        "Tax Rate For Calcs": 0.21,
        "Normalized EBITDA": 2193000.0,
        "Total Unusual Items": -2971000.0,
        "Total Unusual Items Excluding Goodwill": -2971000.0,
        "Net Income From Continuing Operation Net Minority Interest": -7113000.0,
        "Reconciled Depreciation": 5170000.0,
        "Reconciled Cost Of Revenue": 17063000.0,
        "EBITDA": -778000.0,
        "EBIT": -5948000.0,
        "Net Interest Income": -1116000.0,
        "Interest Expense": 1116000.0,
        "Normalized Income": -4765910.0,
        "Net Income From Continuing And Discontinued Operation": -7113000.0,
        "Total Expenses": 68768000.0,
        "Total Operating Income As Reported": -10657000.0,
        "Diluted Average Shares": 23460144.0,
        "Basic Average Shares": 23460144.0,
        "Diluted EPS": -0.3,
        "Basic EPS": -0.3,
        "Diluted NI Availto Com Stockholders": -7113000.0,
        "Net Income Common Stockholders": -7113000.0,
        "Net Income": -7113000.0,
        "Net Income Including Noncontrolling Interests": -7113000.0,
        "Net Income Continuous Operations": -7113000.0,
        "Tax Provision": 49000.0,
        "Pretax Income": -7064000.0,
        "Other Income Expense": 1738000.0,
        "Other Non Operating Income Expenses": 4709000.0,
        "Special Income Charges": -2971000.0,
        "Other Special Charges": NaN,
        "Impairment Of Capital Assets": NaN,
        "Restructuring And Mergern Acquisition": 2971000.0,
        "Net Non Operating Interest Income Expense": -1116000.0,
        "Total Other Finance Cost": NaN,
        "Interest Expense Non Operating": 1116000.0,
        "Operating Income": -7686000.0,
        "Operating Expense": 51705000.0,
        "Research And Development": 2159000.0,
        "Selling General And Administration": 49546000.0,
        "Selling And Marketing Expense": 19103000.0,
        "General And Administrative Expense": 30443000.0,
        "Other Gand A": 30443000.0,
        "Gross Profit": 44019000.0,
        "Cost Of Revenue": 17063000.0,
        "Total Revenue": 61082000.0,
        "Operating Revenue": 61082000.0
    },
    "2025-09-30": {
        "Tax Effect Of Unusual Items": -47928.223231,
        "Tax Rate For Calcs": 0.010506,
        "Normalized EBITDA": -215000.0,
        "Total Unusual Items": -4562000.0,
        "Total Unusual Items Excluding Goodwill": -4562000.0,
        "Net Income From Continuing Operation Net Minority Interest": -11773000.0,
        "Reconciled Depreciation": 5299000.0,
        "Reconciled Cost Of Revenue": 15976000.0,
        "EBITDA": -4777000.0,
        "EBIT": -10076000.0,
        "Net Interest Income": -1822000.0,
        "Interest Expense": 1822000.0,
        "Normalized Income": -7258928.223231,
        "Net Income From Continuing And Discontinued Operation": -11773000.0,
        "Total Expenses": 66116000.0,
        "Total Operating Income As Reported": -9428000.0,
        "Diluted Average Shares": 23565779.0,
        "Basic Average Shares": 23565779.0,
        "Diluted EPS": -0.5,
        "Basic EPS": -0.5,
        "Diluted NI Availto Com Stockholders": -11773000.0,
        "Net Income Common Stockholders": -11773000.0,
        "Net Income": -11773000.0,
        "Net Income Including Noncontrolling Interests": -11773000.0,
        "Net Income Continuous Operations": -11773000.0,
        "Tax Provision": -125000.0,
        "Pretax Income": -11898000.0,
        "Other Income Expense": -5210000.0,
        "Other Non Operating Income Expenses": -648000.0,
        "Special Income Charges": -4562000.0,
        "Other Special Charges": NaN,
        "Impairment Of Capital Assets": 2268000.0,
        "Restructuring And Mergern Acquisition": 2294000.0,
        "Net Non Operating Interest Income Expense": -1822000.0,
        "Total Other Finance Cost": NaN,
        "Interest Expense Non Operating": 1822000.0,
        "Operating Income": -4866000.0,
        "Operating Expense": 50140000.0,
        "Research And Development": 2333000.0,
        "Selling General And Administration": 47807000.0,
        "Selling And Marketing Expense": 18652000.0,
        "General And Administrative Expense": 29155000.0,
        "Other Gand A": 29155000.0,
        "Gross Profit": 45274000.0,
        "Cost Of Revenue": 15976000.0,
        "Total Revenue": 61250000.0,
        "Operating Revenue": 61250000.0
    }
}