{
    "2023-03-31": {
        "Tax Effect Of Unusual Items": 0.0,
        "Tax Rate For Calcs": 0.198,
        "Net Income From Continuing Operation Net Minority Interest": -5054710.0,
        "Reconciled Depreciation": 808130.0,
        "EBIT": -5293792.0,
        "Net Interest Income": -1009891.0,
        "Interest Expense": 1009891.0,
        "Normalized Income": -5054710.0,
        "Net Income From Continuing And Discontinued Operation": -5054710.0,
        "Total Expenses": 42931446.0,
        "Diluted Average Shares": NaN,
        "Basic Average Shares": NaN,
        "Diluted EPS": NaN,
        "Basic EPS": NaN,
        "Diluted NI Availto Com Stockholders": -5054710.0,
        "Net Income Common Stockholders": -5054710.0,
        "Net Income": -5054710.0,
        "Net Income Including Noncontrolling Interests": -5054710.0,
        "Net Income Continuous Operations": -5054710.0,
        "Tax Provision": -1248973.0,
        "Pretax Income": -6303683.0,
        "Other Income Expense": 161040.0,
        "Net Non Operating Interest Income Expense": -1009891.0,
        "Interest Expense Non Operating": 1009891.0,
        "Other Operating Expenses": 662634.0,
        "Depreciation And Amortization In Income Statement": 808130.0,
        "Total Revenue": 36627763.0,
        "Operating Revenue": 36627763.0,
        "Loss Adjustment Expense": 25039410.0,
        "Net Policyholder Benefits And Claims": 25039410.0,
        "Policyholder Benefits Gross": 37295836.0,
        "Policyholder Benefits Ceded": 12256426.0
    },
    "2022-12-31": {
        "Tax Effect Of Unusual Items": 0.0,
        "Tax Rate For Calcs": 0.1996,
        "Net Income From Continuing Operation Net Minority Interest": -3950022.0,
        "Reconciled Depreciation": 828097.0,
        "EBIT": -4285649.0,
        "Net Interest Income": -649412.0,
        "Interest Expense": 649412.0,
        "Normalized Income": -3950022.0,
        "Net Income From Continuing And Discontinued Operation": -3950022.0,
        "Total Expenses": 42026171.0,
        "Diluted Average Shares": NaN,
        "Basic Average Shares": NaN,
        "Diluted EPS": NaN,
        "Basic EPS": NaN,
        "Diluted NI Availto Com Stockholders": -3950022.0,
        "Net Income Common Stockholders": -3950022.0,
        "Net Income": -3950022.0,
        "Net Income Including Noncontrolling Interests": -3950022.0,
        "Net Income Continuous Operations": -3950022.0,
        "Tax Provision": -985039.0,
        "Pretax Income": -4935061.0,
        "Other Income Expense": 160286.0,
        "Net Non Operating Interest Income Expense": -649412.0,
        "Interest Expense Non Operating": 649412.0,
        "Other Operating Expenses": 756106.0,
        "Depreciation And Amortization In Income Statement": 828097.0,
        "Total Revenue": 37091110.0,
        "Operating Revenue": 37091110.0,
        "Loss Adjustment Expense": 24765287.0,
        "Net Policyholder Benefits And Claims": 24765287.0,
        "Policyholder Benefits Gross": 37192838.0,
        "Policyholder Benefits Ceded": 12427551.0
    },
    "2022-09-30": {
        "Tax Effect Of Unusual Items": 0.0,
        "Tax Rate For Calcs": 0.193,
        "Net Income From Continuing Operation Net Minority Interest": -3997621.0,
        "Reconciled Depreciation": 824975.0,
        "EBIT": -4102744.0,
        "Net Interest Income": -456545.0,
        "Interest Expense": 456545.0,
        "Normalized Income": -3997621.0,
        "Net Income From Continuing And Discontinued Operation": -3997621.0,
        "Total Expenses": 40096924.0,
        "Diluted Average Shares": 10645675.0,
        "Basic Average Shares": 10645675.0,
        "Diluted EPS": -0.38,
        "Basic EPS": -0.38,
        "Diluted NI Availto Com Stockholders": -3997621.0,
        "Net Income Common Stockholders": -3997621.0,
        "Net Income": -3997621.0,
        "Net Income Including Noncontrolling Interests": -3997621.0,
        "Net Income Continuous Operations": -3997621.0,
        "Tax Provision": -561668.0,
        "Pretax Income": -4559289.0,
        "Other Income Expense": 269702.0,
        "Net Non Operating Interest Income Expense": -456545.0,
        "Interest Expense Non Operating": 456545.0,
        "Other Operating Expenses": 809597.0,
        "Depreciation And Amortization In Income Statement": 824975.0,
        "Total Revenue": 35537635.0,
        "Operating Revenue": 35537635.0
    },
    "2022-06-30": {
        "Tax Effect Of Unusual Items": 0.0,
        "Tax Rate For Calcs": 0.207,
        "Net Income From Continuing Operation Net Minority Interest": -5379619.0,
        "Reconciled Depreciation": 877263.0,
        "EBIT": -6325897.0,
        "Net Interest Income": -456545.0,
        "Interest Expense": 456545.0,
        "Normalized Income": -5379619.0,
        "Net Income From Continuing And Discontinued Operation": -5379619.0,
        "Total Expenses": 35761692.0,
        "Diluted Average Shares": 10644578.0,
        "Basic Average Shares": 10644578.0,
        "Diluted EPS": -0.51,
        "Basic EPS": -0.51,
        "Diluted NI Availto Com Stockholders": -5379619.0,
        "Net Income Common Stockholders": -5379619.0,
        "Net Income": -5379619.0,
        "Net Income Including Noncontrolling Interests": -5379619.0,
        "Net Income Continuous Operations": -5379619.0,
        "Tax Provision": -1402823.0,
        "Pretax Income": -6782442.0,
        "Other Income Expense": 244643.0,
        "Net Non Operating Interest Income Expense": -456545.0,
        "Interest Expense Non Operating": 456545.0,
        "Other Operating Expenses": 665815.0,
        "Depreciation And Amortization In Income Statement": 877263.0,
        "Selling General And Administration": 665815.0,
        "General And Administrative Expense": 665815.0,
        "Other Gand A": 665815.0,
        "Total Revenue": 28979250.0,
        "Operating Revenue": 28979250.0
    },
    "2022-03-31": {
        "Diluted EPS": -0.87,
        "Total Revenue": 29,
        "Gross Profit": 29,
        "Operating Income": -11,
        "EBIT": -10,
        "Net Income": -9
    },
    "2021-12-31": {
        "Diluted EPS": 0.22,
        "Total Revenue": 43,
        "Gross Profit": 43,
        "Operating Income": 3,
        "EBIT": 4,
        "Net Income": 2
    },
    "2021-09-30": {
        "Diluted EPS": -1.01,
        "Total Revenue": 39,
        "Gross Profit": 39,
        "Operating Income": -13,
        "EBIT": -12,
        "Net Income": -11
    },
    "2021-06-30": {
        "Diluted EPS": 0.12,
        "Total Revenue": 40,
        "Gross Profit": 40,
        "Operating Income": 2,
        "EBIT": 3,
        "Net Income": 1
    },
    "2021-03-31": {
        "Diluted EPS": -0.03,
        "Total Revenue": 40,
        "Gross Profit": 40,
        "Operating Income": 0,
        "EBIT": 1,
        "Net Income": 0
    },
    "2020-12-31": {
        "Diluted EPS": 0.28,
        "Total Revenue": 36,
        "Gross Profit": 36,
        "Operating Income": 3,
        "EBIT": 4,
        "Net Income": 3
    },
    "2020-09-30": {
        "Diluted EPS": -0.12,
        "Total Revenue": 35,
        "Gross Profit": 35,
        "Operating Income": -1,
        "EBIT": 0,
        "Net Income": -1
    },
    "2020-06-30": {
        "Diluted EPS": 0.43,
        "Total Revenue": 35,
        "Gross Profit": 35,
        "Operating Income": 6,
        "EBIT": 7,
        "Net Income": 5
    },
    "2020-03-31": {
        "Diluted EPS": -0.5,
        "Total Revenue": 26,
        "Gross Profit": 26,
        "Operating Income": -7,
        "EBIT": -6,
        "Net Income": -5
    },
    "2019-12-31": {
        "Diluted EPS": 0.14,
        "Total Revenue": 37,
        "Gross Profit": 37,
        "Operating Income": 2,
        "EBIT": 3,
        "Net Income": 1
    },
    "2019-09-30": {
        "Diluted EPS": -0.16,
        "Total Revenue": 38,
        "Gross Profit": 38,
        "Operating Income": -2,
        "EBIT": -1,
        "Net Income": -2
    },
    "2019-06-30": {
        "Diluted EPS": 0.15,
        "Total Revenue": 35,
        "Gross Profit": 35,
        "Operating Income": 2,
        "EBIT": 3,
        "Net Income": 2
    },
    "2019-03-31": {
        "Diluted EPS": -0.68,
        "Total Revenue": 35,
        "Gross Profit": 35,
        "Operating Income": -9,
        "EBIT": -8,
        "Net Income": -7
    },
    "2018-12-31": {
        "Diluted EPS": -0.07,
        "Total Revenue": 30,
        "Gross Profit": 30,
        "Operating Income": -1,
        "EBIT": 0,
        "Net Income": -1
    },
    "2018-09-30": {
        "Diluted EPS": 0.36,
        "Total Revenue": 31,
        "Gross Profit": 31,
        "Operating Income": 5,
        "EBIT": 5,
        "Net Income": 4
    },
    "2018-06-30": {
        "Diluted EPS": 0.25,
        "Total Revenue": 28,
        "Gross Profit": 28,
        "Operating Income": 4,
        "EBIT": 5,
        "Net Income": 3
    },
    "2018-03-31": {
        "Diluted EPS": -0.25,
        "Total Revenue": 26,
        "Gross Profit": 26,
        "Operating Income": -3,
        "EBIT": -2,
        "Net Income": -3
    },
    "2017-12-31": {
        "Diluted EPS": 0.18,
        "Total Revenue": 26,
        "Gross Profit": 26,
        "Operating Income": 2,
        "EBIT": 3,
        "Net Income": 2
    },
    "2017-09-30": {
        "Diluted EPS": 0.38,
        "Total Revenue": 25,
        "Gross Profit": 25,
        "Operating Income": 6,
        "EBIT": 7,
        "Net Income": 4
    },
    "2017-06-30": {
        "Diluted EPS": 0.23,
        "Total Revenue": 22,
        "Gross Profit": 22,
        "Operating Income": 4,
        "EBIT": 4,
        "Net Income": 3
    },
    "2017-03-31": {
        "Diluted EPS": 0.15,
        "Total Revenue": 21,
        "Gross Profit": 21,
        "Operating Income": 2,
        "EBIT": 3,
        "Net Income": 1
    },
    "2016-12-31": {
        "Diluted EPS": 0.28,
        "Total Revenue": 20,
        "Gross Profit": 20,
        "Operating Income": 3,
        "EBIT": 4,
        "Net Income": 2
    },
    "2016-09-30": {
        "Diluted EPS": 0.43,
        "Total Revenue": 20,
        "Gross Profit": 20,
        "Operating Income": 5,
        "EBIT": 6,
        "Net Income": 3
    },
    "2016-06-30": {
        "Diluted EPS": 0.36,
        "Total Revenue": 19,
        "Gross Profit": 19,
        "Operating Income": 4,
        "EBIT": 5,
        "Net Income": 3
    },
    "2016-03-31": {
        "Diluted EPS": 0.07,
        "Total Revenue": 18,
        "Gross Profit": 18,
        "Operating Income": 1,
        "EBIT": 1,
        "Net Income": 1
    },
    "2015-12-31": {
        "Diluted EPS": 0.25,
        "Total Revenue": 17,
        "Gross Profit": 17,
        "Operating Income": 3,
        "EBIT": 3,
        "Net Income": 2
    },
    "2015-09-30": {
        "Diluted EPS": 0.32,
        "Total Revenue": 17,
        "Gross Profit": 17,
        "Operating Income": 3,
        "EBIT": 4,
        "Net Income": 2
    },
    "2015-06-30": {
        "Diluted EPS": 0.32,
        "Total Revenue": 16,
        "Gross Profit": 16,
        "Operating Income": 4,
        "EBIT": 4,
        "Net Income": 2
    },
    "2015-03-31": {
        "Diluted EPS": 0.05,
        "Total Revenue": 15,
        "Gross Profit": 15,
        "Operating Income": 1,
        "EBIT": 1,
        "Net Income": 0
    },
    "2014-12-31": {
        "Diluted EPS": 0.24,
        "Total Revenue": 15,
        "Gross Profit": 15,
        "Operating Income": 3,
        "EBIT": 3,
        "Net Income": 2
    },
    "2014-09-30": {
        "Diluted EPS": 0.26,
        "Total Revenue": 14,
        "Gross Profit": 14,
        "Operating Income": 3,
        "EBIT": 3,
        "Net Income": 2
    },
    "2014-06-30": {
        "Diluted EPS": 0.18,
        "Total Revenue": 11,
        "Gross Profit": 11,
        "Operating Income": 2,
        "EBIT": 2,
        "Net Income": 1
    },
    "2014-03-31": {
        "Diluted EPS": 0.04,
        "Total Revenue": 10,
        "Gross Profit": 10,
        "Operating Income": 0,
        "EBIT": 1,
        "Net Income": 0
    },
    "2013-12-31": {
        "Diluted EPS": 0.0,
        "Total Revenue": 11,
        "Gross Profit": 11,
        "Operating Income": 0,
        "EBIT": 0,
        "Net Income": 0
    },
    "2013-09-30": {
        "Diluted EPS": 0.43,
        "Total Revenue": 10,
        "Gross Profit": 10,
        "Operating Income": 2,
        "EBIT": 2,
        "Net Income": 2
    },
    "2013-06-30": {
        "Diluted EPS": 0.02,
        "Total Revenue": 8,
        "Gross Profit": 8,
        "Operating Income": 0,
        "EBIT": 0,
        "Net Income": 0
    },
    "2013-03-31": {
        "Diluted EPS": 0.05,
        "Total Revenue": 8,
        "Gross Profit": 8,
        "Operating Income": 0,
        "EBIT": 1,
        "Net Income": 0
    },
    "2012-12-31": {
        "Diluted EPS": -0.26,
        "Total Revenue": 6,
        "Gross Profit": 6,
        "Operating Income": -2,
        "EBIT": -1,
        "Net Income": -1
    },
    "2012-09-30": {
        "Diluted EPS": 0.11,
        "Total Revenue": 8,
        "Gross Profit": 8,
        "Operating Income": 1,
        "EBIT": 1,
        "Net Income": 0
    },
    "2012-06-30": {
        "Diluted EPS": 0.15,
        "Total Revenue": 8,
        "Gross Profit": 8,
        "Operating Income": 1,
        "EBIT": 1,
        "Net Income": 1
    },
    "2012-03-31": {
        "Diluted EPS": 0.2,
        "Total Revenue": 7,
        "Gross Profit": 7,
        "Operating Income": 1,
        "EBIT": 1,
        "Net Income": 1
    },
    "2011-12-31": {
        "Diluted EPS": 0.35,
        "Total Revenue": 8,
        "Gross Profit": 8,
        "Operating Income": 2,
        "EBIT": 2,
        "Net Income": 1
    },
    "2011-09-30": {
        "Diluted EPS": 0.06,
        "Total Revenue": 7,
        "Gross Profit": 7,
        "Operating Income": 0,
        "EBIT": 0,
        "Net Income": 0
    },
    "2011-06-30": {
        "Diluted EPS": 0.2,
        "Total Revenue": 7,
        "Gross Profit": 7,
        "Operating Income": 1,
        "EBIT": 1,
        "Net Income": 1
    },
    "2011-03-31": {
        "Diluted EPS": 0.03,
        "Total Revenue": 6,
        "Gross Profit": 6,
        "Operating Income": 0,
        "EBIT": 0,
        "Net Income": 0
    },
    "2010-12-31": {
        "Diluted EPS": 0.04,
        "Total Revenue": 6,
        "Gross Profit": 6,
        "Operating Income": 1,
        "EBIT": 1,
        "Net Income": 0
    },
    "2010-09-30": {
        "Diluted EPS": 0.06,
        "Total Revenue": 6,
        "Gross Profit": 6,
        "Operating Income": 0,
        "EBIT": 1,
        "Net Income": 0
    },
    "2010-06-30": {
        "Diluted EPS": 0.11,
        "Total Revenue": 5,
        "Gross Profit": 5,
        "Operating Income": 1,
        "EBIT": 1,
        "Net Income": 0
    },
    "2010-03-31": {
        "Diluted EPS": 0.08,
        "Total Revenue": 5,
        "Gross Profit": 5,
        "Operating Income": 0,
        "EBIT": 1,
        "Net Income": 0
    },
    "2009-12-31": {
        "Diluted EPS": 0.22,
        "Total Revenue": 4,
        "Gross Profit": 4,
        "Operating Income": 0,
        "EBIT": 0,
        "Net Income": 0
    },
    "2009-09-30": {
        "Diluted EPS": 1.54,
        "Total Revenue": 4,
        "Gross Profit": 4,
        "Operating Income": 0,
        "EBIT": 1,
        "Net Income": 6
    },
    "2009-06-30": {
        "Diluted EPS": -0.08,
        "Total Revenue": 0,
        "Gross Profit": 0,
        "Operating Income": 0,
        "EBIT": 0,
        "Net Income": 0
    },
    "2009-03-31": {
        "Diluted EPS": -0.06,
        "Total Revenue": 0,
        "Gross Profit": 0,
        "Operating Income": 0,
        "EBIT": 0,
        "Net Income": 0
    },
    "2023-06-30": {
        "Tax Effect Of Unusual Items": 0.0,
        "Tax Rate For Calcs": 0.073,
        "Net Income From Continuing Operation Net Minority Interest": -522017.0,
        "Reconciled Depreciation": 778502.0,
        "EBIT": 442550.0,
        "Net Interest Income": -1005974.0,
        "Interest Expense": 1005974.0,
        "Normalized Income": -522017.0,
        "Net Income From Continuing And Discontinued Operation": -522017.0,
        "Total Expenses": 37283412.0,
        "Diluted Average Shares": NaN,
        "Basic Average Shares": NaN,
        "Diluted EPS": NaN,
        "Basic EPS": NaN,
        "Diluted NI Availto Com Stockholders": -522017.0,
        "Net Income Common Stockholders": -522017.0,
        "Net Income": -522017.0,
        "Net Income Including Noncontrolling Interests": -522017.0,
        "Net Income Continuous Operations": -522017.0,
        "Tax Provision": -41407.0,
        "Pretax Income": -563424.0,
        "Other Income Expense": 151084.0,
        "Net Non Operating Interest Income Expense": -1005974.0,
        "Interest Expense Non Operating": 1005974.0,
        "Other Operating Expenses": 763414.0,
        "Depreciation And Amortization In Income Statement": 778502.0,
        "Total Revenue": 36719988.0,
        "Operating Revenue": 36719988.0,
        "Loss Adjustment Expense": 19580702.0,
        "Net Policyholder Benefits And Claims": 19580702.0,
        "Policyholder Benefits Gross": 30835032.0,
        "Policyholder Benefits Ceded": 11254330.0
    },
    "2023-09-30": {
        "Tax Effect Of Unusual Items": NaN,
        "Tax Rate For Calcs": NaN,
        "Net Income From Continuing Operation Net Minority Interest": NaN,
        "Reconciled Depreciation": NaN,
        "EBIT": NaN,
        "Net Interest Income": NaN,
        "Interest Expense": NaN,
        "Normalized Income": NaN,
        "Net Income From Continuing And Discontinued Operation": NaN,
        "Total Expenses": NaN,
        "Diluted Average Shares": 10756156.0,
        "Basic Average Shares": 10756156.0,
        "Diluted EPS": -0.33,
        "Basic EPS": -0.33,
        "Diluted NI Availto Com Stockholders": NaN,
        "Net Income Common Stockholders": NaN,
        "Net Income": NaN,
        "Net Income Including Noncontrolling Interests": NaN,
        "Net Income Continuous Operations": NaN,
        "Tax Provision": NaN,
        "Pretax Income": NaN,
        "Other Income Expense": NaN,
        "Net Non Operating Interest Income Expense": NaN,
        "Interest Expense Non Operating": NaN,
        "Other Operating Expenses": NaN,
        "Depreciation And Amortization In Income Statement": NaN,
        "Total Revenue": NaN,
        "Operating Revenue": NaN,
        "Loss Adjustment Expense": NaN,
        "Net Policyholder Benefits And Claims": NaN,
        "Policyholder Benefits Gross": NaN,
        "Policyholder Benefits Ceded": NaN
    },
    "2023-12-31": {
        "Tax Effect Of Unusual Items": 0.0,
        "Tax Rate For Calcs": 0.244266,
        "Net Income From Continuing Operation Net Minority Interest": 2945952.0,
        "Reconciled Depreciation": 645749.0,
        "EBIT": 4896101.0,
        "Net Interest Income": -997967.0,
        "Interest Expense": 997967.0,
        "Normalized Income": 2945952.0,
        "Net Income From Continuing And Discontinued Operation": 2945952.0,
        "Total Expenses": 32708158.0,
        "Diluted Average Shares": 11332934.0,
        "Basic Average Shares": 10761763.0,
        "Diluted EPS": 0.27,
        "Basic EPS": 0.27,
        "Diluted NI Availto Com Stockholders": 2945952.0,
        "Net Income Common Stockholders": 2945952.0,
        "Net Income": 2945952.0,
        "Net Income Including Noncontrolling Interests": 2945952.0,
        "Net Income Continuous Operations": 2945952.0,
        "Tax Provision": 952182.0,
        "Pretax Income": 3898134.0,
        "Other Income Expense": 155561.0,
        "Net Non Operating Interest Income Expense": -997967.0,
        "Interest Expense Non Operating": 997967.0,
        "Other Operating Expenses": 588462.0,
        "Depreciation And Amortization In Income Statement": 645749.0,
        "Total Revenue": 36606292.0,
        "Operating Revenue": 36606292.0,
        "Loss Adjustment Expense": 16296645.0,
        "Net Policyholder Benefits And Claims": 16296645.0,
        "Policyholder Benefits Gross": 23368480.0,
        "Policyholder Benefits Ceded": 7071835.0
    },
    "2024-03-31": {
        "Tax Effect Of Unusual Items": 0.0,
        "Tax Rate For Calcs": 0.209466,
        "Net Income From Continuing Operation Net Minority Interest": 1426679.0,
        "Reconciled Depreciation": 596513.0,
        "EBIT": 2798578.0,
        "Net Interest Income": -993875.0,
        "Interest Expense": 993875.0,
        "Normalized Income": 1426679.0,
        "Net Income From Continuing And Discontinued Operation": 1426679.0,
        "Total Expenses": 33960474.0,
        "Diluted Average Shares": 11791520.0,
        "Basic Average Shares": 10999662.0,
        "Diluted EPS": 0.12,
        "Basic EPS": 0.13,
        "Diluted NI Availto Com Stockholders": 1426679.0,
        "Net Income Common Stockholders": 1426679.0,
        "Net Income": 1426679.0,
        "Net Income Including Noncontrolling Interests": 1426679.0,
        "Net Income Continuous Operations": 1426679.0,
        "Tax Provision": 378024.0,
        "Pretax Income": 1804703.0,
        "Other Income Expense": 148913.0,
        "Net Non Operating Interest Income Expense": -993875.0,
        "Interest Expense Non Operating": 993875.0,
        "Other Operating Expenses": 778082.0,
        "Depreciation And Amortization In Income Statement": 596513.0,
        "Total Revenue": 35765177.0,
        "Operating Revenue": 35765177.0,
        "Loss Adjustment Expense": 17859587.0,
        "Net Policyholder Benefits And Claims": 17859587.0,
        "Policyholder Benefits Gross": 22721087.0,
        "Policyholder Benefits Ceded": 4861500.0
    },
    "2024-06-30": {
        "Tax Effect Of Unusual Items": 0.0,
        "Tax Rate For Calcs": 0.2107,
        "Net Income From Continuing Operation Net Minority Interest": 4514937.0,
        "Reconciled Depreciation": 619934.0,
        "EBIT": 6709902.0,
        "Net Interest Income": -989723.0,
        "Interest Expense": 989723.0,
        "Normalized Income": 4514937.0,
        "Net Income From Continuing And Discontinued Operation": 4514937.0,
        "Total Expenses": 30781936.0,
        "Diluted Average Shares": NaN,
        "Basic Average Shares": NaN,
        "Diluted EPS": NaN,
        "Basic EPS": NaN,
        "Diluted NI Availto Com Stockholders": 4514937.0,
        "Net Income Common Stockholders": 4514937.0,
        "Net Income": 4514937.0,
        "Net Income Including Noncontrolling Interests": 4514937.0,
        "Net Income Continuous Operations": 4514937.0,
        "Tax Provision": 1205242.0,
        "Pretax Income": 5720179.0,
        "Other Income Expense": 105552.0,
        "Net Non Operating Interest Income Expense": -989723.0,
        "Interest Expense Non Operating": 989723.0,
        "Other Operating Expenses": 800966.0,
        "Depreciation And Amortization In Income Statement": 619934.0,
        "Total Revenue": 36502115.0,
        "Operating Revenue": 36502115.0,
        "Loss Adjustment Expense": 14238308.0,
        "Net Policyholder Benefits And Claims": 14238308.0,
        "Policyholder Benefits Gross": 19196891.0,
        "Policyholder Benefits Ceded": 4958583.0
    },
    "2024-09-30": {
        "Tax Effect Of Unusual Items": 0.0,
        "Tax Rate For Calcs": 0.232,
        "Net Income From Continuing Operation Net Minority Interest": 6978145.0,
        "Reconciled Depreciation": 619056.0,
        "EBIT": 9984659.0,
        "Net Interest Income": -900583.0,
        "Interest Expense": 900583.0,
        "Normalized Income": 6978145.0,
        "Net Income From Continuing And Discontinued Operation": 6978145.0,
        "Total Expenses": 31687652.0,
        "Diluted Average Shares": 12581128.0,
        "Basic Average Shares": 11404360.0,
        "Diluted EPS": 0.55,
        "Basic EPS": 0.61,
        "Diluted NI Availto Com Stockholders": 6978145.0,
        "Net Income Common Stockholders": 6978145.0,
        "Net Income": 6978145.0,
        "Net Income Including Noncontrolling Interests": 6978145.0,
        "Net Income Continuous Operations": 6978145.0,
        "Tax Provision": 2105931.0,
        "Pretax Income": 9084076.0,
        "Other Income Expense": 146663.0,
        "Net Non Operating Interest Income Expense": -900583.0,
        "Interest Expense Non Operating": 900583.0,
        "Other Operating Expenses": 1241572.0,
        "Depreciation And Amortization In Income Statement": 619056.0,
        "Total Revenue": 40771728.0,
        "Operating Revenue": 40771728.0,
        "Loss Adjustment Expense": 13027597.0,
        "Net Policyholder Benefits And Claims": 13027597.0,
        "Policyholder Benefits Gross": 16951744.0,
        "Policyholder Benefits Ceded": 3924147.0
    },
    "2024-12-31": {
        "Tax Effect Of Unusual Items": 0.0,
        "Tax Rate For Calcs": 0.185729,
        "Net Income From Continuing Operation Net Minority Interest": 5438675.0,
        "Reconciled Depreciation": 613429.0,
        "EBIT": 7308673.0,
        "Net Interest Income": -629474.0,
        "Interest Expense": 629474.0,
        "Normalized Income": 5438675.0,
        "Net Income From Continuing And Discontinued Operation": 5438675.0,
        "Total Expenses": 35423884.0,
        "Diluted Average Shares": 13491412.0,
        "Basic Average Shares": 12482146.0,
        "Diluted EPS": 0.4,
        "Basic EPS": 0.44,
        "Diluted NI Availto Com Stockholders": 5438675.0,
        "Net Income Common Stockholders": 5438675.0,
        "Net Income": 5438675.0,
        "Net Income Including Noncontrolling Interests": 5438675.0,
        "Net Income Continuous Operations": 5438675.0,
        "Tax Provision": 1240524.0,
        "Pretax Income": 6679199.0,
        "Other Income Expense": 166968.0,
        "Net Non Operating Interest Income Expense": -629474.0,
        "Interest Expense Non Operating": 629474.0,
        "Other Operating Expenses": 813963.0,
        "Depreciation And Amortization In Income Statement": 613429.0,
        "Total Revenue": 42103083.0,
        "Operating Revenue": 42103083.0,
        "Loss Adjustment Expense": 17509224.0,
        "Net Policyholder Benefits And Claims": 17509224.0,
        "Policyholder Benefits Gross": 23996524.0,
        "Policyholder Benefits Ceded": 6487300.0
    },
    "2025-03-31": {
        "Tax Effect Of Unusual Items": 0.0,
        "Tax Rate For Calcs": 0.177,
        "Net Income From Continuing Operation Net Minority Interest": 3882660.0,
        "Reconciled Depreciation": 623863.0,
        "EBIT": 4945795.0,
        "Net Interest Income": -227454.0,
        "Interest Expense": 227454.0,
        "Normalized Income": 3882660.0,
        "Net Income From Continuing And Discontinued Operation": 3882660.0,
        "Total Expenses": 45780434.0,
        "Diluted Average Shares": 14272502.0,
        "Basic Average Shares": 13472404.0,
        "Diluted EPS": 0.27,
        "Basic EPS": 0.29,
        "Diluted NI Availto Com Stockholders": 3882660.0,
        "Net Income Common Stockholders": 3882660.0,
        "Net Income": 3882660.0,
        "Net Income Including Noncontrolling Interests": 3882660.0,
        "Net Income Continuous Operations": 3882660.0,
        "Tax Provision": 835681.0,
        "Pretax Income": 4718341.0,
        "Other Income Expense": 140415.0,
        "Net Non Operating Interest Income Expense": -227454.0,
        "Interest Expense Non Operating": 227454.0,
        "Other Operating Expenses": 1035737.0,
        "Depreciation And Amortization In Income Statement": 623863.0,
        "Total Revenue": 50498775.0,
        "Operating Revenue": 50498775.0,
        "Loss Adjustment Expense": 27175078.0,
        "Net Policyholder Benefits And Claims": 27175078.0,
        "Policyholder Benefits Gross": 34234422.0,
        "Policyholder Benefits Ceded": 7059344.0
    },
    "2025-06-30": {
        "Tax Effect Of Unusual Items": 0.0,
        "Tax Rate For Calcs": 0.20572,
        "Net Income From Continuing Operation Net Minority Interest": 11252332.0,
        "Reconciled Depreciation": 613364.0,
        "EBIT": 14243777.0,
        "Net Interest Income": -77074.0,
        "Interest Expense": 77074.0,
        "Normalized Income": 11252332.0,
        "Net Income From Continuing And Discontinued Operation": 11252332.0,
        "Total Expenses": 38128076.0,
        "Diluted Average Shares": 14387538.0,
        "Basic Average Shares": 13925707.0,
        "Diluted EPS": 0.78,
        "Basic EPS": 0.81,
        "Diluted NI Availto Com Stockholders": 11252332.0,
        "Net Income Common Stockholders": 11252332.0,
        "Net Income": 11252332.0,
        "Net Income Including Noncontrolling Interests": 11252332.0,
        "Net Income Continuous Operations": 11252332.0,
        "Tax Provision": 2914371.0,
        "Pretax Income": 14166703.0,
        "Other Income Expense": 151245.0,
        "Net Non Operating Interest Income Expense": -77074.0,
        "Interest Expense Non Operating": 77074.0,
        "Other Operating Expenses": 1153480.0,
        "Depreciation And Amortization In Income Statement": 613364.0,
        "Total Revenue": 52294779.0,
        "Operating Revenue": 52294779.0,
        "Loss Adjustment Expense": 17927162.0,
        "Net Policyholder Benefits And Claims": 17927162.0,
        "Policyholder Benefits Gross": 21513150.0,
        "Policyholder Benefits Ceded": 3585988.0
    },
    "2025-09-30": {
        "Tax Effect Of Unusual Items": NaN,
        "Tax Rate For Calcs": NaN,
        "Net Income From Continuing Operation Net Minority Interest": NaN,
        "Reconciled Depreciation": NaN,
        "EBIT": NaN,
        "Net Interest Income": NaN,
        "Interest Expense": NaN,
        "Normalized Income": NaN,
        "Net Income From Continuing And Discontinued Operation": NaN,
        "Total Expenses": NaN,
        "Diluted Average Shares": 14601241.0,
        "Basic Average Shares": 14142374.0,
        "Diluted EPS": 0.74,
        "Basic EPS": 0.77,
        "Diluted NI Availto Com Stockholders": NaN,
        "Net Income Common Stockholders": NaN,
        "Net Income": NaN,
        "Net Income Including Noncontrolling Interests": NaN,
        "Net Income Continuous Operations": NaN,
        "Tax Provision": NaN,
        "Pretax Income": NaN,
        "Other Income Expense": NaN,
        "Net Non Operating Interest Income Expense": NaN,
        "Interest Expense Non Operating": NaN,
        "Other Operating Expenses": NaN,
        "Depreciation And Amortization In Income Statement": NaN,
        "Total Revenue": NaN,
        "Operating Revenue": NaN,
        "Loss Adjustment Expense": NaN,
        "Net Policyholder Benefits And Claims": NaN,
        "Policyholder Benefits Gross": NaN,
        "Policyholder Benefits Ceded": NaN
    }
}