{
    "2023-04-30": {
        "Tax Effect Of Unusual Items": NaN,
        "Tax Rate For Calcs": NaN,
        "Normalized EBITDA": NaN,
        "Total Unusual Items": NaN,
        "Total Unusual Items Excluding Goodwill": NaN,
        "Net Income From Continuing Operation Net Minority Interest": NaN,
        "Reconciled Depreciation": NaN,
        "Reconciled Cost Of Revenue": NaN,
        "EBITDA": NaN,
        "EBIT": NaN,
        "Net Interest Income": NaN,
        "Interest Expense": NaN,
        "Normalized Income": NaN,
        "Net Income From Continuing And Discontinued Operation": NaN,
        "Total Expenses": NaN,
        "Total Operating Income As Reported": NaN,
        "Diluted Average Shares": 12778000.0,
        "Basic Average Shares": 12778000.0,
        "Diluted EPS": -0.95,
        "Basic EPS": -0.95,
        "Diluted NI Availto Com Stockholders": NaN,
        "Net Income Common Stockholders": NaN,
        "Net Income": NaN,
        "Net Income Including Noncontrolling Interests": NaN,
        "Net Income Continuous Operations": NaN,
        "Tax Provision": NaN,
        "Pretax Income": NaN,
        "Other Income Expense": NaN,
        "Other Non Operating Income Expenses": NaN,
        "Special Income Charges": NaN,
        "Impairment Of Capital Assets": NaN,
        "Net Non Operating Interest Income Expense": NaN,
        "Interest Expense Non Operating": NaN,
        "Operating Income": NaN,
        "Operating Expense": NaN,
        "Other Operating Expenses": NaN,
        "Depreciation Amortization Depletion Income Statement": NaN,
        "Depreciation And Amortization In Income Statement": NaN,
        "Depreciation Income Statement": NaN,
        "Selling General And Administration": NaN,
        "General And Administrative Expense": NaN,
        "Salaries And Wages": NaN,
        "Gross Profit": NaN,
        "Cost Of Revenue": NaN,
        "Total Revenue": NaN,
        "Operating Revenue": NaN
    },
    "2023-01-31": {
        "Tax Effect Of Unusual Items": NaN,
        "Tax Rate For Calcs": NaN,
        "Normalized EBITDA": NaN,
        "Total Unusual Items": NaN,
        "Total Unusual Items Excluding Goodwill": NaN,
        "Net Income From Continuing Operation Net Minority Interest": NaN,
        "Reconciled Depreciation": NaN,
        "Reconciled Cost Of Revenue": NaN,
        "EBITDA": NaN,
        "EBIT": NaN,
        "Net Interest Income": NaN,
        "Interest Expense": NaN,
        "Normalized Income": NaN,
        "Net Income From Continuing And Discontinued Operation": NaN,
        "Total Expenses": NaN,
        "Total Operating Income As Reported": NaN,
        "Diluted Average Shares": 12754000.0,
        "Basic Average Shares": 12754000.0,
        "Diluted EPS": -0.3,
        "Basic EPS": -0.3,
        "Diluted NI Availto Com Stockholders": NaN,
        "Net Income Common Stockholders": NaN,
        "Net Income": NaN,
        "Net Income Including Noncontrolling Interests": NaN,
        "Net Income Continuous Operations": NaN,
        "Tax Provision": NaN,
        "Pretax Income": NaN,
        "Other Income Expense": NaN,
        "Other Non Operating Income Expenses": NaN,
        "Special Income Charges": NaN,
        "Impairment Of Capital Assets": NaN,
        "Net Non Operating Interest Income Expense": NaN,
        "Interest Expense Non Operating": NaN,
        "Operating Income": NaN,
        "Operating Expense": NaN,
        "Other Operating Expenses": NaN,
        "Depreciation Amortization Depletion Income Statement": NaN,
        "Depreciation And Amortization In Income Statement": NaN,
        "Depreciation Income Statement": NaN,
        "Selling General And Administration": NaN,
        "General And Administrative Expense": NaN,
        "Salaries And Wages": NaN,
        "Gross Profit": NaN,
        "Cost Of Revenue": NaN,
        "Total Revenue": NaN,
        "Operating Revenue": NaN
    },
    "2022-10-31": {
        "Tax Effect Of Unusual Items": NaN,
        "Tax Rate For Calcs": NaN,
        "Normalized EBITDA": NaN,
        "Total Unusual Items": -219000.0,
        "Total Unusual Items Excluding Goodwill": -219000.0,
        "Net Income From Continuing Operation Net Minority Interest": NaN,
        "Reconciled Depreciation": NaN,
        "Reconciled Cost Of Revenue": NaN,
        "EBITDA": NaN,
        "EBIT": NaN,
        "Net Interest Income": NaN,
        "Interest Expense": NaN,
        "Normalized Income": NaN,
        "Net Income From Continuing And Discontinued Operation": NaN,
        "Total Expenses": NaN,
        "Total Operating Income As Reported": NaN,
        "Diluted Average Shares": 12754000.0,
        "Basic Average Shares": 12754000.0,
        "Diluted EPS": -0.58,
        "Basic EPS": -0.58,
        "Diluted NI Availto Com Stockholders": NaN,
        "Net Income Common Stockholders": NaN,
        "Net Income": NaN,
        "Net Income Including Noncontrolling Interests": NaN,
        "Net Income Continuous Operations": NaN,
        "Tax Provision": NaN,
        "Pretax Income": NaN,
        "Other Income Expense": NaN,
        "Other Non Operating Income Expenses": NaN,
        "Special Income Charges": -219000.0,
        "Impairment Of Capital Assets": 219000.0,
        "Net Non Operating Interest Income Expense": NaN,
        "Interest Expense Non Operating": NaN,
        "Operating Income": NaN,
        "Operating Expense": NaN,
        "Other Operating Expenses": NaN,
        "Depreciation Amortization Depletion Income Statement": NaN,
        "Depreciation And Amortization In Income Statement": NaN,
        "Depreciation Income Statement": NaN,
        "Selling General And Administration": NaN,
        "General And Administrative Expense": NaN,
        "Salaries And Wages": NaN,
        "Gross Profit": NaN,
        "Cost Of Revenue": NaN,
        "Total Revenue": NaN,
        "Operating Revenue": NaN
    },
    "2022-07-31": {
        "Tax Effect Of Unusual Items": 0.0,
        "Tax Rate For Calcs": 0.4,
        "Normalized EBITDA": -17379000.0,
        "Total Unusual Items": NaN,
        "Total Unusual Items Excluding Goodwill": NaN,
        "Net Income From Continuing Operation Net Minority Interest": -25705000.0,
        "Reconciled Depreciation": 4338000.0,
        "Reconciled Cost Of Revenue": 80834000.0,
        "EBITDA": -17379000.0,
        "EBIT": -21717000.0,
        "Net Interest Income": -366000.0,
        "Interest Expense": 366000.0,
        "Normalized Income": -25705000.0,
        "Net Income From Continuing And Discontinued Operation": -25705000.0,
        "Total Expenses": 123901000.0,
        "Total Operating Income As Reported": -21800000.0,
        "Diluted Average Shares": 12740000.0,
        "Basic Average Shares": 12740000.0,
        "Diluted EPS": -2.02,
        "Basic EPS": -2.02,
        "Diluted NI Availto Com Stockholders": -25705000.0,
        "Net Income Common Stockholders": -25705000.0,
        "Net Income": -25705000.0,
        "Net Income Including Noncontrolling Interests": -25705000.0,
        "Net Income Continuous Operations": -25705000.0,
        "Tax Provision": 3622000.0,
        "Pretax Income": -22083000.0,
        "Other Income Expense": 83000.0,
        "Other Non Operating Income Expenses": 83000.0,
        "Special Income Charges": NaN,
        "Impairment Of Capital Assets": NaN,
        "Net Non Operating Interest Income Expense": -366000.0,
        "Interest Expense Non Operating": 366000.0,
        "Operating Income": -21800000.0,
        "Operating Expense": 40325000.0,
        "Other Operating Expenses": 17222000.0,
        "Depreciation Amortization Depletion Income Statement": 1596000.0,
        "Depreciation And Amortization In Income Statement": 1596000.0,
        "Depreciation Income Statement": 1596000.0,
        "Selling General And Administration": 21507000.0,
        "General And Administrative Expense": 21507000.0,
        "Salaries And Wages": 21507000.0,
        "Gross Profit": 18525000.0,
        "Cost Of Revenue": 83576000.0,
        "Total Revenue": 102101000.0,
        "Operating Revenue": 102101000.0
    },
    "2022-04-30": {
        "Diluted EPS": -0.63,
        "Total Revenue": 103,
        "Gross Profit": 28,
        "Operating Income": -11,
        "EBIT": -7,
        "Net Income": -8
    },
    "2022-01-31": {
        "Diluted EPS": 0.85,
        "Total Revenue": 176,
        "Gross Profit": 59,
        "Operating Income": 14,
        "EBIT": 19,
        "Net Income": 12
    },
    "2021-10-31": {
        "Diluted EPS": 0.51,
        "Total Revenue": 144,
        "Gross Profit": 50,
        "Operating Income": 9,
        "EBIT": 14,
        "Net Income": 7
    },
    "2021-07-31": {
        "Diluted EPS": 0.04,
        "Total Revenue": 115,
        "Gross Profit": 40,
        "Operating Income": 0,
        "EBIT": 5,
        "Net Income": 1
    },
    "2021-04-30": {
        "Diluted EPS": 0.11,
        "Total Revenue": 124,
        "Gross Profit": 40,
        "Operating Income": 2,
        "EBIT": 7,
        "Net Income": 2
    },
    "2021-01-31": {
        "Diluted EPS": 1.49,
        "Total Revenue": 195,
        "Gross Profit": 74,
        "Operating Income": 28,
        "EBIT": 34,
        "Net Income": 21
    },
    "2020-10-31": {
        "Diluted EPS": 0.82,
        "Total Revenue": 147,
        "Gross Profit": 53,
        "Operating Income": 13,
        "EBIT": 19,
        "Net Income": 12
    },
    "2020-07-31": {
        "Diluted EPS": -0.66,
        "Total Revenue": 125,
        "Gross Profit": 36,
        "Operating Income": -5,
        "EBIT": 1,
        "Net Income": -9
    },
    "2020-04-30": {
        "Diluted EPS": -0.53,
        "Total Revenue": 77,
        "Gross Profit": 10,
        "Operating Income": -28,
        "EBIT": -22,
        "Net Income": -7
    },
    "2020-01-31": {
        "Diluted EPS": -0.35,
        "Total Revenue": 209,
        "Gross Profit": 63,
        "Operating Income": -5,
        "EBIT": 1,
        "Net Income": -5
    },
    "2019-10-31": {
        "Diluted EPS": -1.61,
        "Total Revenue": 145,
        "Gross Profit": 40,
        "Operating Income": -14,
        "EBIT": -7,
        "Net Income": -22
    },
    "2019-07-31": {
        "Diluted EPS": -1.21,
        "Total Revenue": 120,
        "Gross Profit": 27,
        "Operating Income": -21,
        "EBIT": -14,
        "Net Income": -17
    },
    "2019-04-30": {
        "Diluted EPS": -0.62,
        "Total Revenue": 130,
        "Gross Profit": 36,
        "Operating Income": -13,
        "EBIT": -5,
        "Net Income": -9
    },
    "2019-01-31": {
        "Diluted EPS": 0.91,
        "Total Revenue": 216,
        "Gross Profit": 74,
        "Operating Income": 19,
        "EBIT": 27,
        "Net Income": 14
    },
    "2018-10-31": {
        "Diluted EPS": -0.18,
        "Total Revenue": 155,
        "Gross Profit": 47,
        "Operating Income": -4,
        "EBIT": 4,
        "Net Income": -3
    },
    "2018-07-31": {
        "Diluted EPS": -0.43,
        "Total Revenue": 134,
        "Gross Profit": 37,
        "Operating Income": -9,
        "EBIT": -2,
        "Net Income": -7
    },
    "2018-04-30": {
        "Diluted EPS": -0.06,
        "Total Revenue": 142,
        "Gross Profit": 45,
        "Operating Income": -2,
        "EBIT": 5,
        "Net Income": -1
    },
    "2018-01-31": {
        "Diluted EPS": 0.81,
        "Total Revenue": 225,
        "Gross Profit": 79,
        "Operating Income": 21,
        "EBIT": 34,
        "Net Income": 13
    },
    "2017-10-31": {
        "Diluted EPS": -0.15,
        "Total Revenue": 145,
        "Gross Profit": 45,
        "Operating Income": -4,
        "EBIT": 1,
        "Net Income": -2
    },
    "2017-07-31": {
        "Diluted EPS": -0.24,
        "Total Revenue": 132,
        "Gross Profit": 40,
        "Operating Income": -6,
        "EBIT": -1,
        "Net Income": -4
    },
    "2017-04-30": {
        "Diluted EPS": -0.09,
        "Total Revenue": 133,
        "Gross Profit": 43,
        "Operating Income": -2,
        "EBIT": 2,
        "Net Income": -1
    },
    "2017-01-31": {
        "Diluted EPS": 0.89,
        "Total Revenue": 203,
        "Gross Profit": 60,
        "Operating Income": 23,
        "EBIT": 28,
        "Net Income": 15
    },
    "2016-10-31": {
        "Diluted EPS": -0.05,
        "Total Revenue": 138,
        "Gross Profit": 50,
        "Operating Income": -2,
        "EBIT": 3,
        "Net Income": -1
    },
    "2016-07-31": {
        "Diluted EPS": -0.22,
        "Total Revenue": 123,
        "Gross Profit": 42,
        "Operating Income": -6,
        "EBIT": -1,
        "Net Income": -4
    },
    "2016-04-30": {
        "Diluted EPS": 0.06,
        "Total Revenue": 130,
        "Gross Profit": 50,
        "Operating Income": 2,
        "EBIT": 6,
        "Net Income": 1
    },
    "2016-01-31": {
        "Diluted EPS": 0.95,
        "Total Revenue": 199,
        "Gross Profit": 64,
        "Operating Income": 27,
        "EBIT": 31,
        "Net Income": 17
    },
    "2015-10-31": {
        "Diluted EPS": -0.02,
        "Total Revenue": 129,
        "Gross Profit": 48,
        "Operating Income": -1,
        "EBIT": 4,
        "Net Income": 0
    },
    "2015-07-31": {
        "Diluted EPS": -0.13,
        "Total Revenue": 115,
        "Gross Profit": 43,
        "Operating Income": -4,
        "EBIT": 0,
        "Net Income": -2
    },
    "2015-04-30": {
        "Diluted EPS": 0.14,
        "Total Revenue": 118,
        "Gross Profit": 48,
        "Operating Income": 4,
        "EBIT": 8,
        "Net Income": 3
    },
    "2015-01-31": {
        "Diluted EPS": 0.87,
        "Total Revenue": 179,
        "Gross Profit": 77,
        "Operating Income": 25,
        "EBIT": 29,
        "Net Income": 16
    },
    "2014-10-31": {
        "Diluted EPS": 0.07,
        "Total Revenue": 117,
        "Gross Profit": 46,
        "Operating Income": 2,
        "EBIT": 6,
        "Net Income": 1
    },
    "2014-07-31": {
        "Diluted EPS": -0.06,
        "Total Revenue": 103,
        "Gross Profit": 38,
        "Operating Income": -2,
        "EBIT": 1,
        "Net Income": -1
    },
    "2014-04-30": {
        "Diluted EPS": 0.12,
        "Total Revenue": 108,
        "Gross Profit": 43,
        "Operating Income": 3,
        "EBIT": 6,
        "Net Income": 2
    },
    "2014-01-31": {
        "Diluted EPS": 0.69,
        "Total Revenue": 156,
        "Gross Profit": 65,
        "Operating Income": 21,
        "EBIT": 23,
        "Net Income": 12
    },
    "2013-10-31": {
        "Diluted EPS": 0.06,
        "Total Revenue": 106,
        "Gross Profit": 41,
        "Operating Income": 2,
        "EBIT": 4,
        "Net Income": 1
    },
    "2013-07-31": {
        "Diluted EPS": -0.03,
        "Total Revenue": 97,
        "Gross Profit": 36,
        "Operating Income": -1,
        "EBIT": 1,
        "Net Income": -1
    },
    "2013-04-30": {
        "Diluted EPS": 0.1,
        "Total Revenue": 101,
        "Gross Profit": 39,
        "Operating Income": 3,
        "EBIT": 5,
        "Net Income": 2
    },
    "2013-01-31": {
        "Diluted EPS": 0.8,
        "Total Revenue": 163,
        "Gross Profit": 66,
        "Operating Income": 23,
        "EBIT": 26,
        "Net Income": 14
    },
    "2012-10-31": {
        "Diluted EPS": -0.02,
        "Total Revenue": 97,
        "Gross Profit": 34,
        "Operating Income": -1,
        "EBIT": 2,
        "Net Income": 0
    },
    "2012-07-31": {
        "Diluted EPS": -0.11,
        "Total Revenue": 91,
        "Gross Profit": 30,
        "Operating Income": -4,
        "EBIT": -2,
        "Net Income": -2
    },
    "2012-04-30": {
        "Diluted EPS": 0.1,
        "Total Revenue": 98,
        "Gross Profit": 38,
        "Operating Income": 3,
        "EBIT": 5,
        "Net Income": 2
    },
    "2012-01-31": {
        "Diluted EPS": 0.76,
        "Total Revenue": 149,
        "Gross Profit": 64,
        "Operating Income": 24,
        "EBIT": 26,
        "Net Income": 15
    },
    "2011-10-31": {
        "Diluted EPS": 0.06,
        "Total Revenue": 97,
        "Gross Profit": 36,
        "Operating Income": 2,
        "EBIT": 4,
        "Net Income": 1
    },
    "2011-07-31": {
        "Diluted EPS": -0.02,
        "Total Revenue": 90,
        "Gross Profit": 31,
        "Operating Income": -1,
        "EBIT": 1,
        "Net Income": 0
    },
    "2011-04-30": {
        "Diluted EPS": 0.15,
        "Total Revenue": 94,
        "Gross Profit": 38,
        "Operating Income": 5,
        "EBIT": 7,
        "Net Income": 3
    },
    "2011-01-31": {
        "Diluted EPS": 0.69,
        "Total Revenue": 140,
        "Gross Profit": 59,
        "Operating Income": 22,
        "EBIT": 24,
        "Net Income": 14
    },
    "2010-10-31": {
        "Diluted EPS": 0.11,
        "Total Revenue": 93,
        "Gross Profit": 36,
        "Operating Income": 4,
        "EBIT": 6,
        "Net Income": 2
    },
    "2010-07-31": {
        "Diluted EPS": 0.16,
        "Total Revenue": 90,
        "Gross Profit": 35,
        "Operating Income": 5,
        "EBIT": 7,
        "Net Income": 3
    },
    "2010-04-30": {
        "Diluted EPS": 0.32,
        "Total Revenue": 93,
        "Gross Profit": 41,
        "Operating Income": 11,
        "EBIT": 12,
        "Net Income": 7
    },
    "2010-01-31": {
        "Diluted EPS": 1.1,
        "Total Revenue": 143,
        "Gross Profit": 65,
        "Operating Income": 30,
        "EBIT": 32,
        "Net Income": 22
    },
    "2009-10-31": {
        "Diluted EPS": 0.27,
        "Total Revenue": 92,
        "Gross Profit": 38,
        "Operating Income": 8,
        "EBIT": 10,
        "Net Income": 6
    },
    "2009-07-31": {
        "Diluted EPS": 0.17,
        "Total Revenue": 88,
        "Gross Profit": 33,
        "Operating Income": 5,
        "EBIT": 7,
        "Net Income": 3
    },
    "2009-04-30": {
        "Diluted EPS": 0.17,
        "Total Revenue": 83,
        "Gross Profit": 32,
        "Operating Income": 4,
        "EBIT": 6,
        "Net Income": 3
    },
    "2009-01-31": {
        "Diluted EPS": 0.76,
        "Total Revenue": 134,
        "Gross Profit": 51,
        "Operating Income": 16,
        "EBIT": 18,
        "Net Income": 15
    },
    "2023-07-31": {
        "Tax Effect Of Unusual Items": NaN,
        "Tax Rate For Calcs": NaN,
        "Normalized EBITDA": NaN,
        "Total Unusual Items": NaN,
        "Total Unusual Items Excluding Goodwill": NaN,
        "Net Income From Continuing Operation Net Minority Interest": NaN,
        "Reconciled Depreciation": NaN,
        "Reconciled Cost Of Revenue": NaN,
        "EBITDA": NaN,
        "EBIT": NaN,
        "Net Interest Income": NaN,
        "Interest Expense": NaN,
        "Normalized Income": NaN,
        "Net Income From Continuing And Discontinued Operation": NaN,
        "Total Expenses": NaN,
        "Total Operating Income As Reported": NaN,
        "Diluted Average Shares": 12857000.0,
        "Basic Average Shares": 12857000.0,
        "Diluted EPS": -1.51,
        "Basic EPS": -1.51,
        "Diluted NI Availto Com Stockholders": NaN,
        "Net Income Common Stockholders": NaN,
        "Net Income": NaN,
        "Net Income Including Noncontrolling Interests": NaN,
        "Net Income Continuous Operations": NaN,
        "Tax Provision": NaN,
        "Pretax Income": NaN,
        "Other Income Expense": NaN,
        "Other Non Operating Income Expenses": NaN,
        "Special Income Charges": NaN,
        "Other Special Charges": NaN,
        "Impairment Of Capital Assets": NaN,
        "Net Non Operating Interest Income Expense": NaN,
        "Interest Expense Non Operating": NaN,
        "Operating Income": NaN,
        "Operating Expense": NaN,
        "Other Operating Expenses": NaN,
        "Depreciation Amortization Depletion Income Statement": NaN,
        "Depreciation And Amortization In Income Statement": NaN,
        "Depreciation Income Statement": NaN,
        "Selling General And Administration": NaN,
        "General And Administrative Expense": NaN,
        "Salaries And Wages": NaN,
        "Gross Profit": NaN,
        "Cost Of Revenue": NaN,
        "Total Revenue": NaN,
        "Operating Revenue": NaN
    },
    "2023-10-31": {
        "Tax Effect Of Unusual Items": NaN,
        "Tax Rate For Calcs": NaN,
        "Normalized EBITDA": NaN,
        "Total Unusual Items": NaN,
        "Total Unusual Items Excluding Goodwill": NaN,
        "Net Income From Continuing Operation Net Minority Interest": NaN,
        "Reconciled Depreciation": NaN,
        "Reconciled Cost Of Revenue": NaN,
        "EBITDA": NaN,
        "EBIT": NaN,
        "Net Interest Income": NaN,
        "Interest Expense": NaN,
        "Normalized Income": NaN,
        "Net Income From Continuing And Discontinued Operation": NaN,
        "Total Expenses": NaN,
        "Total Operating Income As Reported": NaN,
        "Diluted Average Shares": 12921000.0,
        "Basic Average Shares": 12921000.0,
        "Diluted EPS": -0.5,
        "Basic EPS": -0.5,
        "Diluted NI Availto Com Stockholders": NaN,
        "Net Income Common Stockholders": NaN,
        "Net Income": NaN,
        "Net Income Including Noncontrolling Interests": NaN,
        "Net Income Continuous Operations": NaN,
        "Tax Provision": NaN,
        "Pretax Income": NaN,
        "Other Income Expense": NaN,
        "Other Non Operating Income Expenses": NaN,
        "Special Income Charges": NaN,
        "Other Special Charges": NaN,
        "Impairment Of Capital Assets": NaN,
        "Net Non Operating Interest Income Expense": NaN,
        "Interest Expense Non Operating": NaN,
        "Operating Income": NaN,
        "Operating Expense": NaN,
        "Other Operating Expenses": NaN,
        "Depreciation Amortization Depletion Income Statement": NaN,
        "Depreciation And Amortization In Income Statement": NaN,
        "Depreciation Income Statement": NaN,
        "Selling General And Administration": NaN,
        "General And Administrative Expense": NaN,
        "Salaries And Wages": NaN,
        "Gross Profit": NaN,
        "Cost Of Revenue": NaN,
        "Total Revenue": NaN,
        "Operating Revenue": NaN
    },
    "2024-01-31": {
        "Tax Effect Of Unusual Items": -68250.0,
        "Tax Rate For Calcs": 0.21,
        "Normalized EBITDA": 14005000.0,
        "Total Unusual Items": -325000.0,
        "Total Unusual Items Excluding Goodwill": -325000.0,
        "Net Income From Continuing Operation Net Minority Interest": 10117000.0,
        "Reconciled Depreciation": 2862000.0,
        "Reconciled Cost Of Revenue": 111108000.0,
        "EBITDA": 13680000.0,
        "EBIT": 10818000.0,
        "Net Interest Income": -902000.0,
        "Interest Expense": 902000.0,
        "Normalized Income": 10373750.0,
        "Net Income From Continuing And Discontinued Operation": 10117000.0,
        "Total Expenses": 154956000.0,
        "Total Operating Income As Reported": 10665000.0,
        "Diluted Average Shares": NaN,
        "Basic Average Shares": NaN,
        "Diluted EPS": NaN,
        "Basic EPS": NaN,
        "Diluted NI Availto Com Stockholders": 10117000.0,
        "Net Income Common Stockholders": 10117000.0,
        "Net Income": 10117000.0,
        "Net Income Including Noncontrolling Interests": 10117000.0,
        "Net Income Continuous Operations": 10117000.0,
        "Tax Provision": -201000.0,
        "Pretax Income": 9916000.0,
        "Other Income Expense": -172000.0,
        "Other Non Operating Income Expenses": 153000.0,
        "Special Income Charges": -325000.0,
        "Other Special Charges": NaN,
        "Impairment Of Capital Assets": 325000.0,
        "Net Non Operating Interest Income Expense": -902000.0,
        "Interest Expense Non Operating": 902000.0,
        "Operating Income": 10990000.0,
        "Operating Expense": 42037000.0,
        "Other Operating Expenses": 17931000.0,
        "Depreciation Amortization Depletion Income Statement": 1051000.0,
        "Depreciation And Amortization In Income Statement": 1051000.0,
        "Depreciation Income Statement": 1051000.0,
        "Selling General And Administration": 23055000.0,
        "General And Administrative Expense": 23055000.0,
        "Salaries And Wages": 23055000.0,
        "Gross Profit": 53027000.0,
        "Cost Of Revenue": 112919000.0,
        "Total Revenue": 165946000.0,
        "Operating Revenue": 165946000.0
    },
    "2024-04-30": {
        "Tax Effect Of Unusual Items": -2310.0,
        "Tax Rate For Calcs": 0.21,
        "Normalized EBITDA": -4757000.0,
        "Total Unusual Items": -11000.0,
        "Total Unusual Items Excluding Goodwill": -11000.0,
        "Net Income From Continuing Operation Net Minority Interest": -8830000.0,
        "Reconciled Depreciation": 2624000.0,
        "Reconciled Cost Of Revenue": 63022000.0,
        "EBITDA": -4768000.0,
        "EBIT": -7392000.0,
        "Net Interest Income": -1127000.0,
        "Interest Expense": 1127000.0,
        "Normalized Income": -8821310.0,
        "Net Income From Continuing And Discontinued Operation": -8830000.0,
        "Total Expenses": 99250000.0,
        "Total Operating Income As Reported": -7508000.0,
        "Diluted Average Shares": 12965000.0,
        "Basic Average Shares": 12965000.0,
        "Diluted EPS": -0.68,
        "Basic EPS": -0.68,
        "Diluted NI Availto Com Stockholders": -8830000.0,
        "Net Income Common Stockholders": -8830000.0,
        "Net Income": -8830000.0,
        "Net Income Including Noncontrolling Interests": -8830000.0,
        "Net Income Continuous Operations": -8830000.0,
        "Tax Provision": 311000.0,
        "Pretax Income": -8519000.0,
        "Other Income Expense": 105000.0,
        "Other Non Operating Income Expenses": 116000.0,
        "Special Income Charges": -11000.0,
        "Other Special Charges": NaN,
        "Impairment Of Capital Assets": 11000.0,
        "Net Non Operating Interest Income Expense": -1127000.0,
        "Interest Expense Non Operating": 1127000.0,
        "Operating Income": -7497000.0,
        "Operating Expense": 34565000.0,
        "Other Operating Expenses": 14318000.0,
        "Depreciation Amortization Depletion Income Statement": 961000.0,
        "Depreciation And Amortization In Income Statement": 961000.0,
        "Depreciation Income Statement": 961000.0,
        "Selling General And Administration": 19286000.0,
        "General And Administrative Expense": 19286000.0,
        "Salaries And Wages": 19286000.0,
        "Gross Profit": 27068000.0,
        "Cost Of Revenue": 64685000.0,
        "Total Revenue": 91753000.0,
        "Operating Revenue": 91753000.0
    },
    "2024-07-31": {
        "Tax Effect Of Unusual Items": -160.0,
        "Tax Rate For Calcs": 0.008,
        "Normalized EBITDA": -10669000.0,
        "Total Unusual Items": -20000.0,
        "Total Unusual Items Excluding Goodwill": -20000.0,
        "Net Income From Continuing Operation Net Minority Interest": -14504000.0,
        "Reconciled Depreciation": 2513000.0,
        "Reconciled Cost Of Revenue": 67041000.0,
        "EBITDA": -10689000.0,
        "EBIT": -13202000.0,
        "Net Interest Income": -1420000.0,
        "Interest Expense": 1420000.0,
        "Normalized Income": -14484160.0,
        "Net Income From Continuing And Discontinued Operation": -14504000.0,
        "Total Expenses": 99591000.0,
        "Total Operating Income As Reported": -13322000.0,
        "Diluted Average Shares": 13074000.0,
        "Basic Average Shares": 13074000.0,
        "Diluted EPS": -1.11,
        "Basic EPS": -1.11,
        "Diluted NI Availto Com Stockholders": -14504000.0,
        "Net Income Common Stockholders": -14504000.0,
        "Net Income": -14504000.0,
        "Net Income Including Noncontrolling Interests": -14504000.0,
        "Net Income Continuous Operations": -14504000.0,
        "Tax Provision": -118000.0,
        "Pretax Income": -14622000.0,
        "Other Income Expense": 100000.0,
        "Other Non Operating Income Expenses": 120000.0,
        "Special Income Charges": -20000.0,
        "Other Special Charges": NaN,
        "Impairment Of Capital Assets": 20000.0,
        "Net Non Operating Interest Income Expense": -1420000.0,
        "Interest Expense Non Operating": 1420000.0,
        "Operating Income": -13302000.0,
        "Operating Expense": 30962000.0,
        "Other Operating Expenses": 11384000.0,
        "Depreciation Amortization Depletion Income Statement": 925000.0,
        "Depreciation And Amortization In Income Statement": 925000.0,
        "Depreciation Income Statement": 925000.0,
        "Selling General And Administration": 18653000.0,
        "General And Administrative Expense": 18653000.0,
        "Salaries And Wages": 18653000.0,
        "Gross Profit": 17660000.0,
        "Cost Of Revenue": 68629000.0,
        "Total Revenue": 86289000.0,
        "Operating Revenue": 86289000.0
    },
    "2024-10-31": {
        "Tax Effect Of Unusual Items": -701190.0,
        "Tax Rate For Calcs": 0.21,
        "Normalized EBITDA": 73000.0,
        "Total Unusual Items": -3339000.0,
        "Total Unusual Items Excluding Goodwill": -3339000.0,
        "Net Income From Continuing Operation Net Minority Interest": -7680000.0,
        "Reconciled Depreciation": 2339000.0,
        "Reconciled Cost Of Revenue": 80792000.0,
        "EBITDA": -3266000.0,
        "EBIT": -5605000.0,
        "Net Interest Income": -1719000.0,
        "Interest Expense": 1719000.0,
        "Normalized Income": -5042190.0,
        "Net Income From Continuing And Discontinued Operation": -7680000.0,
        "Total Expenses": 116815000.0,
        "Total Operating Income As Reported": -2393000.0,
        "Diluted Average Shares": 13116000.0,
        "Basic Average Shares": 13116000.0,
        "Diluted EPS": -0.59,
        "Basic EPS": -0.59,
        "Diluted NI Availto Com Stockholders": -7680000.0,
        "Net Income Common Stockholders": -7680000.0,
        "Net Income": -7680000.0,
        "Net Income Including Noncontrolling Interests": -7680000.0,
        "Net Income Continuous Operations": -7680000.0,
        "Tax Provision": 356000.0,
        "Pretax Income": -7324000.0,
        "Other Income Expense": -3213000.0,
        "Other Non Operating Income Expenses": 126000.0,
        "Special Income Charges": -3339000.0,
        "Other Special Charges": 3338000.0,
        "Impairment Of Capital Assets": 1000.0,
        "Net Non Operating Interest Income Expense": -1719000.0,
        "Interest Expense Non Operating": 1719000.0,
        "Operating Income": -2392000.0,
        "Operating Expense": 34527000.0,
        "Other Operating Expenses": 14275000.0,
        "Depreciation Amortization Depletion Income Statement": 843000.0,
        "Depreciation And Amortization In Income Statement": 843000.0,
        "Depreciation Income Statement": 843000.0,
        "Selling General And Administration": 19409000.0,
        "General And Administrative Expense": 19409000.0,
        "Salaries And Wages": 19409000.0,
        "Gross Profit": 32135000.0,
        "Cost Of Revenue": 82288000.0,
        "Total Revenue": 114423000.0,
        "Operating Revenue": 114423000.0
    },
    "2025-01-31": {
        "Tax Effect Of Unusual Items": -30800.0,
        "Tax Rate For Calcs": 0.4,
        "Normalized EBITDA": 11678000.0,
        "Total Unusual Items": -77000.0,
        "Total Unusual Items Excluding Goodwill": -77000.0,
        "Net Income From Continuing Operation Net Minority Interest": 7882000.0,
        "Reconciled Depreciation": 2269000.0,
        "Reconciled Cost Of Revenue": 102263000.0,
        "EBITDA": 11601000.0,
        "EBIT": 9332000.0,
        "Net Interest Income": -1683000.0,
        "Interest Expense": 1683000.0,
        "Normalized Income": 7928200.0,
        "Net Income From Continuing And Discontinued Operation": 7882000.0,
        "Total Expenses": 139628000.0,
        "Total Operating Income As Reported": 9190000.0,
        "Diluted Average Shares": NaN,
        "Basic Average Shares": NaN,
        "Diluted EPS": NaN,
        "Basic EPS": NaN,
        "Diluted NI Availto Com Stockholders": 7882000.0,
        "Net Income Common Stockholders": 7882000.0,
        "Net Income": 7882000.0,
        "Net Income Including Noncontrolling Interests": 7882000.0,
        "Net Income Continuous Operations": 7882000.0,
        "Tax Provision": -233000.0,
        "Pretax Income": 7649000.0,
        "Other Income Expense": 65000.0,
        "Other Non Operating Income Expenses": 142000.0,
        "Special Income Charges": -77000.0,
        "Other Special Charges": 0.0,
        "Impairment Of Capital Assets": 77000.0,
        "Net Non Operating Interest Income Expense": -1683000.0,
        "Interest Expense Non Operating": 1683000.0,
        "Operating Income": 9267000.0,
        "Operating Expense": 35876000.0,
        "Other Operating Expenses": 14722000.0,
        "Depreciation Amortization Depletion Income Statement": 780000.0,
        "Depreciation And Amortization In Income Statement": 780000.0,
        "Depreciation Income Statement": 780000.0,
        "Selling General And Administration": 20374000.0,
        "General And Administrative Expense": 20374000.0,
        "Salaries And Wages": 20374000.0,
        "Gross Profit": 45143000.0,
        "Cost Of Revenue": 103752000.0,
        "Total Revenue": 148895000.0,
        "Operating Revenue": 148895000.0
    }
}