{
    "2023-06-30": {
        "Tax Effect Of Unusual Items": NaN,
        "Tax Rate For Calcs": NaN,
        "Normalized EBITDA": NaN,
        "Total Unusual Items": NaN,
        "Total Unusual Items Excluding Goodwill": NaN,
        "Net Income From Continuing Operation Net Minority Interest": NaN,
        "Reconciled Depreciation": NaN,
        "Reconciled Cost Of Revenue": NaN,
        "EBITDA": NaN,
        "EBIT": NaN,
        "Net Interest Income": NaN,
        "Interest Expense": NaN,
        "Normalized Income": NaN,
        "Net Income From Continuing And Discontinued Operation": NaN,
        "Total Expenses": NaN,
        "Diluted Average Shares": NaN,
        "Basic Average Shares": NaN,
        "Diluted EPS": NaN,
        "Basic EPS": NaN,
        "Diluted NI Availto Com Stockholders": NaN,
        "Net Income Common Stockholders": NaN,
        "Net Income": NaN,
        "Minority Interests": 0.0,
        "Net Income Including Noncontrolling Interests": NaN,
        "Net Income Continuous Operations": NaN,
        "Tax Provision": NaN,
        "Pretax Income": NaN,
        "Other Income Expense": NaN,
        "Other Non Operating Income Expenses": NaN,
        "Special Income Charges": NaN,
        "Other Special Charges": 0.0,
        "Impairment Of Capital Assets": NaN,
        "Net Non Operating Interest Income Expense": NaN,
        "Interest Expense Non Operating": NaN,
        "Operating Income": NaN,
        "Operating Expense": NaN,
        "Research And Development": NaN,
        "Selling General And Administration": NaN,
        "Gross Profit": NaN,
        "Cost Of Revenue": NaN,
        "Total Revenue": NaN,
        "Operating Revenue": NaN
    },
    "2023-03-31": {
        "Tax Effect Of Unusual Items": NaN,
        "Tax Rate For Calcs": NaN,
        "Normalized EBITDA": NaN,
        "Total Unusual Items": NaN,
        "Total Unusual Items Excluding Goodwill": NaN,
        "Net Income From Continuing Operation Net Minority Interest": NaN,
        "Reconciled Depreciation": NaN,
        "Reconciled Cost Of Revenue": NaN,
        "EBITDA": NaN,
        "EBIT": NaN,
        "Net Interest Income": NaN,
        "Interest Expense": NaN,
        "Normalized Income": NaN,
        "Net Income From Continuing And Discontinued Operation": NaN,
        "Total Expenses": NaN,
        "Diluted Average Shares": NaN,
        "Basic Average Shares": NaN,
        "Diluted EPS": NaN,
        "Basic EPS": NaN,
        "Diluted NI Availto Com Stockholders": NaN,
        "Net Income Common Stockholders": NaN,
        "Net Income": NaN,
        "Minority Interests": NaN,
        "Net Income Including Noncontrolling Interests": NaN,
        "Net Income Continuous Operations": NaN,
        "Tax Provision": NaN,
        "Pretax Income": NaN,
        "Other Income Expense": NaN,
        "Other Non Operating Income Expenses": NaN,
        "Special Income Charges": NaN,
        "Other Special Charges": NaN,
        "Impairment Of Capital Assets": 0.0,
        "Net Non Operating Interest Income Expense": NaN,
        "Interest Expense Non Operating": NaN,
        "Operating Income": NaN,
        "Operating Expense": NaN,
        "Research And Development": NaN,
        "Selling General And Administration": NaN,
        "Gross Profit": NaN,
        "Cost Of Revenue": NaN,
        "Total Revenue": NaN,
        "Operating Revenue": NaN
    },
    "2022-12-31": {
        "Tax Effect Of Unusual Items": NaN,
        "Tax Rate For Calcs": NaN,
        "Normalized EBITDA": NaN,
        "Total Unusual Items": NaN,
        "Total Unusual Items Excluding Goodwill": NaN,
        "Net Income From Continuing Operation Net Minority Interest": NaN,
        "Reconciled Depreciation": NaN,
        "Reconciled Cost Of Revenue": NaN,
        "EBITDA": NaN,
        "EBIT": NaN,
        "Net Interest Income": NaN,
        "Interest Expense": NaN,
        "Normalized Income": NaN,
        "Net Income From Continuing And Discontinued Operation": NaN,
        "Total Expenses": NaN,
        "Diluted Average Shares": NaN,
        "Basic Average Shares": NaN,
        "Diluted EPS": NaN,
        "Basic EPS": NaN,
        "Diluted NI Availto Com Stockholders": NaN,
        "Net Income Common Stockholders": NaN,
        "Net Income": NaN,
        "Minority Interests": NaN,
        "Net Income Including Noncontrolling Interests": NaN,
        "Net Income Continuous Operations": NaN,
        "Tax Provision": NaN,
        "Pretax Income": NaN,
        "Other Income Expense": NaN,
        "Other Non Operating Income Expenses": NaN,
        "Special Income Charges": NaN,
        "Other Special Charges": NaN,
        "Impairment Of Capital Assets": 0.0,
        "Net Non Operating Interest Income Expense": NaN,
        "Interest Expense Non Operating": NaN,
        "Operating Income": NaN,
        "Operating Expense": NaN,
        "Research And Development": NaN,
        "Selling General And Administration": NaN,
        "Gross Profit": NaN,
        "Cost Of Revenue": NaN,
        "Total Revenue": NaN,
        "Operating Revenue": NaN
    },
    "2022-09-30": {
        "Tax Effect Of Unusual Items": NaN,
        "Tax Rate For Calcs": NaN,
        "Normalized EBITDA": NaN,
        "Total Unusual Items": NaN,
        "Total Unusual Items Excluding Goodwill": NaN,
        "Net Income From Continuing Operation Net Minority Interest": NaN,
        "Reconciled Depreciation": NaN,
        "Reconciled Cost Of Revenue": NaN,
        "EBITDA": NaN,
        "EBIT": NaN,
        "Net Interest Income": NaN,
        "Interest Expense": NaN,
        "Normalized Income": NaN,
        "Net Income From Continuing And Discontinued Operation": NaN,
        "Total Expenses": NaN,
        "Diluted Average Shares": NaN,
        "Basic Average Shares": NaN,
        "Diluted EPS": NaN,
        "Basic EPS": NaN,
        "Diluted NI Availto Com Stockholders": NaN,
        "Net Income Common Stockholders": NaN,
        "Net Income": NaN,
        "Minority Interests": NaN,
        "Net Income Including Noncontrolling Interests": NaN,
        "Net Income Continuous Operations": NaN,
        "Tax Provision": NaN,
        "Pretax Income": NaN,
        "Other Income Expense": NaN,
        "Other Non Operating Income Expenses": NaN,
        "Special Income Charges": NaN,
        "Other Special Charges": 13286000.0,
        "Impairment Of Capital Assets": NaN,
        "Net Non Operating Interest Income Expense": NaN,
        "Interest Expense Non Operating": NaN,
        "Operating Income": NaN,
        "Operating Expense": NaN,
        "Research And Development": NaN,
        "Selling General And Administration": NaN,
        "Gross Profit": NaN,
        "Cost Of Revenue": NaN,
        "Total Revenue": NaN,
        "Operating Revenue": NaN
    },
    "2022-06-30": {
        "Tax Effect Of Unusual Items": 0.0,
        "Tax Rate For Calcs": 0.151944,
        "Normalized EBITDA": 993896000.0,
        "Total Unusual Items": NaN,
        "Total Unusual Items Excluding Goodwill": NaN,
        "Net Income From Continuing Operation Net Minority Interest": 805374000.0,
        "Reconciled Depreciation": -161648000.0,
        "Reconciled Cost Of Revenue": 978564000.0,
        "EBITDA": 993896000.0,
        "EBIT": 993896000.0,
        "Net Interest Income": -44197000.0,
        "Interest Expense": 44197000.0,
        "Normalized Income": 805374000.0,
        "Net Income From Continuing And Discontinued Operation": 805374000.0,
        "Total Expenses": 1512223000.0,
        "Diluted Average Shares": 149182000.0,
        "Basic Average Shares": 148226000.0,
        "Diluted EPS": 5.4,
        "Basic EPS": 5.43,
        "Diluted NI Availto Com Stockholders": 805374000.0,
        "Net Income Common Stockholders": 805374000.0,
        "Net Income": 805374000.0,
        "Minority Interests": -24000.0,
        "Net Income Including Noncontrolling Interests": 805398000.0,
        "Net Income Continuous Operations": 805398000.0,
        "Tax Provision": 144301000.0,
        "Pretax Income": 949699000.0,
        "Other Income Expense": 19380000.0,
        "Other Non Operating Income Expenses": 19380000.0,
        "Special Income Charges": NaN,
        "Other Special Charges": NaN,
        "Net Non Operating Interest Income Expense": -44197000.0,
        "Interest Expense Non Operating": 44197000.0,
        "Operating Income": 974516000.0,
        "Operating Expense": 533659000.0,
        "Research And Development": 296881000.0,
        "Selling General And Administration": 236778000.0,
        "Gross Profit": 1508175000.0,
        "Cost Of Revenue": 978564000.0,
        "Total Revenue": 2486739000.0,
        "Operating Revenue": 2486739000.0
    },
    "2022-03-31": {
        "Diluted EPS": 4.83,
        "Total Revenue": NaN,
        "Gross Profit": NaN,
        "Operating Income": 895,
        "EBIT": 987,
        "Net Income": 731
    },
    "2021-12-31": {
        "Diluted EPS": 4.71,
        "Total Revenue": NaN,
        "Gross Profit": NaN,
        "Operating Income": 966,
        "EBIT": NaN,
        "Net Income": 717
    },
    "2021-09-30": {
        "Diluted EPS": 6.96,
        "Total Revenue": NaN,
        "Gross Profit": NaN,
        "Operating Income": 819,
        "EBIT": 904,
        "Net Income": NaN
    },
    "2021-06-30": {
        "Diluted EPS": 4.08,
        "Total Revenue": NaN,
        "Gross Profit": NaN,
        "Operating Income": 720,
        "EBIT": 804,
        "Net Income": 633
    },
    "2021-03-31": {
        "Diluted EPS": 3.66,
        "Total Revenue": NaN,
        "Gross Profit": NaN,
        "Operating Income": 672,
        "EBIT": 757,
        "Net Income": 567
    },
    "2020-12-31": {
        "Diluted EPS": 2.94,
        "Total Revenue": NaN,
        "Gross Profit": 981,
        "Operating Income": 570,
        "EBIT": 654,
        "Net Income": 457
    },
    "2020-09-30": {
        "Diluted EPS": 2.69,
        "Total Revenue": NaN,
        "Gross Profit": 918,
        "Operating Income": 526,
        "EBIT": 606,
        "Net Income": 421
    },
    "2020-06-30": {
        "Diluted EPS": 2.64,
        "Total Revenue": NaN,
        "Gross Profit": 838,
        "Operating Income": 453,
        "EBIT": 532,
        "Net Income": 411
    },
    "2020-03-31": {
        "Diluted EPS": 0.5,
        "Total Revenue": NaN,
        "Gross Profit": 834,
        "Operating Income": 176,
        "EBIT": 515,
        "Net Income": 78
    },
    "2019-12-31": {
        "Diluted EPS": 2.4,
        "Total Revenue": NaN,
        "Gross Profit": 876,
        "Operating Income": 463,
        "EBIT": 551,
        "Net Income": 381
    },
    "2019-09-30": {
        "Diluted EPS": 2.16,
        "Total Revenue": NaN,
        "Gross Profit": 809,
        "Operating Income": 410,
        "EBIT": 509,
        "Net Income": 347
    },
    "2019-06-30": {
        "Diluted EPS": 1.3,
        "Total Revenue": NaN,
        "Gross Profit": 666,
        "Operating Income": 269,
        "EBIT": 397,
        "Net Income": 218
    },
    "2019-03-31": {
        "Diluted EPS": 1.23,
        "Total Revenue": NaN,
        "Gross Profit": 610,
        "Operating Income": 243,
        "EBIT": 317,
        "Net Income": 193
    },
    "2018-12-31": {
        "Diluted EPS": 2.42,
        "Total Revenue": NaN,
        "Gross Profit": 712,
        "Operating Income": 433,
        "EBIT": 449,
        "Net Income": 369
    },
    "2018-09-30": {
        "Diluted EPS": 2.54,
        "Total Revenue": NaN,
        "Gross Profit": 712,
        "Operating Income": 444,
        "EBIT": 460,
        "Net Income": 396
    },
    "2018-06-30": {
        "Diluted EPS": 2.23,
        "Total Revenue": NaN,
        "Gross Profit": 692,
        "Operating Income": 424,
        "EBIT": 439,
        "Net Income": 349
    },
    "2018-03-31": {
        "Diluted EPS": 1.95,
        "Total Revenue": NaN,
        "Gross Profit": 653,
        "Operating Income": 386,
        "EBIT": 403,
        "Net Income": 307
    },
    "2017-12-31": {
        "Diluted EPS": -0.86,
        "Total Revenue": 976,
        "Gross Profit": 629,
        "Operating Income": 367,
        "EBIT": 383,
        "Net Income": -134
    },
    "2017-09-30": {
        "Diluted EPS": 1.78,
        "Total Revenue": 970,
        "Gross Profit": 616,
        "Operating Income": 362,
        "EBIT": 378,
        "Net Income": 281
    },
    "2017-06-30": {
        "Diluted EPS": 1.62,
        "Total Revenue": 939,
        "Gross Profit": 592,
        "Operating Income": 352,
        "EBIT": 366,
        "Net Income": 256
    },
    "2017-03-31": {
        "Diluted EPS": 1.61,
        "Total Revenue": 914,
        "Gross Profit": 571,
        "Operating Income": 344,
        "EBIT": 358,
        "Net Income": 254
    },
    "2016-12-31": {
        "Diluted EPS": 1.52,
        "Total Revenue": 877,
        "Gross Profit": 558,
        "Operating Income": 334,
        "EBIT": 349,
        "Net Income": 238
    },
    "2016-09-30": {
        "Diluted EPS": 1.13,
        "Total Revenue": 751,
        "Gross Profit": 473,
        "Operating Income": 249,
        "EBIT": 264,
        "Net Income": 178
    },
    "2016-06-30": {
        "Diluted EPS": 1.73,
        "Total Revenue": 919,
        "Gross Profit": 582,
        "Operating Income": 350,
        "EBIT": 365,
        "Net Income": 272
    },
    "2016-03-31": {
        "Diluted EPS": 1.12,
        "Total Revenue": 712,
        "Gross Profit": 438,
        "Operating Income": 235,
        "EBIT": 251,
        "Net Income": 176
    },
    "2015-12-31": {
        "Diluted EPS": 0.98,
        "Total Revenue": 710,
        "Gross Profit": 429,
        "Operating Income": 214,
        "EBIT": 231,
        "Net Income": 152
    },
    "2015-09-30": {
        "Diluted EPS": 0.66,
        "Total Revenue": 643,
        "Gross Profit": 372,
        "Operating Income": 161,
        "EBIT": 181,
        "Net Income": 105
    },
    "2015-06-30": {
        "Diluted EPS": 0.88,
        "Total Revenue": 756,
        "Gross Profit": 433,
        "Operating Income": 202,
        "EBIT": 222,
        "Net Income": 142
    },
    "2015-03-31": {
        "Diluted EPS": 0.81,
        "Total Revenue": 738,
        "Gross Profit": 418,
        "Operating Income": 195,
        "EBIT": 215,
        "Net Income": 132
    },
    "2014-12-31": {
        "Diluted EPS": 0.12,
        "Total Revenue": 676,
        "Gross Profit": 393,
        "Operating Income": 155,
        "EBIT": 174,
        "Net Income": 20
    },
    "2014-09-30": {
        "Diluted EPS": 0.43,
        "Total Revenue": 643,
        "Gross Profit": 354,
        "Operating Income": 109,
        "EBIT": 130,
        "Net Income": 72
    },
    "2014-06-30": {
        "Diluted EPS": 0.77,
        "Total Revenue": 734,
        "Gross Profit": 408,
        "Operating Income": 173,
        "EBIT": 195,
        "Net Income": 129
    },
    "2014-03-31": {
        "Diluted EPS": 1.21,
        "Total Revenue": 832,
        "Gross Profit": 489,
        "Operating Income": 261,
        "EBIT": 280,
        "Net Income": 204
    },
    "2013-12-31": {
        "Diluted EPS": 0.83,
        "Total Revenue": 705,
        "Gross Profit": 419,
        "Operating Income": 188,
        "EBIT": 209,
        "Net Income": 139
    },
    "2013-09-30": {
        "Diluted EPS": 0.66,
        "Total Revenue": 658,
        "Gross Profit": 381,
        "Operating Income": 150,
        "EBIT": 171,
        "Net Income": 111
    },
    "2013-06-30": {
        "Diluted EPS": 0.8,
        "Total Revenue": 720,
        "Gross Profit": 413,
        "Operating Income": 188,
        "EBIT": 207,
        "Net Income": 135
    },
    "2013-03-31": {
        "Diluted EPS": 0.98,
        "Total Revenue": 729,
        "Gross Profit": 420,
        "Operating Income": 202,
        "EBIT": 225,
        "Net Income": 166
    },
    "2012-12-31": {
        "Diluted EPS": 0.63,
        "Total Revenue": 673,
        "Gross Profit": 369,
        "Operating Income": 153,
        "EBIT": 174,
        "Net Income": 107
    },
    "2012-09-30": {
        "Diluted EPS": 0.8,
        "Total Revenue": 721,
        "Gross Profit": 403,
        "Operating Income": 187,
        "EBIT": 212,
        "Net Income": 135
    },
    "2012-06-30": {
        "Diluted EPS": 1.44,
        "Total Revenue": 892,
        "Gross Profit": 531,
        "Operating Income": 318,
        "EBIT": 342,
        "Net Income": 248
    },
    "2012-03-31": {
        "Diluted EPS": 1.21,
        "Total Revenue": 841,
        "Gross Profit": 485,
        "Operating Income": 284,
        "EBIT": 305,
        "Net Income": 205
    },
    "2011-12-31": {
        "Diluted EPS": 0.66,
        "Total Revenue": 642,
        "Gross Profit": 370,
        "Operating Income": 159,
        "EBIT": 184,
        "Net Income": 111
    },
    "2011-09-30": {
        "Diluted EPS": 1.13,
        "Total Revenue": 796,
        "Gross Profit": 456,
        "Operating Income": 254,
        "EBIT": 277,
        "Net Income": 192
    },
    "2011-06-30": {
        "Diluted EPS": 1.44,
        "Total Revenue": 892,
        "Gross Profit": 536,
        "Operating Income": 344,
        "EBIT": 367,
        "Net Income": 245
    },
    "2011-03-31": {
        "Diluted EPS": 1.22,
        "Total Revenue": 834,
        "Gross Profit": 506,
        "Operating Income": 312,
        "EBIT": 326,
        "Net Income": 210
    },
    "2010-12-31": {
        "Diluted EPS": 1.09,
        "Total Revenue": 766,
        "Gross Profit": 455,
        "Operating Income": 269,
        "EBIT": 297,
        "Net Income": 185
    },
    "2010-09-30": {
        "Diluted EPS": 0.91,
        "Total Revenue": 682,
        "Gross Profit": 418,
        "Operating Income": 236,
        "EBIT": 256,
        "Net Income": 154
    },
    "2010-06-30": {
        "Diluted EPS": 0.65,
        "Total Revenue": 559,
        "Gross Profit": 332,
        "Operating Income": 161,
        "EBIT": 196,
        "Net Income": 113
    },
    "2010-03-31": {
        "Diluted EPS": 0.33,
        "Total Revenue": 478,
        "Gross Profit": 270,
        "Operating Income": 91,
        "EBIT": 113,
        "Net Income": 57
    },
    "2009-12-31": {
        "Diluted EPS": 0.13,
        "Total Revenue": 440,
        "Gross Profit": 233,
        "Operating Income": 47,
        "EBIT": 70,
        "Net Income": 22
    },
    "2009-09-30": {
        "Diluted EPS": 0.12,
        "Total Revenue": 343,
        "Gross Profit": 171,
        "Operating Income": 15,
        "EBIT": 38,
        "Net Income": 20
    },
    "2009-06-30": {
        "Diluted EPS": -0.12,
        "Total Revenue": 282,
        "Gross Profit": 117,
        "Operating Income": -35,
        "EBIT": -9,
        "Net Income": -26
    },
    "2009-03-31": {
        "Diluted EPS": -0.49,
        "Total Revenue": 310,
        "Gross Profit": 100,
        "Operating Income": -72,
        "EBIT": -38,
        "Net Income": -83
    },
    "2023-09-30": {
        "Tax Effect Of Unusual Items": NaN,
        "Tax Rate For Calcs": NaN,
        "Normalized EBITDA": NaN,
        "Total Unusual Items": NaN,
        "Total Unusual Items Excluding Goodwill": NaN,
        "Net Income From Continuing Operation Net Minority Interest": NaN,
        "Reconciled Depreciation": NaN,
        "Reconciled Cost Of Revenue": NaN,
        "EBITDA": NaN,
        "EBIT": NaN,
        "Net Interest Income": NaN,
        "Interest Expense": NaN,
        "Normalized Income": NaN,
        "Net Income From Continuing And Discontinued Operation": NaN,
        "Total Expenses": NaN,
        "Diluted Average Shares": NaN,
        "Basic Average Shares": NaN,
        "Diluted EPS": NaN,
        "Basic EPS": NaN,
        "Diluted NI Availto Com Stockholders": NaN,
        "Net Income Common Stockholders": NaN,
        "Net Income": NaN,
        "Minority Interests": 0.0,
        "Net Income Including Noncontrolling Interests": NaN,
        "Net Income Continuous Operations": NaN,
        "Tax Provision": NaN,
        "Pretax Income": NaN,
        "Other Income Expense": NaN,
        "Other Non Operating Income Expenses": NaN,
        "Special Income Charges": NaN,
        "Impairment Of Capital Assets": NaN,
        "Net Non Operating Interest Income Expense": NaN,
        "Interest Expense Non Operating": NaN,
        "Operating Income": NaN,
        "Operating Expense": NaN,
        "Research And Development": NaN,
        "Selling General And Administration": NaN,
        "Gross Profit": NaN,
        "Cost Of Revenue": NaN,
        "Total Revenue": NaN,
        "Operating Revenue": NaN
    },
    "2023-12-31": {
        "Tax Effect Of Unusual Items": NaN,
        "Tax Rate For Calcs": NaN,
        "Normalized EBITDA": NaN,
        "Total Unusual Items": -219000000.0,
        "Total Unusual Items Excluding Goodwill": -219000000.0,
        "Net Income From Continuing Operation Net Minority Interest": NaN,
        "Reconciled Depreciation": NaN,
        "Reconciled Cost Of Revenue": NaN,
        "EBITDA": NaN,
        "EBIT": NaN,
        "Net Interest Income": NaN,
        "Interest Expense": NaN,
        "Normalized Income": NaN,
        "Net Income From Continuing And Discontinued Operation": NaN,
        "Total Expenses": NaN,
        "Diluted Average Shares": NaN,
        "Basic Average Shares": NaN,
        "Diluted EPS": NaN,
        "Basic EPS": NaN,
        "Diluted NI Availto Com Stockholders": NaN,
        "Net Income Common Stockholders": NaN,
        "Net Income": NaN,
        "Minority Interests": 0.0,
        "Net Income Including Noncontrolling Interests": NaN,
        "Net Income Continuous Operations": NaN,
        "Tax Provision": NaN,
        "Pretax Income": NaN,
        "Other Income Expense": NaN,
        "Other Non Operating Income Expenses": NaN,
        "Special Income Charges": -219000000.0,
        "Impairment Of Capital Assets": 219000000.0,
        "Net Non Operating Interest Income Expense": NaN,
        "Interest Expense Non Operating": NaN,
        "Operating Income": NaN,
        "Operating Expense": NaN,
        "Research And Development": NaN,
        "Selling General And Administration": NaN,
        "Gross Profit": NaN,
        "Cost Of Revenue": NaN,
        "Total Revenue": NaN,
        "Operating Revenue": NaN
    },
    "2024-03-31": {
        "Tax Effect Of Unusual Items": -10085798.677508,
        "Tax Rate For Calcs": 0.143114,
        "Normalized EBITDA": 951726000.0,
        "Total Unusual Items": -70474000.0,
        "Total Unusual Items Excluding Goodwill": -70474000.0,
        "Net Income From Continuing Operation Net Minority Interest": 601541000.0,
        "Reconciled Depreciation": 99263000.0,
        "Reconciled Cost Of Revenue": 993885000.0,
        "EBITDA": 881252000.0,
        "EBIT": 781989000.0,
        "Net Interest Income": -79981000.0,
        "Interest Expense": 79981000.0,
        "Normalized Income": 661929201.322492,
        "Net Income From Continuing And Discontinued Operation": 601541000.0,
        "Total Expenses": 1552989000.0,
        "Diluted Average Shares": 135856000.0,
        "Basic Average Shares": 134954000.0,
        "Diluted EPS": 4.43,
        "Basic EPS": 4.46,
        "Diluted NI Availto Com Stockholders": 601541000.0,
        "Net Income Common Stockholders": 601541000.0,
        "Net Income": 601541000.0,
        "Minority Interests": 0.0,
        "Net Income Including Noncontrolling Interests": 601541000.0,
        "Net Income Continuous Operations": 601541000.0,
        "Tax Provision": 100467000.0,
        "Pretax Income": 702008000.0,
        "Other Income Expense": -24852000.0,
        "Other Non Operating Income Expenses": 45622000.0,
        "Special Income Charges": -70474000.0,
        "Impairment Of Capital Assets": 70474000.0,
        "Net Non Operating Interest Income Expense": -79981000.0,
        "Interest Expense Non Operating": 79981000.0,
        "Operating Income": 806841000.0,
        "Operating Expense": 559104000.0,
        "Research And Development": 321590000.0,
        "Selling General And Administration": 237514000.0,
        "Gross Profit": 1365945000.0,
        "Cost Of Revenue": 993885000.0,
        "Total Revenue": 2359830000.0,
        "Operating Revenue": 2359830000.0
    },
    "2024-06-30": {
        "Tax Effect Of Unusual Items": 823346.138747,
        "Tax Rate For Calcs": 0.114912,
        "Normalized EBITDA": 1121715000.0,
        "Total Unusual Items": 7165000.0,
        "Total Unusual Items Excluding Goodwill": 7165000.0,
        "Net Income From Continuing Operation Net Minority Interest": 836446000.0,
        "Reconciled Depreciation": 101001000.0,
        "Reconciled Cost Of Revenue": 1010551000.0,
        "EBITDA": 1128880000.0,
        "EBIT": 1027879000.0,
        "Net Interest Income": 77852000.0,
        "Interest Expense": 82836000.0,
        "Normalized Income": 830104346.138747,
        "Net Income From Continuing And Discontinued Operation": 836446000.0,
        "Total Expenses": 1591416000.0,
        "Diluted Average Shares": 135342000.0,
        "Basic Average Shares": 134462000.0,
        "Diluted EPS": 6.18,
        "Basic EPS": 6.22,
        "Diluted NI Availto Com Stockholders": 836446000.0,
        "Net Income Common Stockholders": 836446000.0,
        "Net Income": 836446000.0,
        "Minority Interests": 0.0,
        "Net Income Including Noncontrolling Interests": 836446000.0,
        "Net Income Continuous Operations": 836446000.0,
        "Tax Provision": 108597000.0,
        "Pretax Income": 945043000.0,
        "Other Income Expense": -110128000.0,
        "Other Non Operating Income Expenses": -117293000.0,
        "Special Income Charges": 0.0,
        "Impairment Of Capital Assets": 0.0,
        "Net Non Operating Interest Income Expense": 77852000.0,
        "Interest Expense Non Operating": 82836000.0,
        "Operating Income": 977319000.0,
        "Operating Expense": 580865000.0,
        "Research And Development": 325759000.0,
        "Selling General And Administration": 255106000.0,
        "Gross Profit": 1558184000.0,
        "Cost Of Revenue": 1010551000.0,
        "Total Revenue": 2568735000.0,
        "Operating Revenue": 2568735000.0
    },
    "2024-09-30": {
        "Tax Effect Of Unusual Items": 0.0,
        "Tax Rate For Calcs": 0.123,
        "Normalized EBITDA": 1256681000.0,
        "Total Unusual Items": NaN,
        "Total Unusual Items Excluding Goodwill": NaN,
        "Net Income From Continuing Operation Net Minority Interest": 945851000.0,
        "Reconciled Depreciation": 95823000.0,
        "Reconciled Cost Of Revenue": 1147431000.0,
        "EBITDA": 1256681000.0,
        "EBIT": 1160858000.0,
        "Net Interest Income": -82171000.0,
        "Interest Expense": 82171000.0,
        "Normalized Income": 945851000.0,
        "Net Income From Continuing And Discontinued Operation": 945851000.0,
        "Total Expenses": 1721618000.0,
        "Diluted Average Shares": 134858000.0,
        "Basic Average Shares": 134134000.0,
        "Diluted EPS": 7.01,
        "Basic EPS": 7.05,
        "Diluted NI Availto Com Stockholders": 945851000.0,
        "Net Income Common Stockholders": 945851000.0,
        "Net Income": 945851000.0,
        "Minority Interests": NaN,
        "Net Income Including Noncontrolling Interests": 945851000.0,
        "Net Income Continuous Operations": 945851000.0,
        "Tax Provision": 132836000.0,
        "Pretax Income": 1078687000.0,
        "Other Income Expense": 40935000.0,
        "Other Non Operating Income Expenses": 40935000.0,
        "Special Income Charges": NaN,
        "Impairment Of Capital Assets": NaN,
        "Net Non Operating Interest Income Expense": -82171000.0,
        "Interest Expense Non Operating": 82171000.0,
        "Operating Income": 1119923000.0,
        "Operating Expense": 574187000.0,
        "Research And Development": 323145000.0,
        "Selling General And Administration": 251042000.0,
        "Gross Profit": 1694110000.0,
        "Cost Of Revenue": 1147431000.0,
        "Total Revenue": 2841541000.0,
        "Operating Revenue": 2841541000.0
    },
    "2024-12-31": {
        "Tax Effect Of Unusual Items": -36343200.0,
        "Tax Rate For Calcs": 0.152,
        "Normalized EBITDA": 1390532000.0,
        "Total Unusual Items": -239100000.0,
        "Total Unusual Items Excluding Goodwill": -239100000.0,
        "Net Income From Continuing Operation Net Minority Interest": 824527000.0,
        "Reconciled Depreciation": 103922000.0,
        "Reconciled Cost Of Revenue": 1221461000.0,
        "EBITDA": 1151432000.0,
        "EBIT": 1047510000.0,
        "Net Interest Income": -74981000.0,
        "Interest Expense": 74981000.0,
        "Normalized Income": 1027283800.0,
        "Net Income From Continuing And Discontinued Operation": 824527000.0,
        "Total Expenses": 1834699000.0,
        "Diluted Average Shares": 133926000.0,
        "Basic Average Shares": 133327000.0,
        "Diluted EPS": 6.16,
        "Basic EPS": 6.18,
        "Diluted NI Availto Com Stockholders": 824527000.0,
        "Net Income Common Stockholders": 824527000.0,
        "Net Income": 824527000.0,
        "Minority Interests": NaN,
        "Net Income Including Noncontrolling Interests": 824527000.0,
        "Net Income Continuous Operations": 824527000.0,
        "Tax Provision": 148002000.0,
        "Pretax Income": 972529000.0,
        "Other Income Expense": -194642000.0,
        "Other Non Operating Income Expenses": 44458000.0,
        "Special Income Charges": -239100000.0,
        "Impairment Of Capital Assets": 239100000.0,
        "Net Non Operating Interest Income Expense": -74981000.0,
        "Interest Expense Non Operating": 74981000.0,
        "Operating Income": 1242152000.0,
        "Operating Expense": 613238000.0,
        "Research And Development": 346157000.0,
        "Selling General And Administration": 267081000.0,
        "Gross Profit": 1855390000.0,
        "Cost Of Revenue": 1221461000.0,
        "Total Revenue": 3076851000.0,
        "Operating Revenue": 3076851000.0
    },
    "2025-03-31": {
        "Tax Effect Of Unusual Items": 0.0,
        "Tax Rate For Calcs": 0.139206,
        "Normalized EBITDA": 1434413000.0,
        "Total Unusual Items": 0.0,
        "Total Unusual Items Excluding Goodwill": 0.0,
        "Net Income From Continuing Operation Net Minority Interest": 1088416000.0,
        "Reconciled Depreciation": 98091000.0,
        "Reconciled Cost Of Revenue": 1175689000.0,
        "EBITDA": 1434413000.0,
        "EBIT": 1336322000.0,
        "Net Interest Income": -71889000.0,
        "Interest Expense": 71889000.0,
        "Normalized Income": 1088416000.0,
        "Net Income From Continuing And Discontinued Operation": 1088416000.0,
        "Total Expenses": 1762637000.0,
        "Diluted Average Shares": 133303000.0,
        "Basic Average Shares": 132607000.0,
        "Diluted EPS": 8.16,
        "Basic EPS": 8.21,
        "Diluted NI Availto Com Stockholders": 1088416000.0,
        "Net Income Common Stockholders": 1088416000.0,
        "Net Income": 1088416000.0,
        "Minority Interests": NaN,
        "Net Income Including Noncontrolling Interests": 1088416000.0,
        "Net Income Continuous Operations": 1088416000.0,
        "Tax Provision": 176017000.0,
        "Pretax Income": 1264433000.0,
        "Other Income Expense": 35930000.0,
        "Other Non Operating Income Expenses": 35930000.0,
        "Special Income Charges": 0.0,
        "Impairment Of Capital Assets": 0.0,
        "Net Non Operating Interest Income Expense": -71889000.0,
        "Interest Expense Non Operating": 71889000.0,
        "Operating Income": 1300392000.0,
        "Operating Expense": 586948000.0,
        "Research And Development": 338043000.0,
        "Selling General And Administration": 248905000.0,
        "Gross Profit": 1887340000.0,
        "Cost Of Revenue": 1175689000.0,
        "Total Revenue": 3063029000.0,
        "Operating Revenue": 3063029000.0
    }
}