{
    "2023-06-30": {
        "Tax Effect Of Unusual Items": NaN,
        "Tax Rate For Calcs": NaN,
        "Normalized EBITDA": NaN,
        "Total Unusual Items": NaN,
        "Total Unusual Items Excluding Goodwill": NaN,
        "Net Income From Continuing Operation Net Minority Interest": NaN,
        "Reconciled Depreciation": NaN,
        "Reconciled Cost Of Revenue": NaN,
        "EBITDA": NaN,
        "EBIT": NaN,
        "Net Interest Income": 0.0,
        "Interest Expense": 0.0,
        "Normalized Income": NaN,
        "Net Income From Continuing And Discontinued Operation": NaN,
        "Total Expenses": NaN,
        "Total Operating Income As Reported": NaN,
        "Diluted Average Shares": NaN,
        "Basic Average Shares": NaN,
        "Diluted EPS": NaN,
        "Basic EPS": NaN,
        "Diluted NI Availto Com Stockholders": NaN,
        "Net Income Common Stockholders": NaN,
        "Net Income": NaN,
        "Net Income Including Noncontrolling Interests": NaN,
        "Net Income Continuous Operations": NaN,
        "Tax Provision": NaN,
        "Pretax Income": NaN,
        "Other Income Expense": NaN,
        "Other Non Operating Income Expenses": NaN,
        "Special Income Charges": NaN,
        "Restructuring And Mergern Acquisition": NaN,
        "Net Non Operating Interest Income Expense": 0.0,
        "Interest Expense Non Operating": 0.0,
        "Operating Income": NaN,
        "Operating Expense": NaN,
        "Selling General And Administration": NaN,
        "Gross Profit": NaN,
        "Cost Of Revenue": NaN,
        "Total Revenue": NaN,
        "Operating Revenue": NaN
    },
    "2023-03-31": {
        "Tax Effect Of Unusual Items": NaN,
        "Tax Rate For Calcs": NaN,
        "Normalized EBITDA": NaN,
        "Net Income From Continuing Operation Net Minority Interest": NaN,
        "Reconciled Depreciation": NaN,
        "Reconciled Cost Of Revenue": NaN,
        "EBITDA": NaN,
        "EBIT": NaN,
        "Net Interest Income": 0.0,
        "Interest Expense": 0.0,
        "Normalized Income": NaN,
        "Net Income From Continuing And Discontinued Operation": NaN,
        "Total Expenses": NaN,
        "Total Operating Income As Reported": NaN,
        "Diluted Average Shares": NaN,
        "Basic Average Shares": NaN,
        "Diluted EPS": NaN,
        "Basic EPS": NaN,
        "Diluted NI Availto Com Stockholders": NaN,
        "Net Income Common Stockholders": NaN,
        "Net Income": NaN,
        "Net Income Including Noncontrolling Interests": NaN,
        "Net Income Continuous Operations": NaN,
        "Tax Provision": NaN,
        "Pretax Income": NaN,
        "Other Income Expense": NaN,
        "Other Non Operating Income Expenses": NaN,
        "Net Non Operating Interest Income Expense": 0.0,
        "Interest Expense Non Operating": 0.0,
        "Operating Income": NaN,
        "Operating Expense": NaN,
        "Selling General And Administration": NaN,
        "Gross Profit": NaN,
        "Cost Of Revenue": NaN,
        "Total Revenue": NaN,
        "Operating Revenue": NaN
    },
    "2023-09-30": {
        "Tax Effect Of Unusual Items": NaN,
        "Tax Rate For Calcs": NaN,
        "Normalized EBITDA": NaN,
        "Total Unusual Items": 0.0,
        "Total Unusual Items Excluding Goodwill": 0.0,
        "Net Income From Continuing Operation Net Minority Interest": NaN,
        "Reconciled Depreciation": NaN,
        "Reconciled Cost Of Revenue": NaN,
        "EBITDA": NaN,
        "EBIT": NaN,
        "Net Interest Income": NaN,
        "Interest Expense": NaN,
        "Normalized Income": NaN,
        "Net Income From Continuing And Discontinued Operation": NaN,
        "Total Expenses": NaN,
        "Total Operating Income As Reported": NaN,
        "Diluted Average Shares": NaN,
        "Basic Average Shares": NaN,
        "Diluted EPS": NaN,
        "Basic EPS": NaN,
        "Diluted NI Availto Com Stockholders": NaN,
        "Net Income Common Stockholders": NaN,
        "Net Income": NaN,
        "Net Income Including Noncontrolling Interests": NaN,
        "Net Income Continuous Operations": NaN,
        "Tax Provision": NaN,
        "Pretax Income": NaN,
        "Other Income Expense": NaN,
        "Other Non Operating Income Expenses": NaN,
        "Special Income Charges": 0.0,
        "Restructuring And Mergern Acquisition": 0.0,
        "Net Non Operating Interest Income Expense": NaN,
        "Interest Expense Non Operating": NaN,
        "Operating Income": NaN,
        "Operating Expense": NaN,
        "Selling General And Administration": NaN,
        "Gross Profit": NaN,
        "Cost Of Revenue": NaN,
        "Total Revenue": NaN,
        "Operating Revenue": NaN
    },
    "2022-12-31": {
        "Tax Effect Of Unusual Items": 0.0,
        "Tax Rate For Calcs": 0.201681,
        "Normalized EBITDA": -102000000.0,
        "Net Income From Continuing Operation Net Minority Interest": -190000000.0,
        "Reconciled Depreciation": 20000000.0,
        "Reconciled Cost Of Revenue": 479000000.0,
        "EBITDA": -102000000.0,
        "EBIT": -122000000.0,
        "Net Interest Income": NaN,
        "Interest Expense": NaN,
        "Normalized Income": -190000000.0,
        "Net Income From Continuing And Discontinued Operation": -190000000.0,
        "Total Expenses": 656000000.0,
        "Total Operating Income As Reported": -9000000.0,
        "Diluted Average Shares": NaN,
        "Basic Average Shares": NaN,
        "Diluted EPS": NaN,
        "Basic EPS": NaN,
        "Diluted NI Availto Com Stockholders": -190000000.0,
        "Net Income Common Stockholders": -190000000.0,
        "Net Income": -190000000.0,
        "Net Income Including Noncontrolling Interests": -190000000.0,
        "Net Income Continuous Operations": -190000000.0,
        "Tax Provision": -48000000.0,
        "Pretax Income": -238000000.0,
        "Other Income Expense": -192000000.0,
        "Other Non Operating Income Expenses": -192000000.0,
        "Net Non Operating Interest Income Expense": NaN,
        "Interest Expense Non Operating": NaN,
        "Operating Income": -9000000.0,
        "Operating Expense": 177000000.0,
        "Selling General And Administration": 177000000.0,
        "Gross Profit": 168000000.0,
        "Cost Of Revenue": 479000000.0,
        "Total Revenue": 647000000.0,
        "Operating Revenue": 647000000.0
    },
    "2022-09-30": {
        "Tax Effect Of Unusual Items": NaN,
        "Tax Rate For Calcs": NaN,
        "Normalized EBITDA": NaN,
        "Net Income From Continuing Operation Net Minority Interest": NaN,
        "Reconciled Depreciation": NaN,
        "Reconciled Cost Of Revenue": NaN,
        "EBITDA": NaN,
        "EBIT": NaN,
        "Net Interest Income": NaN,
        "Interest Expense": NaN,
        "Normalized Income": NaN,
        "Net Income From Continuing And Discontinued Operation": NaN,
        "Total Expenses": NaN,
        "Total Operating Income As Reported": NaN,
        "Diluted Average Shares": 86000000.0,
        "Basic Average Shares": 86000000.0,
        "Diluted EPS": 0.267442,
        "Basic EPS": 0.267442,
        "Diluted NI Availto Com Stockholders": NaN,
        "Net Income Common Stockholders": NaN,
        "Net Income": NaN,
        "Net Income Including Noncontrolling Interests": NaN,
        "Net Income Continuous Operations": NaN,
        "Tax Provision": NaN,
        "Pretax Income": NaN,
        "Other Income Expense": NaN,
        "Other Non Operating Income Expenses": NaN,
        "Net Non Operating Interest Income Expense": NaN,
        "Interest Expense Non Operating": NaN,
        "Operating Income": NaN,
        "Operating Expense": NaN,
        "Selling General And Administration": NaN,
        "Gross Profit": NaN,
        "Cost Of Revenue": NaN,
        "Total Revenue": NaN,
        "Operating Revenue": NaN
    },
    "2023-12-31": {
        "Tax Effect Of Unusual Items": 0.0,
        "Tax Rate For Calcs": 0.285714,
        "Normalized EBITDA": 101000000.0,
        "Total Unusual Items": NaN,
        "Total Unusual Items Excluding Goodwill": NaN,
        "Net Income From Continuing Operation Net Minority Interest": 15000000.0,
        "Reconciled Depreciation": 17000000.0,
        "Reconciled Cost Of Revenue": 465000000.0,
        "EBITDA": 101000000.0,
        "EBIT": 84000000.0,
        "Net Interest Income": NaN,
        "Interest Expense": NaN,
        "Normalized Income": 15000000.0,
        "Net Income From Continuing And Discontinued Operation": 15000000.0,
        "Total Expenses": 630000000.0,
        "Total Operating Income As Reported": 21000000.0,
        "Diluted Average Shares": 86000000.0,
        "Basic Average Shares": 86000000.0,
        "Diluted EPS": 0.18,
        "Basic EPS": 0.18,
        "Diluted NI Availto Com Stockholders": 15000000.0,
        "Net Income Common Stockholders": 15000000.0,
        "Net Income": 15000000.0,
        "Net Income Including Noncontrolling Interests": 15000000.0,
        "Net Income Continuous Operations": 15000000.0,
        "Tax Provision": 6000000.0,
        "Pretax Income": 21000000.0,
        "Other Income Expense": 10000000.0,
        "Other Non Operating Income Expenses": 10000000.0,
        "Special Income Charges": NaN,
        "Restructuring And Mergern Acquisition": NaN,
        "Net Non Operating Interest Income Expense": NaN,
        "Interest Expense Non Operating": NaN,
        "Operating Income": 21000000.0,
        "Operating Expense": 165000000.0,
        "Selling General And Administration": 165000000.0,
        "Gross Profit": 186000000.0,
        "Cost Of Revenue": 465000000.0,
        "Total Revenue": 651000000.0,
        "Operating Revenue": 651000000.0
    },
    "2024-03-31": {
        "Tax Effect Of Unusual Items": 0.0,
        "Tax Rate For Calcs": 0.25,
        "Normalized EBITDA": 71000000.0,
        "Total Unusual Items": 0.0,
        "Total Unusual Items Excluding Goodwill": 0.0,
        "Net Income From Continuing Operation Net Minority Interest": 33000000.0,
        "Reconciled Depreciation": 19000000.0,
        "Reconciled Cost Of Revenue": 504000000.0,
        "EBITDA": 71000000.0,
        "EBIT": 52000000.0,
        "Net Interest Income": -8000000.0,
        "Interest Expense": 8000000.0,
        "Normalized Income": 33000000.0,
        "Net Income From Continuing And Discontinued Operation": 33000000.0,
        "Total Expenses": 661000000.0,
        "Total Operating Income As Reported": 46000000.0,
        "Diluted Average Shares": 87000000.0,
        "Basic Average Shares": 86000000.0,
        "Diluted EPS": 0.37,
        "Basic EPS": 0.38,
        "Diluted NI Availto Com Stockholders": 33000000.0,
        "Net Income Common Stockholders": 33000000.0,
        "Net Income": 33000000.0,
        "Net Income Including Noncontrolling Interests": 33000000.0,
        "Net Income Continuous Operations": 33000000.0,
        "Tax Provision": 11000000.0,
        "Pretax Income": 44000000.0,
        "Other Income Expense": 6000000.0,
        "Other Non Operating Income Expenses": 6000000.0,
        "Special Income Charges": 0.0,
        "Restructuring And Mergern Acquisition": 0.0,
        "Net Non Operating Interest Income Expense": -8000000.0,
        "Interest Expense Non Operating": 8000000.0,
        "Operating Income": 46000000.0,
        "Operating Expense": 157000000.0,
        "Selling General And Administration": 157000000.0,
        "Gross Profit": 203000000.0,
        "Cost Of Revenue": 504000000.0,
        "Total Revenue": 707000000.0,
        "Operating Revenue": 707000000.0
    },
    "2024-06-30": {
        "Tax Effect Of Unusual Items": 0.0,
        "Tax Rate For Calcs": 0.26,
        "Normalized EBITDA": 78000000.0,
        "Total Unusual Items": 0.0,
        "Total Unusual Items Excluding Goodwill": 0.0,
        "Net Income From Continuing Operation Net Minority Interest": 37000000.0,
        "Reconciled Depreciation": 20000000.0,
        "Reconciled Cost Of Revenue": 469000000.0,
        "EBITDA": 78000000.0,
        "EBIT": 58000000.0,
        "Net Interest Income": -8000000.0,
        "Interest Expense": 8000000.0,
        "Normalized Income": 37000000.0,
        "Net Income From Continuing And Discontinued Operation": 37000000.0,
        "Total Expenses": 618000000.0,
        "Total Operating Income As Reported": 54000000.0,
        "Diluted Average Shares": 88000000.0,
        "Basic Average Shares": 86000000.0,
        "Diluted EPS": 0.36,
        "Basic EPS": 0.37,
        "Diluted NI Availto Com Stockholders": 37000000.0,
        "Net Income Common Stockholders": 37000000.0,
        "Net Income": 37000000.0,
        "Net Income Including Noncontrolling Interests": 37000000.0,
        "Net Income Continuous Operations": 37000000.0,
        "Tax Provision": 13000000.0,
        "Pretax Income": 50000000.0,
        "Other Income Expense": 4000000.0,
        "Other Non Operating Income Expenses": 4000000.0,
        "Special Income Charges": 0.0,
        "Restructuring And Mergern Acquisition": 0.0,
        "Net Non Operating Interest Income Expense": -8000000.0,
        "Interest Expense Non Operating": 8000000.0,
        "Operating Income": 54000000.0,
        "Operating Expense": 149000000.0,
        "Selling General And Administration": 149000000.0,
        "Gross Profit": 203000000.0,
        "Cost Of Revenue": 469000000.0,
        "Total Revenue": 672000000.0,
        "Operating Revenue": 672000000.0
    },
    "2024-09-30": {
        "Tax Effect Of Unusual Items": -10564000.0,
        "Tax Rate For Calcs": 0.278,
        "Normalized EBITDA": 50000000.0,
        "Total Unusual Items": -38000000.0,
        "Total Unusual Items Excluding Goodwill": -38000000.0,
        "Net Income From Continuing Operation Net Minority Interest": -11000000.0,
        "Reconciled Depreciation": 20000000.0,
        "Reconciled Cost Of Revenue": 495000000.0,
        "EBITDA": 12000000.0,
        "EBIT": -8000000.0,
        "Net Interest Income": -7000000.0,
        "Interest Expense": 7000000.0,
        "Normalized Income": 16436000.0,
        "Net Income From Continuing And Discontinued Operation": -11000000.0,
        "Total Expenses": 657000000.0,
        "Total Operating Income As Reported": -6000000.0,
        "Diluted Average Shares": 86000000.0,
        "Basic Average Shares": 86000000.0,
        "Diluted EPS": -0.13,
        "Basic EPS": -0.13,
        "Diluted NI Availto Com Stockholders": -11000000.0,
        "Net Income Common Stockholders": -11000000.0,
        "Net Income": -11000000.0,
        "Net Income Including Noncontrolling Interests": -11000000.0,
        "Net Income Continuous Operations": -11000000.0,
        "Tax Provision": -4000000.0,
        "Pretax Income": -15000000.0,
        "Other Income Expense": -40000000.0,
        "Other Non Operating Income Expenses": -2000000.0,
        "Special Income Charges": -38000000.0,
        "Restructuring And Mergern Acquisition": 38000000.0,
        "Net Non Operating Interest Income Expense": -7000000.0,
        "Interest Expense Non Operating": 7000000.0,
        "Operating Income": 32000000.0,
        "Operating Expense": 162000000.0,
        "Selling General And Administration": 162000000.0,
        "Gross Profit": 194000000.0,
        "Cost Of Revenue": 495000000.0,
        "Total Revenue": 689000000.0,
        "Operating Revenue": 689000000.0
    },
    "2024-12-31": {
        "Tax Effect Of Unusual Items": -3150000.0,
        "Tax Rate For Calcs": 0.21,
        "Normalized EBITDA": 54000000.0,
        "Total Unusual Items": -15000000.0,
        "Total Unusual Items Excluding Goodwill": -15000000.0,
        "Net Income From Continuing Operation Net Minority Interest": 19000000.0,
        "Reconciled Depreciation": 19000000.0,
        "Reconciled Cost Of Revenue": 440000000.0,
        "EBITDA": 39000000.0,
        "EBIT": 20000000.0,
        "Net Interest Income": -7000000.0,
        "Interest Expense": 7000000.0,
        "Normalized Income": 30850000.0,
        "Net Income From Continuing And Discontinued Operation": 19000000.0,
        "Total Expenses": 603000000.0,
        "Total Operating Income As Reported": 22000000.0,
        "Diluted Average Shares": 88000000.0,
        "Basic Average Shares": 86000000.0,
        "Diluted EPS": 0.21,
        "Basic EPS": 0.22,
        "Diluted NI Availto Com Stockholders": 19000000.0,
        "Net Income Common Stockholders": 19000000.0,
        "Net Income": 19000000.0,
        "Net Income Including Noncontrolling Interests": 19000000.0,
        "Net Income Continuous Operations": 19000000.0,
        "Tax Provision": -6000000.0,
        "Pretax Income": 13000000.0,
        "Other Income Expense": -17000000.0,
        "Other Non Operating Income Expenses": -2000000.0,
        "Special Income Charges": -15000000.0,
        "Restructuring And Mergern Acquisition": 15000000.0,
        "Net Non Operating Interest Income Expense": -7000000.0,
        "Interest Expense Non Operating": 7000000.0,
        "Operating Income": 37000000.0,
        "Operating Expense": 163000000.0,
        "Selling General And Administration": 163000000.0,
        "Gross Profit": 200000000.0,
        "Cost Of Revenue": 440000000.0,
        "Total Revenue": 640000000.0,
        "Operating Revenue": 640000000.0
    },
    "2025-03-31": {
        "Tax Effect Of Unusual Items": -2692307.692308,
        "Tax Rate For Calcs": 0.192308,
        "Normalized EBITDA": 65000000.0,
        "Total Unusual Items": -14000000.0,
        "Total Unusual Items Excluding Goodwill": -14000000.0,
        "Net Income From Continuing Operation Net Minority Interest": 21000000.0,
        "Reconciled Depreciation": 22000000.0,
        "Reconciled Cost Of Revenue": 470000000.0,
        "EBITDA": 51000000.0,
        "EBIT": 29000000.0,
        "Net Interest Income": -3000000.0,
        "Interest Expense": 3000000.0,
        "Normalized Income": 32307692.307692,
        "Net Income From Continuing And Discontinued Operation": 21000000.0,
        "Total Expenses": 625000000.0,
        "Total Operating Income As Reported": 24000000.0,
        "Diluted Average Shares": 88000000.0,
        "Basic Average Shares": 86000000.0,
        "Diluted EPS": 0.2,
        "Basic EPS": 0.2,
        "Diluted NI Availto Com Stockholders": 21000000.0,
        "Net Income Common Stockholders": 21000000.0,
        "Net Income": 21000000.0,
        "Net Income Including Noncontrolling Interests": 21000000.0,
        "Net Income Continuous Operations": 21000000.0,
        "Tax Provision": 5000000.0,
        "Pretax Income": 26000000.0,
        "Other Income Expense": -9000000.0,
        "Other Non Operating Income Expenses": 5000000.0,
        "Special Income Charges": -14000000.0,
        "Restructuring And Mergern Acquisition": 14000000.0,
        "Net Non Operating Interest Income Expense": -3000000.0,
        "Interest Expense Non Operating": 3000000.0,
        "Operating Income": 38000000.0,
        "Operating Expense": 155000000.0,
        "Selling General And Administration": 155000000.0,
        "Gross Profit": 193000000.0,
        "Cost Of Revenue": 470000000.0,
        "Total Revenue": 663000000.0,
        "Operating Revenue": 663000000.0
    },
    "2025-06-30": {
        "Tax Effect Of Unusual Items": -3818181.818182,
        "Tax Rate For Calcs": 0.272727,
        "Normalized EBITDA": 53000000.0,
        "Total Unusual Items": -14000000.0,
        "Total Unusual Items Excluding Goodwill": -14000000.0,
        "Net Income From Continuing Operation Net Minority Interest": 8000000.0,
        "Reconciled Depreciation": 22000000.0,
        "Reconciled Cost Of Revenue": 446000000.0,
        "EBITDA": 39000000.0,
        "EBIT": 17000000.0,
        "Net Interest Income": -6000000.0,
        "Interest Expense": 6000000.0,
        "Normalized Income": 18181818.181818,
        "Net Income From Continuing And Discontinued Operation": 8000000.0,
        "Total Expenses": 589000000.0,
        "Total Operating Income As Reported": 10000000.0,
        "Diluted Average Shares": 88000000.0,
        "Basic Average Shares": 86000000.0,
        "Diluted EPS": 0.09,
        "Basic EPS": 0.09,
        "Diluted NI Availto Com Stockholders": 8000000.0,
        "Net Income Common Stockholders": 8000000.0,
        "Net Income": 8000000.0,
        "Net Income Including Noncontrolling Interests": 8000000.0,
        "Net Income Continuous Operations": 8000000.0,
        "Tax Provision": 3000000.0,
        "Pretax Income": 11000000.0,
        "Other Income Expense": -7000000.0,
        "Other Non Operating Income Expenses": 7000000.0,
        "Special Income Charges": -14000000.0,
        "Restructuring And Mergern Acquisition": 14000000.0,
        "Net Non Operating Interest Income Expense": -6000000.0,
        "Interest Expense Non Operating": 6000000.0,
        "Operating Income": 24000000.0,
        "Operating Expense": 143000000.0,
        "Selling General And Administration": 143000000.0,
        "Gross Profit": 167000000.0,
        "Cost Of Revenue": 446000000.0,
        "Total Revenue": 613000000.0,
        "Operating Revenue": 613000000.0
    }
}