{
    "2023-03-31": {
        "Tax Effect Of Unusual Items": NaN,
        "Tax Rate For Calcs": NaN,
        "Normalized EBITDA": NaN,
        "Total Unusual Items": 0.0,
        "Total Unusual Items Excluding Goodwill": 0.0,
        "Net Income From Continuing Operation Net Minority Interest": NaN,
        "Reconciled Depreciation": NaN,
        "Reconciled Cost Of Revenue": NaN,
        "EBITDA": NaN,
        "EBIT": NaN,
        "Net Interest Income": NaN,
        "Interest Expense": NaN,
        "Interest Income": NaN,
        "Normalized Income": NaN,
        "Net Income From Continuing And Discontinued Operation": NaN,
        "Total Expenses": NaN,
        "Total Operating Income As Reported": NaN,
        "Diluted Average Shares": NaN,
        "Basic Average Shares": NaN,
        "Diluted EPS": NaN,
        "Basic EPS": NaN,
        "Diluted NI Availto Com Stockholders": NaN,
        "Net Income Common Stockholders": NaN,
        "Net Income": NaN,
        "Net Income Including Noncontrolling Interests": NaN,
        "Net Income Continuous Operations": NaN,
        "Tax Provision": NaN,
        "Pretax Income": NaN,
        "Other Income Expense": NaN,
        "Special Income Charges": 0.0,
        "Impairment Of Capital Assets": 0.0,
        "Net Non Operating Interest Income Expense": NaN,
        "Interest Expense Non Operating": NaN,
        "Interest Income Non Operating": NaN,
        "Operating Income": NaN,
        "Operating Expense": NaN,
        "Research And Development": NaN,
        "Selling General And Administration": NaN,
        "Gross Profit": NaN,
        "Cost Of Revenue": NaN,
        "Total Revenue": NaN,
        "Operating Revenue": NaN
    },
    "2022-12-31": {
        "Tax Effect Of Unusual Items": 0.0,
        "Tax Rate For Calcs": 0.205,
        "Normalized EBITDA": 23994000.0,
        "Total Unusual Items": NaN,
        "Total Unusual Items Excluding Goodwill": NaN,
        "Net Income From Continuing Operation Net Minority Interest": 14589000.0,
        "Reconciled Depreciation": 5613000.0,
        "Reconciled Cost Of Revenue": 87527000.0,
        "EBITDA": 23994000.0,
        "EBIT": 18381000.0,
        "Net Interest Income": 6525000.0,
        "Interest Expense": 34000.0,
        "Interest Income": 6559000.0,
        "Normalized Income": 14589000.0,
        "Net Income From Continuing And Discontinued Operation": 14589000.0,
        "Total Expenses": 164411000.0,
        "Total Operating Income As Reported": 11822000.0,
        "Diluted Average Shares": 57729000.0,
        "Basic Average Shares": 57051000.0,
        "Diluted EPS": 0.25,
        "Basic EPS": 0.26,
        "Diluted NI Availto Com Stockholders": 14589000.0,
        "Net Income Common Stockholders": 14589000.0,
        "Net Income": 14589000.0,
        "Net Income Including Noncontrolling Interests": 14589000.0,
        "Net Income Continuous Operations": 14589000.0,
        "Tax Provision": 3758000.0,
        "Pretax Income": 18347000.0,
        "Other Income Expense": NaN,
        "Special Income Charges": NaN,
        "Impairment Of Capital Assets": NaN,
        "Net Non Operating Interest Income Expense": 6525000.0,
        "Interest Expense Non Operating": 34000.0,
        "Interest Income Non Operating": 6559000.0,
        "Operating Income": 11822000.0,
        "Operating Expense": 76884000.0,
        "Research And Development": 34508000.0,
        "Selling General And Administration": 42376000.0,
        "Gross Profit": 88706000.0,
        "Cost Of Revenue": 87527000.0,
        "Total Revenue": 176233000.0,
        "Operating Revenue": 176233000.0
    },
    "2022-09-30": {
        "Tax Effect Of Unusual Items": NaN,
        "Tax Rate For Calcs": NaN,
        "Normalized EBITDA": NaN,
        "Total Unusual Items": NaN,
        "Total Unusual Items Excluding Goodwill": NaN,
        "Net Income From Continuing Operation Net Minority Interest": NaN,
        "Reconciled Depreciation": NaN,
        "Reconciled Cost Of Revenue": NaN,
        "EBITDA": NaN,
        "EBIT": NaN,
        "Net Interest Income": NaN,
        "Interest Expense": NaN,
        "Interest Income": NaN,
        "Normalized Income": NaN,
        "Net Income From Continuing And Discontinued Operation": NaN,
        "Total Expenses": NaN,
        "Total Operating Income As Reported": NaN,
        "Diluted Average Shares": NaN,
        "Basic Average Shares": NaN,
        "Diluted EPS": NaN,
        "Basic EPS": NaN,
        "Diluted NI Availto Com Stockholders": NaN,
        "Net Income Common Stockholders": NaN,
        "Net Income": NaN,
        "Net Income Including Noncontrolling Interests": NaN,
        "Net Income Continuous Operations": NaN,
        "Earnings From Equity Interest Net Of Tax": 0.0,
        "Tax Provision": NaN,
        "Pretax Income": NaN,
        "Other Income Expense": NaN,
        "Special Income Charges": NaN,
        "Impairment Of Capital Assets": NaN,
        "Net Non Operating Interest Income Expense": NaN,
        "Interest Expense Non Operating": NaN,
        "Interest Income Non Operating": NaN,
        "Operating Income": NaN,
        "Operating Expense": NaN,
        "Research And Development": NaN,
        "Selling General And Administration": NaN,
        "Gross Profit": NaN,
        "Cost Of Revenue": NaN,
        "Total Revenue": NaN,
        "Operating Revenue": NaN
    },
    "2022-06-30": {
        "Tax Effect Of Unusual Items": 0.0,
        "Tax Rate For Calcs": 0.041586,
        "Normalized EBITDA": 125344000.0,
        "Total Unusual Items": 0.0,
        "Total Unusual Items Excluding Goodwill": 0.0,
        "Net Income From Continuing Operation Net Minority Interest": 119034000.0,
        "Reconciled Depreciation": 1109000.0,
        "Reconciled Cost Of Revenue": 181452000.0,
        "EBITDA": 125344000.0,
        "EBIT": 124235000.0,
        "Net Interest Income": 2122000.0,
        "Interest Expense": 36000.0,
        "Interest Income": 2158000.0,
        "Normalized Income": 119034000.0,
        "Net Income From Continuing And Discontinued Operation": 119034000.0,
        "Total Expenses": 250060000.0,
        "Total Operating Income As Reported": 122077000.0,
        "Diluted Average Shares": 59955000.0,
        "Basic Average Shares": 58985000.0,
        "Diluted EPS": 1.99,
        "Basic EPS": 2.02,
        "Diluted NI Availto Com Stockholders": 119034000.0,
        "Net Income Common Stockholders": 119034000.0,
        "Net Income": 119034000.0,
        "Net Income Including Noncontrolling Interests": 119034000.0,
        "Net Income Continuous Operations": 119034000.0,
        "Earnings From Equity Interest Net Of Tax": 0.0,
        "Tax Provision": 5165000.0,
        "Pretax Income": 124199000.0,
        "Other Income Expense": NaN,
        "Special Income Charges": 0.0,
        "Impairment Of Capital Assets": NaN,
        "Restructuring And Mergern Acquisition": 0.0,
        "Net Non Operating Interest Income Expense": 2122000.0,
        "Interest Expense Non Operating": 36000.0,
        "Interest Income Non Operating": 2158000.0,
        "Operating Income": 122077000.0,
        "Operating Expense": 68608000.0,
        "Depreciation Amortization Depletion Income Statement": 1109000.0,
        "Depreciation And Amortization In Income Statement": 1109000.0,
        "Amortization": 1109000.0,
        "Amortization Of Intangibles Income Statement": 1109000.0,
        "Research And Development": 34046000.0,
        "Selling General And Administration": 33453000.0,
        "General And Administrative Expense": NaN,
        "Other Gand A": NaN,
        "Salaries And Wages": NaN,
        "Gross Profit": 190685000.0,
        "Cost Of Revenue": 181452000.0,
        "Total Revenue": 372137000.0,
        "Operating Revenue": 372137000.0
    },
    "2022-03-31": {
        "Diluted EPS": 1.86,
        "Total Revenue": 384,
        "Gross Profit": 202,
        "Operating Income": 129,
        "EBIT": 135,
        "Net Income": 116
    },
    "2021-12-31": {
        "Diluted EPS": 2.11,
        "Total Revenue": 461,
        "Gross Profit": 223,
        "Operating Income": 151,
        "EBIT": 156,
        "Net Income": 134
    },
    "2021-09-30": {
        "Diluted EPS": 2.09,
        "Total Revenue": 485,
        "Gross Profit": 231,
        "Operating Income": 155,
        "EBIT": 160,
        "Net Income": 134
    },
    "2021-06-30": {
        "Diluted EPS": 1.79,
        "Total Revenue": 424,
        "Gross Profit": 196,
        "Operating Income": 120,
        "EBIT": 125,
        "Net Income": 114
    },
    "2021-03-31": {
        "Diluted EPS": 1.13,
        "Total Revenue": 340,
        "Gross Profit": 148,
        "Operating Income": 83,
        "EBIT": 88,
        "Net Income": 71
    },
    "2020-12-31": {
        "Diluted EPS": 0.77,
        "Total Revenue": 268,
        "Gross Profit": 121,
        "Operating Income": 54,
        "EBIT": 59,
        "Net Income": 48
    },
    "2020-09-30": {
        "Diluted EPS": 0.25,
        "Total Revenue": 178,
        "Gross Profit": 89,
        "Operating Income": 23,
        "EBIT": 28,
        "Net Income": 16
    },
    "2020-06-30": {
        "Diluted EPS": 0.18,
        "Total Revenue": 150,
        "Gross Profit": 69,
        "Operating Income": 11,
        "EBIT": 16,
        "Net Income": 11
    },
    "2020-03-31": {
        "Diluted EPS": 0.19,
        "Total Revenue": 151,
        "Gross Profit": 69,
        "Operating Income": 11,
        "EBIT": 16,
        "Net Income": 12
    },
    "2019-12-31": {
        "Diluted EPS": 0.21,
        "Total Revenue": 144,
        "Gross Profit": 70,
        "Operating Income": 13,
        "EBIT": 18,
        "Net Income": 13
    },
    "2019-09-30": {
        "Diluted EPS": 0.1,
        "Total Revenue": 140,
        "Gross Profit": 65,
        "Operating Income": 8,
        "EBIT": 13,
        "Net Income": 6
    },
    "2019-06-30": {
        "Diluted EPS": 0.02,
        "Total Revenue": 127,
        "Gross Profit": 59,
        "Operating Income": 2,
        "EBIT": 7,
        "Net Income": 1
    },
    "2019-03-31": {
        "Diluted EPS": -0.05,
        "Total Revenue": 116,
        "Gross Profit": 56,
        "Operating Income": -2,
        "EBIT": 3,
        "Net Income": -4
    },
    "2018-12-31": {
        "Diluted EPS": 0.11,
        "Total Revenue": 157,
        "Gross Profit": 75,
        "Operating Income": 15,
        "EBIT": 19,
        "Net Income": 8
    },
    "2018-09-30": {
        "Diluted EPS": 0.42,
        "Total Revenue": 185,
        "Gross Profit": 86,
        "Operating Income": 25,
        "EBIT": 29,
        "Net Income": 30
    },
    "2018-06-30": {
        "Diluted EPS": 0.86,
        "Total Revenue": 269,
        "Gross Profit": 127,
        "Operating Income": 64,
        "EBIT": 69,
        "Net Income": 60
    },
    "2018-03-31": {
        "Diluted EPS": 0.51,
        "Total Revenue": 222,
        "Gross Profit": 99,
        "Operating Income": 38,
        "EBIT": 43,
        "Net Income": 36
    },
    "2017-12-31": {
        "Diluted EPS": -0.99,
        "Total Revenue": 214,
        "Gross Profit": 97,
        "Operating Income": 39,
        "EBIT": 44,
        "Net Income": -70
    },
    "2017-09-30": {
        "Diluted EPS": 0.58,
        "Total Revenue": 216,
        "Gross Profit": 107,
        "Operating Income": 42,
        "EBIT": 11,
        "Net Income": 41
    },
    "2017-06-30": {
        "Diluted EPS": 0.48,
        "Total Revenue": 244,
        "Gross Profit": 114,
        "Operating Income": 16,
        "EBIT": 55,
        "Net Income": 35
    },
    "2017-03-31": {
        "Diluted EPS": 0.45,
        "Total Revenue": 200,
        "Gross Profit": 92,
        "Operating Income": 37,
        "EBIT": 40,
        "Net Income": 33
    },
    "2016-12-31": {
        "Diluted EPS": 0.24,
        "Total Revenue": 150,
        "Gross Profit": 68,
        "Operating Income": 19,
        "EBIT": 23,
        "Net Income": 17
    },
    "2016-09-30": {
        "Diluted EPS": 0.16,
        "Total Revenue": 146,
        "Gross Profit": 61,
        "Operating Income": 5,
        "EBIT": 9,
        "Net Income": 12
    },
    "2016-06-30": {
        "Diluted EPS": 0.45,
        "Total Revenue": 216,
        "Gross Profit": 100,
        "Operating Income": 39,
        "EBIT": 43,
        "Net Income": 32
    },
    "2016-03-31": {
        "Diluted EPS": 0.07,
        "Total Revenue": 156,
        "Gross Profit": 70,
        "Operating Income": 12,
        "EBIT": 16,
        "Net Income": 5
    },
    "2015-12-31": {
        "Diluted EPS": -0.0,
        "Total Revenue": 109,
        "Gross Profit": 50,
        "Operating Income": -2,
        "EBIT": 2,
        "Net Income": 0
    },
    "2015-09-30": {
        "Diluted EPS": 0.16,
        "Total Revenue": 119,
        "Gross Profit": 51,
        "Operating Income": 3,
        "EBIT": 8,
        "Net Income": 11
    },
    "2015-06-30": {
        "Diluted EPS": 0.33,
        "Total Revenue": 165,
        "Gross Profit": 78,
        "Operating Income": 16,
        "EBIT": 22,
        "Net Income": 25
    },
    "2015-03-31": {
        "Diluted EPS": 0.1,
        "Total Revenue": 145,
        "Gross Profit": 69,
        "Operating Income": 10,
        "EBIT": 15,
        "Net Income": 8
    },
    "2014-12-31": {
        "Diluted EPS": 0.1,
        "Total Revenue": 107,
        "Gross Profit": 55,
        "Operating Income": 10,
        "EBIT": 13,
        "Net Income": 8
    },
    "2014-09-30": {
        "Diluted EPS": 0.38,
        "Total Revenue": 195,
        "Gross Profit": 92,
        "Operating Income": 37,
        "EBIT": 41,
        "Net Income": 29
    },
    "2014-06-30": {
        "Diluted EPS": 0.34,
        "Total Revenue": 181,
        "Gross Profit": 85,
        "Operating Income": 32,
        "EBIT": 35,
        "Net Income": 27
    },
    "2014-03-31": {
        "Diluted EPS": 0.12,
        "Total Revenue": 114,
        "Gross Profit": 58,
        "Operating Income": 10,
        "EBIT": 14,
        "Net Income": 9
    },
    "2013-12-31": {
        "Diluted EPS": -0.03,
        "Total Revenue": 79,
        "Gross Profit": 38,
        "Operating Income": -2,
        "EBIT": 1,
        "Net Income": -2
    },
    "2013-09-30": {
        "Diluted EPS": 0.38,
        "Total Revenue": 174,
        "Gross Profit": 81,
        "Operating Income": 35,
        "EBIT": 39,
        "Net Income": 30
    },
    "2013-06-30": {
        "Diluted EPS": 0.25,
        "Total Revenue": 141,
        "Gross Profit": 66,
        "Operating Income": 19,
        "EBIT": 24,
        "Net Income": 19
    },
    "2013-03-31": {
        "Diluted EPS": 0.1,
        "Total Revenue": 106,
        "Gross Profit": 49,
        "Operating Income": 8,
        "EBIT": 13,
        "Net Income": 7
    },
    "2012-12-31": {
        "Diluted EPS": 0.05,
        "Total Revenue": 114,
        "Gross Profit": 52,
        "Operating Income": 4,
        "EBIT": 9,
        "Net Income": 4
    },
    "2012-09-30": {
        "Diluted EPS": 0.9,
        "Total Revenue": 269,
        "Gross Profit": 123,
        "Operating Income": 70,
        "EBIT": 75,
        "Net Income": 67
    },
    "2012-06-30": {
        "Diluted EPS": 0.9,
        "Total Revenue": 256,
        "Gross Profit": 122,
        "Operating Income": 76,
        "EBIT": 82,
        "Net Income": 68
    },
    "2012-03-31": {
        "Diluted EPS": 0.22,
        "Total Revenue": 146,
        "Gross Profit": 67,
        "Operating Income": 20,
        "EBIT": 26,
        "Net Income": 17
    },
    "2011-12-31": {
        "Diluted EPS": 0.11,
        "Total Revenue": 120,
        "Gross Profit": 55,
        "Operating Income": 12,
        "EBIT": 19,
        "Net Income": 9
    },
    "2011-09-30": {
        "Diluted EPS": 0.03,
        "Total Revenue": 180,
        "Gross Profit": 83,
        "Operating Income": 23,
        "EBIT": 29,
        "Net Income": 1
    },
    "2011-06-30": {
        "Diluted EPS": 0.95,
        "Total Revenue": 294,
        "Gross Profit": 134,
        "Operating Income": 82,
        "EBIT": 88,
        "Net Income": 71
    },
    "2011-03-31": {
        "Diluted EPS": 0.54,
        "Total Revenue": 207,
        "Gross Profit": 99,
        "Operating Income": 44,
        "EBIT": 50,
        "Net Income": 40
    },
    "2010-12-31": {
        "Diluted EPS": 0.21,
        "Total Revenue": 149,
        "Gross Profit": 72,
        "Operating Income": 22,
        "EBIT": 28,
        "Net Income": 15
    },
    "2010-09-30": {
        "Diluted EPS": 0.78,
        "Total Revenue": 259,
        "Gross Profit": 112,
        "Operating Income": 57,
        "EBIT": 63,
        "Net Income": 55
    },
    "2010-06-30": {
        "Diluted EPS": 0.65,
        "Total Revenue": 221,
        "Gross Profit": 99,
        "Operating Income": 50,
        "EBIT": 56,
        "Net Income": 49
    },
    "2010-03-31": {
        "Diluted EPS": 0.28,
        "Total Revenue": 154,
        "Gross Profit": 68,
        "Operating Income": 23,
        "EBIT": 29,
        "Net Income": 21
    },
    "2009-12-31": {
        "Diluted EPS": 0.21,
        "Total Revenue": 128,
        "Gross Profit": 56,
        "Operating Income": 18,
        "EBIT": 24,
        "Net Income": 16
    },
    "2009-09-30": {
        "Diluted EPS": 0.09,
        "Total Revenue": 111,
        "Gross Profit": 47,
        "Operating Income": 8,
        "EBIT": 18,
        "Net Income": 7
    },
    "2009-06-30": {
        "Diluted EPS": -0.25,
        "Total Revenue": 52,
        "Gross Profit": 20,
        "Operating Income": -14,
        "EBIT": -11,
        "Net Income": -15
    },
    "2009-03-31": {
        "Diluted EPS": -0.57,
        "Total Revenue": 25,
        "Gross Profit": 8,
        "Operating Income": -36,
        "EBIT": -26,
        "Net Income": -35
    },
    "2023-06-30": {
        "Tax Effect Of Unusual Items": NaN,
        "Tax Rate For Calcs": NaN,
        "Normalized EBITDA": NaN,
        "Total Unusual Items": NaN,
        "Total Unusual Items Excluding Goodwill": NaN,
        "Net Income From Continuing Operation Net Minority Interest": NaN,
        "Reconciled Depreciation": NaN,
        "Reconciled Cost Of Revenue": NaN,
        "EBITDA": NaN,
        "EBIT": NaN,
        "Net Interest Income": NaN,
        "Interest Expense": NaN,
        "Interest Income": NaN,
        "Normalized Income": NaN,
        "Net Income From Continuing And Discontinued Operation": NaN,
        "Total Expenses": NaN,
        "Total Operating Income As Reported": NaN,
        "Diluted Average Shares": NaN,
        "Basic Average Shares": NaN,
        "Diluted EPS": NaN,
        "Basic EPS": NaN,
        "Diluted NI Availto Com Stockholders": NaN,
        "Net Income Common Stockholders": NaN,
        "Net Income": NaN,
        "Net Income Including Noncontrolling Interests": NaN,
        "Net Income Continuous Operations": NaN,
        "Tax Provision": NaN,
        "Pretax Income": NaN,
        "Other Income Expense": -21535000.0,
        "Special Income Charges": NaN,
        "Gain On Sale Of Business": NaN,
        "Impairment Of Capital Assets": 21535000.0,
        "Net Non Operating Interest Income Expense": NaN,
        "Interest Expense Non Operating": NaN,
        "Interest Income Non Operating": NaN,
        "Operating Income": NaN,
        "Operating Expense": NaN,
        "Research And Development": NaN,
        "Selling General And Administration": NaN,
        "Gross Profit": NaN,
        "Cost Of Revenue": NaN,
        "Total Revenue": NaN,
        "Operating Revenue": NaN
    },
    "2023-09-30": {
        "Tax Effect Of Unusual Items": NaN,
        "Tax Rate For Calcs": NaN,
        "Normalized EBITDA": NaN,
        "Total Unusual Items": NaN,
        "Total Unusual Items Excluding Goodwill": NaN,
        "Net Income From Continuing Operation Net Minority Interest": NaN,
        "Reconciled Depreciation": NaN,
        "Reconciled Cost Of Revenue": NaN,
        "EBITDA": NaN,
        "EBIT": NaN,
        "Net Interest Income": NaN,
        "Interest Expense": NaN,
        "Interest Income": NaN,
        "Normalized Income": NaN,
        "Net Income From Continuing And Discontinued Operation": NaN,
        "Total Expenses": NaN,
        "Total Operating Income As Reported": NaN,
        "Diluted Average Shares": NaN,
        "Basic Average Shares": NaN,
        "Diluted EPS": NaN,
        "Basic EPS": NaN,
        "Diluted NI Availto Com Stockholders": NaN,
        "Net Income Common Stockholders": NaN,
        "Net Income": NaN,
        "Net Income Including Noncontrolling Interests": NaN,
        "Net Income Continuous Operations": NaN,
        "Tax Provision": NaN,
        "Pretax Income": NaN,
        "Other Income Expense": 0.0,
        "Special Income Charges": NaN,
        "Gain On Sale Of Business": NaN,
        "Write Off": NaN,
        "Impairment Of Capital Assets": 0.0,
        "Restructuring And Mergern Acquisition": NaN,
        "Net Non Operating Interest Income Expense": NaN,
        "Interest Expense Non Operating": NaN,
        "Interest Income Non Operating": NaN,
        "Operating Income": NaN,
        "Operating Expense": NaN,
        "Research And Development": NaN,
        "Selling General And Administration": NaN,
        "General And Administrative Expense": NaN,
        "Other Gand A": NaN,
        "Gross Profit": NaN,
        "Cost Of Revenue": NaN,
        "Total Revenue": NaN,
        "Operating Revenue": NaN
    },
    "2023-12-31": {
        "Tax Effect Of Unusual Items": NaN,
        "Tax Rate For Calcs": NaN,
        "Normalized EBITDA": NaN,
        "Total Unusual Items": NaN,
        "Total Unusual Items Excluding Goodwill": NaN,
        "Net Income From Continuing Operation Net Minority Interest": NaN,
        "Reconciled Depreciation": NaN,
        "Reconciled Cost Of Revenue": NaN,
        "EBITDA": NaN,
        "EBIT": NaN,
        "Net Interest Income": NaN,
        "Interest Expense": NaN,
        "Interest Income": NaN,
        "Normalized Income": NaN,
        "Net Income From Continuing And Discontinued Operation": NaN,
        "Total Expenses": NaN,
        "Total Operating Income As Reported": NaN,
        "Diluted Average Shares": NaN,
        "Basic Average Shares": NaN,
        "Diluted EPS": NaN,
        "Basic EPS": NaN,
        "Diluted NI Availto Com Stockholders": NaN,
        "Net Income Common Stockholders": NaN,
        "Net Income": NaN,
        "Net Income Including Noncontrolling Interests": NaN,
        "Net Income Continuous Operations": NaN,
        "Tax Provision": NaN,
        "Pretax Income": NaN,
        "Other Income Expense": NaN,
        "Special Income Charges": NaN,
        "Gain On Sale Of Business": 0.0,
        "Write Off": NaN,
        "Impairment Of Capital Assets": NaN,
        "Restructuring And Mergern Acquisition": NaN,
        "Net Non Operating Interest Income Expense": NaN,
        "Interest Expense Non Operating": NaN,
        "Interest Income Non Operating": NaN,
        "Operating Income": NaN,
        "Operating Expense": NaN,
        "Research And Development": NaN,
        "Selling General And Administration": NaN,
        "General And Administrative Expense": NaN,
        "Other Gand A": NaN,
        "Gross Profit": NaN,
        "Cost Of Revenue": NaN,
        "Total Revenue": NaN,
        "Operating Revenue": NaN
    },
    "2024-03-31": {
        "Tax Effect Of Unusual Items": NaN,
        "Tax Rate For Calcs": NaN,
        "Normalized EBITDA": NaN,
        "Total Unusual Items": NaN,
        "Total Unusual Items Excluding Goodwill": NaN,
        "Net Income From Continuing Operation Net Minority Interest": NaN,
        "Reconciled Depreciation": NaN,
        "Reconciled Cost Of Revenue": NaN,
        "EBITDA": NaN,
        "EBIT": NaN,
        "Net Interest Income": NaN,
        "Interest Expense": NaN,
        "Interest Income": NaN,
        "Normalized Income": NaN,
        "Net Income From Continuing And Discontinued Operation": NaN,
        "Total Expenses": NaN,
        "Total Operating Income As Reported": NaN,
        "Diluted Average Shares": NaN,
        "Basic Average Shares": NaN,
        "Diluted EPS": NaN,
        "Basic EPS": NaN,
        "Diluted NI Availto Com Stockholders": NaN,
        "Net Income Common Stockholders": NaN,
        "Net Income": NaN,
        "Net Income Including Noncontrolling Interests": NaN,
        "Net Income Continuous Operations": NaN,
        "Tax Provision": NaN,
        "Pretax Income": NaN,
        "Other Income Expense": -44472000.0,
        "Special Income Charges": NaN,
        "Gain On Sale Of Business": NaN,
        "Write Off": 0.0,
        "Impairment Of Capital Assets": NaN,
        "Restructuring And Mergern Acquisition": 0.0,
        "Net Non Operating Interest Income Expense": NaN,
        "Interest Expense Non Operating": NaN,
        "Interest Income Non Operating": NaN,
        "Operating Income": NaN,
        "Operating Expense": NaN,
        "Research And Development": NaN,
        "Selling General And Administration": NaN,
        "General And Administrative Expense": 39450000.0,
        "Other Gand A": 39450000.0,
        "Gross Profit": NaN,
        "Cost Of Revenue": NaN,
        "Total Revenue": NaN,
        "Operating Revenue": NaN
    },
    "2024-06-30": {
        "Tax Effect Of Unusual Items": NaN,
        "Tax Rate For Calcs": NaN,
        "Normalized EBITDA": NaN,
        "Total Unusual Items": NaN,
        "Total Unusual Items Excluding Goodwill": NaN,
        "Net Income From Continuing Operation Net Minority Interest": NaN,
        "Reconciled Depreciation": NaN,
        "Reconciled Cost Of Revenue": NaN,
        "EBITDA": NaN,
        "EBIT": NaN,
        "Net Interest Income": NaN,
        "Interest Expense": NaN,
        "Interest Income": NaN,
        "Normalized Income": NaN,
        "Net Income From Continuing And Discontinued Operation": NaN,
        "Total Expenses": NaN,
        "Total Operating Income As Reported": NaN,
        "Diluted Average Shares": NaN,
        "Basic Average Shares": NaN,
        "Diluted EPS": NaN,
        "Basic EPS": NaN,
        "Diluted NI Availto Com Stockholders": NaN,
        "Net Income Common Stockholders": NaN,
        "Net Income": NaN,
        "Net Income Including Noncontrolling Interests": NaN,
        "Net Income Continuous Operations": NaN,
        "Tax Provision": NaN,
        "Pretax Income": NaN,
        "Other Income Expense": NaN,
        "Special Income Charges": NaN,
        "Gain On Sale Of Business": 0.0,
        "Write Off": NaN,
        "Impairment Of Capital Assets": 0.0,
        "Restructuring And Mergern Acquisition": NaN,
        "Net Non Operating Interest Income Expense": NaN,
        "Interest Expense Non Operating": NaN,
        "Interest Income Non Operating": NaN,
        "Operating Income": NaN,
        "Operating Expense": NaN,
        "Research And Development": NaN,
        "Selling General And Administration": NaN,
        "General And Administrative Expense": NaN,
        "Other Gand A": NaN,
        "Gross Profit": NaN,
        "Cost Of Revenue": NaN,
        "Total Revenue": NaN,
        "Operating Revenue": NaN
    },
    "2024-09-30": {
        "Tax Effect Of Unusual Items": 0.0,
        "Tax Rate For Calcs": 0.21,
        "Normalized EBITDA": 14951000.0,
        "Total Unusual Items": 0.0,
        "Total Unusual Items Excluding Goodwill": 0.0,
        "Net Income From Continuing Operation Net Minority Interest": 12117000.0,
        "Reconciled Depreciation": 4839000.0,
        "Reconciled Cost Of Revenue": 93662000.0,
        "EBITDA": 14951000.0,
        "EBIT": 10112000.0,
        "Net Interest Income": 7394000.0,
        "Interest Expense": 29000.0,
        "Interest Income": 7423000.0,
        "Normalized Income": 12117000.0,
        "Net Income From Continuing And Discontinued Operation": 12117000.0,
        "Total Expenses": 178630000.0,
        "Total Operating Income As Reported": 2689000.0,
        "Diluted Average Shares": 54871000.0,
        "Basic Average Shares": 54368000.0,
        "Diluted EPS": 0.22,
        "Basic EPS": 0.22,
        "Diluted NI Availto Com Stockholders": 12117000.0,
        "Net Income Common Stockholders": 12117000.0,
        "Net Income": 12117000.0,
        "Net Income Including Noncontrolling Interests": 12117000.0,
        "Net Income Continuous Operations": 12117000.0,
        "Tax Provision": -2034000.0,
        "Pretax Income": 10083000.0,
        "Other Income Expense": 0.0,
        "Special Income Charges": 0.0,
        "Gain On Sale Of Business": NaN,
        "Write Off": NaN,
        "Impairment Of Capital Assets": 0.0,
        "Restructuring And Mergern Acquisition": NaN,
        "Net Non Operating Interest Income Expense": 7394000.0,
        "Interest Expense Non Operating": 29000.0,
        "Interest Income Non Operating": 7423000.0,
        "Operating Income": 2689000.0,
        "Operating Expense": 84968000.0,
        "Research And Development": 38763000.0,
        "Selling General And Administration": 46205000.0,
        "General And Administrative Expense": NaN,
        "Other Gand A": NaN,
        "Gross Profit": 87657000.0,
        "Cost Of Revenue": 93662000.0,
        "Total Revenue": 181319000.0,
        "Operating Revenue": 181319000.0
    },
    "2024-12-31": {
        "Tax Effect Of Unusual Items": 9270414.0,
        "Tax Rate For Calcs": 0.122,
        "Normalized EBITDA": 22027000.0,
        "Total Unusual Items": 75987000.0,
        "Total Unusual Items Excluding Goodwill": 75987000.0,
        "Net Income From Continuing Operation Net Minority Interest": 81642000.0,
        "Reconciled Depreciation": 5013000.0,
        "Reconciled Cost Of Revenue": 79040000.0,
        "EBITDA": 98014000.0,
        "EBIT": 93001000.0,
        "Net Interest Income": 6325000.0,
        "Interest Expense": 27000.0,
        "Interest Income": 6352000.0,
        "Normalized Income": 14925414.0,
        "Net Income From Continuing And Discontinued Operation": 81642000.0,
        "Total Expenses": 155462000.0,
        "Total Operating Income As Reported": 86649000.0,
        "Diluted Average Shares": 54212000.0,
        "Basic Average Shares": 53791000.0,
        "Diluted EPS": 1.51,
        "Basic EPS": 1.52,
        "Diluted NI Availto Com Stockholders": 81642000.0,
        "Net Income Common Stockholders": 81642000.0,
        "Net Income": 81642000.0,
        "Net Income Including Noncontrolling Interests": 81642000.0,
        "Net Income Continuous Operations": 81642000.0,
        "Tax Provision": 11332000.0,
        "Pretax Income": 92974000.0,
        "Other Income Expense": 75987000.0,
        "Special Income Charges": 75987000.0,
        "Gain On Sale Of Business": 75987000.0,
        "Write Off": NaN,
        "Impairment Of Capital Assets": NaN,
        "Restructuring And Mergern Acquisition": NaN,
        "Net Non Operating Interest Income Expense": 6325000.0,
        "Interest Expense Non Operating": 27000.0,
        "Interest Income Non Operating": 6352000.0,
        "Operating Income": 10662000.0,
        "Operating Expense": 76422000.0,
        "Research And Development": 37808000.0,
        "Selling General And Administration": 38614000.0,
        "General And Administrative Expense": NaN,
        "Other Gand A": NaN,
        "Gross Profit": 87084000.0,
        "Cost Of Revenue": 79040000.0,
        "Total Revenue": 166124000.0,
        "Operating Revenue": 166124000.0
    },
    "2025-03-31": {
        "Tax Effect Of Unusual Items": -10079370.0,
        "Tax Rate For Calcs": 0.21,
        "Normalized EBITDA": -26037000.0,
        "Total Unusual Items": -47997000.0,
        "Total Unusual Items Excluding Goodwill": -47997000.0,
        "Net Income From Continuing Operation Net Minority Interest": -84519000.0,
        "Reconciled Depreciation": 5011000.0,
        "Reconciled Cost Of Revenue": 121602000.0,
        "EBITDA": -74034000.0,
        "EBIT": -79045000.0,
        "Net Interest Income": 5586000.0,
        "Interest Expense": 36000.0,
        "Interest Income": 5622000.0,
        "Normalized Income": -46601370.0,
        "Net Income From Continuing And Discontinued Operation": -84519000.0,
        "Total Expenses": 198656000.0,
        "Total Operating Income As Reported": -84667000.0,
        "Diluted Average Shares": 53311000.0,
        "Basic Average Shares": 53311000.0,
        "Diluted EPS": -1.59,
        "Basic EPS": -1.59,
        "Diluted NI Availto Com Stockholders": -84519000.0,
        "Net Income Common Stockholders": -84519000.0,
        "Net Income": -84519000.0,
        "Net Income Including Noncontrolling Interests": -84519000.0,
        "Net Income Continuous Operations": -84519000.0,
        "Tax Provision": 5438000.0,
        "Pretax Income": -79081000.0,
        "Other Income Expense": -47997000.0,
        "Special Income Charges": -47997000.0,
        "Gain On Sale Of Business": 0.0,
        "Write Off": 0.0,
        "Impairment Of Capital Assets": 39817000.0,
        "Restructuring And Mergern Acquisition": 8180000.0,
        "Net Non Operating Interest Income Expense": 5586000.0,
        "Interest Expense Non Operating": 36000.0,
        "Interest Income Non Operating": 5622000.0,
        "Operating Income": -36670000.0,
        "Operating Expense": 77054000.0,
        "Research And Development": 37220000.0,
        "Selling General And Administration": 39834000.0,
        "General And Administrative Expense": 39834000.0,
        "Other Gand A": 39834000.0,
        "Gross Profit": 40384000.0,
        "Cost Of Revenue": 121602000.0,
        "Total Revenue": 161986000.0,
        "Operating Revenue": 161986000.0
    },
    "2025-06-30": {
        "Tax Effect Of Unusual Items": 0.0,
        "Tax Rate For Calcs": 0.21,
        "Normalized EBITDA": 3831000.0,
        "Total Unusual Items": 0.0,
        "Total Unusual Items Excluding Goodwill": 0.0,
        "Net Income From Continuing Operation Net Minority Interest": -3289000.0,
        "Reconciled Depreciation": 3917000.0,
        "Reconciled Cost Of Revenue": 79170000.0,
        "EBITDA": 3831000.0,
        "EBIT": -86000.0,
        "Net Interest Income": 5976000.0,
        "Interest Expense": 32000.0,
        "Interest Income": 6008000.0,
        "Normalized Income": -3289000.0,
        "Net Income From Continuing And Discontinued Operation": -3289000.0,
        "Total Expenses": 154507000.0,
        "Total Operating Income As Reported": -6094000.0,
        "Diluted Average Shares": 52692000.0,
        "Basic Average Shares": 52692000.0,
        "Diluted EPS": -0.06,
        "Basic EPS": -0.06,
        "Diluted NI Availto Com Stockholders": -3289000.0,
        "Net Income Common Stockholders": -3289000.0,
        "Net Income": -3289000.0,
        "Net Income Including Noncontrolling Interests": -3289000.0,
        "Net Income Continuous Operations": -3289000.0,
        "Tax Provision": 3171000.0,
        "Pretax Income": -118000.0,
        "Other Income Expense": NaN,
        "Special Income Charges": 0.0,
        "Gain On Sale Of Business": 0.0,
        "Write Off": NaN,
        "Impairment Of Capital Assets": 0.0,
        "Restructuring And Mergern Acquisition": NaN,
        "Net Non Operating Interest Income Expense": 5976000.0,
        "Interest Expense Non Operating": 32000.0,
        "Interest Income Non Operating": 6008000.0,
        "Operating Income": -6094000.0,
        "Operating Expense": 75337000.0,
        "Research And Development": 35741000.0,
        "Selling General And Administration": 39596000.0,
        "General And Administrative Expense": NaN,
        "Other Gand A": NaN,
        "Gross Profit": 69243000.0,
        "Cost Of Revenue": 79170000.0,
        "Total Revenue": 148413000.0,
        "Operating Revenue": 148413000.0
    },
    "2025-09-30": {
        "Tax Effect Of Unusual Items": 0.0,
        "Tax Rate For Calcs": 0.048053,
        "Normalized EBITDA": 10773000.0,
        "Total Unusual Items": 0.0,
        "Total Unusual Items Excluding Goodwill": 0.0,
        "Net Income From Continuing Operation Net Minority Interest": 6379000.0,
        "Reconciled Depreciation": 4033000.0,
        "Reconciled Cost Of Revenue": 96348000.0,
        "EBITDA": 10773000.0,
        "EBIT": 6740000.0,
        "Net Interest Income": 5813000.0,
        "Interest Expense": 39000.0,
        "Interest Income": 5852000.0,
        "Normalized Income": 6379000.0,
        "Net Income From Continuing And Discontinued Operation": 6379000.0,
        "Total Expenses": 176670000.0,
        "Total Operating Income As Reported": 888000.0,
        "Diluted Average Shares": 52464000.0,
        "Basic Average Shares": 52093000.0,
        "Diluted EPS": 0.12,
        "Basic EPS": 0.12,
        "Diluted NI Availto Com Stockholders": 6379000.0,
        "Net Income Common Stockholders": 6379000.0,
        "Net Income": 6379000.0,
        "Net Income Including Noncontrolling Interests": 6379000.0,
        "Net Income Continuous Operations": 6379000.0,
        "Tax Provision": 322000.0,
        "Pretax Income": 6701000.0,
        "Other Income Expense": 0.0,
        "Special Income Charges": 0.0,
        "Gain On Sale Of Business": 0.0,
        "Write Off": NaN,
        "Impairment Of Capital Assets": 0.0,
        "Restructuring And Mergern Acquisition": NaN,
        "Net Non Operating Interest Income Expense": 5813000.0,
        "Interest Expense Non Operating": 39000.0,
        "Interest Income Non Operating": 5852000.0,
        "Operating Income": 888000.0,
        "Operating Expense": 80322000.0,
        "Research And Development": 38847000.0,
        "Selling General And Administration": 41475000.0,
        "General And Administrative Expense": NaN,
        "Other Gand A": NaN,
        "Gross Profit": 81210000.0,
        "Cost Of Revenue": 96348000.0,
        "Total Revenue": 177558000.0,
        "Operating Revenue": 177558000.0
    }
}