{
    "2023-03-31": {
        "Tax Effect Of Unusual Items": NaN,
        "Tax Rate For Calcs": NaN,
        "Normalized EBITDA": NaN,
        "Total Unusual Items": NaN,
        "Total Unusual Items Excluding Goodwill": NaN,
        "Net Income From Continuing Operation Net Minority Interest": NaN,
        "Reconciled Depreciation": NaN,
        "Reconciled Cost Of Revenue": NaN,
        "EBITDA": NaN,
        "EBIT": NaN,
        "Net Interest Income": NaN,
        "Interest Expense": NaN,
        "Interest Income": NaN,
        "Normalized Income": NaN,
        "Net Income From Continuing And Discontinued Operation": NaN,
        "Total Expenses": NaN,
        "Total Operating Income As Reported": NaN,
        "Diluted Average Shares": NaN,
        "Basic Average Shares": NaN,
        "Diluted EPS": NaN,
        "Basic EPS": NaN,
        "Diluted NI Availto Com Stockholders": NaN,
        "Net Income Common Stockholders": NaN,
        "Net Income": NaN,
        "Net Income Including Noncontrolling Interests": NaN,
        "Net Income Continuous Operations": NaN,
        "Tax Provision": NaN,
        "Pretax Income": NaN,
        "Other Income Expense": NaN,
        "Special Income Charges": NaN,
        "Restructuring And Mergern Acquisition": NaN,
        "Gain On Sale Of Security": NaN,
        "Net Non Operating Interest Income Expense": NaN,
        "Total Other Finance Cost": NaN,
        "Interest Expense Non Operating": NaN,
        "Interest Income Non Operating": NaN,
        "Operating Income": NaN,
        "Operating Expense": NaN,
        "Other Operating Expenses": 381000.0,
        "Research And Development": NaN,
        "Selling General And Administration": NaN,
        "Selling And Marketing Expense": NaN,
        "General And Administrative Expense": NaN,
        "Other Gand A": NaN,
        "Salaries And Wages": NaN,
        "Gross Profit": NaN,
        "Cost Of Revenue": NaN,
        "Total Revenue": NaN,
        "Operating Revenue": NaN
    },
    "2022-12-31": {
        "Tax Effect Of Unusual Items": NaN,
        "Tax Rate For Calcs": NaN,
        "Normalized EBITDA": NaN,
        "Total Unusual Items": NaN,
        "Total Unusual Items Excluding Goodwill": NaN,
        "Net Income From Continuing Operation Net Minority Interest": NaN,
        "Reconciled Depreciation": NaN,
        "Reconciled Cost Of Revenue": NaN,
        "EBITDA": NaN,
        "EBIT": NaN,
        "Net Interest Income": NaN,
        "Interest Expense": NaN,
        "Interest Income": NaN,
        "Normalized Income": NaN,
        "Net Income From Continuing And Discontinued Operation": NaN,
        "Total Expenses": NaN,
        "Total Operating Income As Reported": NaN,
        "Diluted Average Shares": NaN,
        "Basic Average Shares": NaN,
        "Diluted EPS": NaN,
        "Basic EPS": NaN,
        "Diluted NI Availto Com Stockholders": NaN,
        "Net Income Common Stockholders": NaN,
        "Net Income": NaN,
        "Net Income Including Noncontrolling Interests": NaN,
        "Net Income Continuous Operations": NaN,
        "Tax Provision": NaN,
        "Pretax Income": NaN,
        "Other Income Expense": NaN,
        "Special Income Charges": NaN,
        "Gain On Sale Of Ppe": 0.0,
        "Restructuring And Mergern Acquisition": NaN,
        "Gain On Sale Of Security": NaN,
        "Net Non Operating Interest Income Expense": NaN,
        "Total Other Finance Cost": NaN,
        "Interest Expense Non Operating": NaN,
        "Interest Income Non Operating": NaN,
        "Operating Income": NaN,
        "Operating Expense": NaN,
        "Other Operating Expenses": NaN,
        "Research And Development": NaN,
        "Selling General And Administration": NaN,
        "Selling And Marketing Expense": NaN,
        "General And Administrative Expense": NaN,
        "Other Gand A": NaN,
        "Salaries And Wages": NaN,
        "Gross Profit": NaN,
        "Cost Of Revenue": NaN,
        "Total Revenue": NaN,
        "Operating Revenue": NaN
    },
    "2022-09-30": {
        "Tax Effect Of Unusual Items": NaN,
        "Tax Rate For Calcs": NaN,
        "Normalized EBITDA": NaN,
        "Total Unusual Items": NaN,
        "Total Unusual Items Excluding Goodwill": NaN,
        "Net Income From Continuing Operation Net Minority Interest": NaN,
        "Reconciled Depreciation": NaN,
        "Reconciled Cost Of Revenue": NaN,
        "EBITDA": NaN,
        "EBIT": NaN,
        "Net Interest Income": NaN,
        "Interest Expense": NaN,
        "Interest Income": NaN,
        "Normalized Income": NaN,
        "Net Income From Continuing And Discontinued Operation": NaN,
        "Total Expenses": NaN,
        "Total Operating Income As Reported": NaN,
        "Diluted Average Shares": NaN,
        "Basic Average Shares": NaN,
        "Diluted EPS": NaN,
        "Basic EPS": NaN,
        "Diluted NI Availto Com Stockholders": NaN,
        "Net Income Common Stockholders": NaN,
        "Net Income": NaN,
        "Net Income Including Noncontrolling Interests": NaN,
        "Net Income Continuous Operations": NaN,
        "Tax Provision": NaN,
        "Pretax Income": NaN,
        "Other Income Expense": NaN,
        "Special Income Charges": NaN,
        "Gain On Sale Of Ppe": 0.0,
        "Restructuring And Mergern Acquisition": NaN,
        "Gain On Sale Of Security": NaN,
        "Net Non Operating Interest Income Expense": NaN,
        "Total Other Finance Cost": NaN,
        "Interest Expense Non Operating": NaN,
        "Interest Income Non Operating": NaN,
        "Operating Income": NaN,
        "Operating Expense": NaN,
        "Other Operating Expenses": 366000.0,
        "Research And Development": NaN,
        "Selling General And Administration": NaN,
        "Selling And Marketing Expense": NaN,
        "General And Administrative Expense": NaN,
        "Other Gand A": NaN,
        "Salaries And Wages": NaN,
        "Gross Profit": NaN,
        "Cost Of Revenue": NaN,
        "Total Revenue": NaN,
        "Operating Revenue": NaN
    },
    "2022-06-30": {
        "Tax Effect Of Unusual Items": 0.0,
        "Tax Rate For Calcs": 0.4,
        "Normalized EBITDA": -15506000.0,
        "Total Unusual Items": 773000.0,
        "Total Unusual Items Excluding Goodwill": 773000.0,
        "Net Income From Continuing Operation Net Minority Interest": -17347000.0,
        "Reconciled Depreciation": 738000.0,
        "Reconciled Cost Of Revenue": 15289000.0,
        "EBITDA": -15506000.0,
        "EBIT": -15506000.0,
        "Net Interest Income": 241000.0,
        "Interest Expense": 489000.0,
        "Interest Income": 166000.0,
        "Normalized Income": -17347000.0,
        "Net Income From Continuing And Discontinued Operation": -17347000.0,
        "Total Expenses": 57484000.0,
        "Total Operating Income As Reported": -15506000.0,
        "Diluted Average Shares": 129745162.0,
        "Basic Average Shares": 129745162.0,
        "Diluted EPS": -0.13,
        "Basic EPS": -0.13,
        "Diluted NI Availto Com Stockholders": -17347000.0,
        "Average Dilution Earnings": 0.0,
        "Net Income Common Stockholders": -17347000.0,
        "Otherunder Preferred Stock Dividend": 0.0,
        "Net Income": -17347000.0,
        "Net Income Including Noncontrolling Interests": -17347000.0,
        "Net Income Continuous Operations": -17347000.0,
        "Tax Provision": 2082000.0,
        "Pretax Income": -15265000.0,
        "Other Income Expense": 773000.0,
        "Special Income Charges": NaN,
        "Gain On Sale Of Ppe": NaN,
        "Restructuring And Mergern Acquisition": NaN,
        "Gain On Sale Of Security": 773000.0,
        "Net Non Operating Interest Income Expense": 241000.0,
        "Total Other Finance Cost": -241000.0,
        "Interest Expense Non Operating": 489000.0,
        "Interest Income Non Operating": 166000.0,
        "Operating Income": -15506000.0,
        "Operating Expense": 42195000.0,
        "Other Operating Expenses": 504000.0,
        "Research And Development": 14441000.0,
        "Selling General And Administration": 27754000.0,
        "Selling And Marketing Expense": 16416000.0,
        "General And Administrative Expense": 11338000.0,
        "Other Gand A": 11338000.0,
        "Salaries And Wages": 20993000.0,
        "Gross Profit": 26689000.0,
        "Cost Of Revenue": 15289000.0,
        "Total Revenue": 41978000.0,
        "Operating Revenue": 41978000.0
    },
    "2023-06-30": {
        "Tax Effect Of Unusual Items": NaN,
        "Tax Rate For Calcs": NaN,
        "Normalized EBITDA": NaN,
        "Total Unusual Items": NaN,
        "Total Unusual Items Excluding Goodwill": NaN,
        "Net Income From Continuing Operation Net Minority Interest": NaN,
        "Reconciled Depreciation": NaN,
        "Reconciled Cost Of Revenue": NaN,
        "EBITDA": NaN,
        "EBIT": NaN,
        "Net Interest Income": NaN,
        "Interest Expense": NaN,
        "Interest Income": NaN,
        "Normalized Income": NaN,
        "Net Income From Continuing And Discontinued Operation": NaN,
        "Total Expenses": NaN,
        "Total Operating Income As Reported": NaN,
        "Diluted Average Shares": NaN,
        "Basic Average Shares": NaN,
        "Diluted EPS": NaN,
        "Basic EPS": NaN,
        "Diluted NI Availto Com Stockholders": NaN,
        "Net Income Common Stockholders": NaN,
        "Net Income": NaN,
        "Net Income Including Noncontrolling Interests": NaN,
        "Net Income Continuous Operations": NaN,
        "Tax Provision": NaN,
        "Pretax Income": NaN,
        "Other Income Expense": NaN,
        "Special Income Charges": NaN,
        "Restructuring And Mergern Acquisition": NaN,
        "Gain On Sale Of Security": NaN,
        "Net Non Operating Interest Income Expense": NaN,
        "Total Other Finance Cost": NaN,
        "Interest Expense Non Operating": NaN,
        "Interest Income Non Operating": NaN,
        "Operating Income": NaN,
        "Operating Expense": NaN,
        "Other Operating Expenses": 454000.0,
        "Research And Development": NaN,
        "Selling General And Administration": NaN,
        "Selling And Marketing Expense": NaN,
        "General And Administrative Expense": NaN,
        "Other Gand A": NaN,
        "Salaries And Wages": NaN,
        "Gross Profit": NaN,
        "Cost Of Revenue": NaN,
        "Total Revenue": NaN,
        "Operating Revenue": NaN
    },
    "2022-03-31": {
        "Diluted EPS": -0.13,
        "Total Revenue": 42,
        "Gross Profit": 26,
        "Operating Income": -15,
        "EBIT": -12,
        "Net Income": -17
    },
    "2021-12-31": {
        "Diluted EPS": 0.41,
        "Total Revenue": 43,
        "Gross Profit": 27,
        "Operating Income": -12,
        "EBIT": -9,
        "Net Income": -16
    },
    "2021-09-30": {
        "Diluted EPS": -0.26,
        "Total Revenue": 43,
        "Gross Profit": 28,
        "Operating Income": -6,
        "EBIT": -3,
        "Net Income": -27
    },
    "2021-06-30": {
        "Diluted EPS": -0.37,
        "Total Revenue": 42,
        "Gross Profit": 26,
        "Operating Income": -6,
        "EBIT": -3,
        "Net Income": -6
    },
    "2021-03-31": {
        "Diluted EPS": -0.73,
        "Total Revenue": 38,
        "Gross Profit": 22,
        "Operating Income": -9,
        "EBIT": -7,
        "Net Income": -19
    },
    "2020-12-31": {
        "Diluted EPS": -1.57,
        "Total Revenue": 35,
        "Gross Profit": 21,
        "Operating Income": -1,
        "EBIT": -4,
        "Net Income": -36
    },
    "2020-09-30": {
        "Diluted EPS": -0.38,
        "Total Revenue": 31,
        "Gross Profit": 18,
        "Operating Income": -4,
        "EBIT": 4,
        "Net Income": -10
    },
    "2020-06-30": {
        "Diluted EPS": -0.56,
        "Total Revenue": 29,
        "Gross Profit": 18,
        "Operating Income": 1,
        "EBIT": 2,
        "Net Income": -14
    },
    "2020-03-31": {
        "Diluted EPS": -0.32,
        "Total Revenue": 26,
        "Gross Profit": 15,
        "Operating Income": -4,
        "EBIT": -3,
        "Net Income": -8
    },
    "2019-12-31": {
        "Diluted EPS": 0.0,
        "Total Revenue": NaN,
        "Gross Profit": NaN,
        "Operating Income": NaN,
        "EBIT": NaN,
        "Net Income": NaN
    },
    "2023-09-30": {
        "Tax Effect Of Unusual Items": NaN,
        "Tax Rate For Calcs": NaN,
        "Normalized EBITDA": NaN,
        "Total Unusual Items": NaN,
        "Total Unusual Items Excluding Goodwill": NaN,
        "Net Income From Continuing Operation Net Minority Interest": NaN,
        "Reconciled Depreciation": NaN,
        "Reconciled Cost Of Revenue": NaN,
        "EBITDA": NaN,
        "EBIT": NaN,
        "Net Interest Income": NaN,
        "Interest Expense": NaN,
        "Interest Income": NaN,
        "Normalized Income": NaN,
        "Net Income From Continuing And Discontinued Operation": NaN,
        "Total Expenses": NaN,
        "Total Operating Income As Reported": NaN,
        "Diluted Average Shares": 139186364.0,
        "Basic Average Shares": 139186364.0,
        "Diluted EPS": -0.08,
        "Basic EPS": -0.08,
        "Diluted NI Availto Com Stockholders": NaN,
        "Net Income Common Stockholders": NaN,
        "Net Income": NaN,
        "Net Income Including Noncontrolling Interests": NaN,
        "Net Income Continuous Operations": NaN,
        "Tax Provision": NaN,
        "Pretax Income": NaN,
        "Other Income Expense": NaN,
        "Special Income Charges": NaN,
        "Restructuring And Mergern Acquisition": NaN,
        "Gain On Sale Of Security": NaN,
        "Net Non Operating Interest Income Expense": NaN,
        "Total Other Finance Cost": NaN,
        "Interest Expense Non Operating": NaN,
        "Interest Income Non Operating": NaN,
        "Operating Income": NaN,
        "Operating Expense": NaN,
        "Research And Development": NaN,
        "Selling General And Administration": NaN,
        "Selling And Marketing Expense": NaN,
        "General And Administrative Expense": NaN,
        "Other Gand A": NaN,
        "Salaries And Wages": NaN,
        "Gross Profit": NaN,
        "Cost Of Revenue": NaN,
        "Total Revenue": NaN,
        "Operating Revenue": NaN
    },
    "2023-12-31": {
        "Tax Effect Of Unusual Items": NaN,
        "Tax Rate For Calcs": NaN,
        "Normalized EBITDA": NaN,
        "Total Unusual Items": NaN,
        "Total Unusual Items Excluding Goodwill": NaN,
        "Net Income From Continuing Operation Net Minority Interest": NaN,
        "Reconciled Depreciation": NaN,
        "Reconciled Cost Of Revenue": NaN,
        "EBITDA": NaN,
        "EBIT": NaN,
        "Net Interest Income": NaN,
        "Interest Expense": NaN,
        "Interest Income": NaN,
        "Normalized Income": NaN,
        "Net Income From Continuing And Discontinued Operation": NaN,
        "Total Expenses": NaN,
        "Total Operating Income As Reported": NaN,
        "Diluted Average Shares": NaN,
        "Basic Average Shares": NaN,
        "Diluted EPS": NaN,
        "Basic EPS": NaN,
        "Diluted NI Availto Com Stockholders": NaN,
        "Net Income Common Stockholders": NaN,
        "Net Income": NaN,
        "Net Income Including Noncontrolling Interests": NaN,
        "Net Income Continuous Operations": NaN,
        "Tax Provision": NaN,
        "Pretax Income": NaN,
        "Other Income Expense": NaN,
        "Special Income Charges": 0.0,
        "Restructuring And Mergern Acquisition": 0.0,
        "Gain On Sale Of Security": NaN,
        "Net Non Operating Interest Income Expense": NaN,
        "Total Other Finance Cost": NaN,
        "Interest Expense Non Operating": NaN,
        "Interest Income Non Operating": NaN,
        "Operating Income": NaN,
        "Operating Expense": NaN,
        "Research And Development": NaN,
        "Selling General And Administration": NaN,
        "Selling And Marketing Expense": NaN,
        "General And Administrative Expense": NaN,
        "Other Gand A": NaN,
        "Salaries And Wages": NaN,
        "Gross Profit": NaN,
        "Cost Of Revenue": NaN,
        "Total Revenue": NaN,
        "Operating Revenue": NaN
    },
    "2024-03-31": {
        "Tax Effect Of Unusual Items": -328650.0,
        "Tax Rate For Calcs": 0.21,
        "Normalized EBITDA": -5214000.0,
        "Total Unusual Items": -1565000.0,
        "Total Unusual Items Excluding Goodwill": -1565000.0,
        "Net Income From Continuing Operation Net Minority Interest": -11096000.0,
        "Reconciled Depreciation": 1305000.0,
        "Reconciled Cost Of Revenue": 16173000.0,
        "EBITDA": -6779000.0,
        "EBIT": -8084000.0,
        "Net Interest Income": 68000.0,
        "Interest Expense": 704000.0,
        "Interest Income": 818000.0,
        "Normalized Income": -9859650.0,
        "Net Income From Continuing And Discontinued Operation": -11096000.0,
        "Total Expenses": 52072000.0,
        "Total Operating Income As Reported": -7291000.0,
        "Diluted Average Shares": 144253660.0,
        "Basic Average Shares": 144253660.0,
        "Diluted EPS": -0.08,
        "Basic EPS": -0.08,
        "Diluted NI Availto Com Stockholders": -11096000.0,
        "Net Income Common Stockholders": -11096000.0,
        "Net Income": -11096000.0,
        "Net Income Including Noncontrolling Interests": -11096000.0,
        "Net Income Continuous Operations": -11096000.0,
        "Tax Provision": 2308000.0,
        "Pretax Income": -8788000.0,
        "Other Income Expense": -1565000.0,
        "Special Income Charges": 0.0,
        "Restructuring And Mergern Acquisition": 0.0,
        "Gain On Sale Of Security": -1565000.0,
        "Net Non Operating Interest Income Expense": 68000.0,
        "Total Other Finance Cost": 46000.0,
        "Interest Expense Non Operating": 704000.0,
        "Interest Income Non Operating": 818000.0,
        "Operating Income": -7291000.0,
        "Operating Expense": 35899000.0,
        "Research And Development": 12005000.0,
        "Selling General And Administration": 23894000.0,
        "Selling And Marketing Expense": 2110000.0,
        "General And Administrative Expense": 21784000.0,
        "Other Gand A": 4027000.0,
        "Salaries And Wages": 17757000.0,
        "Gross Profit": 28608000.0,
        "Cost Of Revenue": 16173000.0,
        "Total Revenue": 44781000.0,
        "Operating Revenue": 44781000.0
    },
    "2024-06-30": {
        "Tax Effect Of Unusual Items": 224280.0,
        "Tax Rate For Calcs": 0.21,
        "Normalized EBITDA": -6626000.0,
        "Total Unusual Items": 1068000.0,
        "Total Unusual Items Excluding Goodwill": 1068000.0,
        "Net Income From Continuing Operation Net Minority Interest": -10004000.0,
        "Reconciled Depreciation": 1280000.0,
        "Reconciled Cost Of Revenue": 15356000.0,
        "EBITDA": -5558000.0,
        "EBIT": -6838000.0,
        "Net Interest Income": -58000.0,
        "Interest Expense": 702000.0,
        "Interest Income": 790000.0,
        "Normalized Income": -10847720.0,
        "Net Income From Continuing And Discontinued Operation": -10004000.0,
        "Total Expenses": 52582000.0,
        "Total Operating Income As Reported": -8550000.0,
        "Diluted Average Shares": 147607504.0,
        "Basic Average Shares": 147607504.0,
        "Diluted EPS": -0.07,
        "Basic EPS": -0.07,
        "Diluted NI Availto Com Stockholders": -10004000.0,
        "Net Income Common Stockholders": -10004000.0,
        "Net Income": -10004000.0,
        "Net Income Including Noncontrolling Interests": -10004000.0,
        "Net Income Continuous Operations": -10004000.0,
        "Tax Provision": 2464000.0,
        "Pretax Income": -7540000.0,
        "Other Income Expense": 1068000.0,
        "Special Income Charges": 0.0,
        "Restructuring And Mergern Acquisition": 0.0,
        "Gain On Sale Of Security": 1068000.0,
        "Net Non Operating Interest Income Expense": -58000.0,
        "Total Other Finance Cost": 146000.0,
        "Interest Expense Non Operating": 702000.0,
        "Interest Income Non Operating": 790000.0,
        "Operating Income": -8550000.0,
        "Operating Expense": 37226000.0,
        "Research And Development": 12029000.0,
        "Selling General And Administration": 25197000.0,
        "Selling And Marketing Expense": 2393000.0,
        "General And Administrative Expense": 22804000.0,
        "Other Gand A": 3131000.0,
        "Salaries And Wages": 19673000.0,
        "Gross Profit": 28676000.0,
        "Cost Of Revenue": 15356000.0,
        "Total Revenue": 44032000.0,
        "Operating Revenue": 44032000.0
    },
    "2024-09-30": {
        "Tax Effect Of Unusual Items": 450240.0,
        "Tax Rate For Calcs": 0.21,
        "Normalized EBITDA": -2476000.0,
        "Total Unusual Items": 2144000.0,
        "Total Unusual Items Excluding Goodwill": 2144000.0,
        "Net Income From Continuing Operation Net Minority Interest": -3610000.0,
        "Reconciled Depreciation": 1249000.0,
        "Reconciled Cost Of Revenue": 14754000.0,
        "EBITDA": -332000.0,
        "EBIT": -1581000.0,
        "Net Interest Income": 16000.0,
        "Interest Expense": 725000.0,
        "Interest Income": 845000.0,
        "Normalized Income": -5303760.0,
        "Net Income From Continuing And Discontinued Operation": -3610000.0,
        "Total Expenses": 48761000.0,
        "Total Operating Income As Reported": -4466000.0,
        "Diluted Average Shares": 149306274.0,
        "Basic Average Shares": 149306274.0,
        "Diluted EPS": -0.02,
        "Basic EPS": -0.02,
        "Diluted NI Availto Com Stockholders": -3610000.0,
        "Net Income Common Stockholders": -3610000.0,
        "Net Income": -3610000.0,
        "Net Income Including Noncontrolling Interests": -3610000.0,
        "Net Income Continuous Operations": -3610000.0,
        "Tax Provision": 1304000.0,
        "Pretax Income": -2306000.0,
        "Other Income Expense": 2144000.0,
        "Special Income Charges": 0.0,
        "Restructuring And Mergern Acquisition": 0.0,
        "Gain On Sale Of Security": 2144000.0,
        "Net Non Operating Interest Income Expense": 16000.0,
        "Total Other Finance Cost": 104000.0,
        "Interest Expense Non Operating": 725000.0,
        "Interest Income Non Operating": 845000.0,
        "Operating Income": -4466000.0,
        "Operating Expense": 34007000.0,
        "Research And Development": 12427000.0,
        "Selling General And Administration": 21580000.0,
        "Selling And Marketing Expense": 2101000.0,
        "General And Administrative Expense": 19479000.0,
        "Other Gand A": 2874000.0,
        "Salaries And Wages": 16605000.0,
        "Gross Profit": 29541000.0,
        "Cost Of Revenue": 14754000.0,
        "Total Revenue": 44295000.0,
        "Operating Revenue": 44295000.0
    },
    "2024-12-31": {
        "Tax Effect Of Unusual Items": -309120.0,
        "Tax Rate For Calcs": 0.21,
        "Normalized EBITDA": -1778000.0,
        "Total Unusual Items": -1472000.0,
        "Total Unusual Items Excluding Goodwill": -1472000.0,
        "Net Income From Continuing Operation Net Minority Interest": -6605000.0,
        "Reconciled Depreciation": 1230000.0,
        "Reconciled Cost Of Revenue": 13328000.0,
        "EBITDA": -3250000.0,
        "EBIT": -4480000.0,
        "Net Interest Income": 234000.0,
        "Interest Expense": 551000.0,
        "Interest Income": 902000.0,
        "Normalized Income": -5442120.0,
        "Net Income From Continuing And Discontinued Operation": -6605000.0,
        "Total Expenses": 49402000.0,
        "Total Operating Income As Reported": -3793000.0,
        "Diluted Average Shares": 150452462.0,
        "Basic Average Shares": 150452462.0,
        "Diluted EPS": -0.04,
        "Basic EPS": -0.04,
        "Diluted NI Availto Com Stockholders": -6605000.0,
        "Net Income Common Stockholders": -6605000.0,
        "Net Income": -6605000.0,
        "Net Income Including Noncontrolling Interests": -6605000.0,
        "Net Income Continuous Operations": -6605000.0,
        "Tax Provision": 1574000.0,
        "Pretax Income": -5031000.0,
        "Other Income Expense": -1472000.0,
        "Special Income Charges": 0.0,
        "Restructuring And Mergern Acquisition": 0.0,
        "Gain On Sale Of Security": -1472000.0,
        "Net Non Operating Interest Income Expense": 234000.0,
        "Total Other Finance Cost": 117000.0,
        "Interest Expense Non Operating": 551000.0,
        "Interest Income Non Operating": 902000.0,
        "Operating Income": -3793000.0,
        "Operating Expense": 36074000.0,
        "Research And Development": 12970000.0,
        "Selling General And Administration": 23104000.0,
        "Selling And Marketing Expense": 41163000.0,
        "General And Administrative Expense": -18059000.0,
        "Other Gand A": 3692000.0,
        "Salaries And Wages": -21751000.0,
        "Gross Profit": 32281000.0,
        "Cost Of Revenue": 13328000.0,
        "Total Revenue": 45609000.0,
        "Operating Revenue": 45609000.0
    },
    "2025-03-31": {
        "Tax Effect Of Unusual Items": 330120.0,
        "Tax Rate For Calcs": 0.21,
        "Normalized EBITDA": 448000.0,
        "Total Unusual Items": 1572000.0,
        "Total Unusual Items Excluding Goodwill": 1572000.0,
        "Net Income From Continuing Operation Net Minority Interest": -1119000.0,
        "Reconciled Depreciation": 1185000.0,
        "Reconciled Cost Of Revenue": 14248000.0,
        "EBITDA": 2020000.0,
        "EBIT": 835000.0,
        "Net Interest Income": 231000.0,
        "Interest Expense": 609000.0,
        "Interest Income": 896000.0,
        "Normalized Income": -2360880.0,
        "Net Income From Continuing And Discontinued Operation": -1119000.0,
        "Total Expenses": 48561000.0,
        "Total Operating Income As Reported": -1577000.0,
        "Diluted Average Shares": 154009623.0,
        "Basic Average Shares": 154009623.0,
        "Diluted EPS": -0.01,
        "Basic EPS": -0.01,
        "Diluted NI Availto Com Stockholders": -1119000.0,
        "Net Income Common Stockholders": -1119000.0,
        "Net Income": -1119000.0,
        "Net Income Including Noncontrolling Interests": -1119000.0,
        "Net Income Continuous Operations": -1119000.0,
        "Tax Provision": 1345000.0,
        "Pretax Income": 226000.0,
        "Other Income Expense": 1572000.0,
        "Special Income Charges": NaN,
        "Restructuring And Mergern Acquisition": NaN,
        "Gain On Sale Of Security": 1572000.0,
        "Net Non Operating Interest Income Expense": 231000.0,
        "Total Other Finance Cost": 56000.0,
        "Interest Expense Non Operating": 609000.0,
        "Interest Income Non Operating": 896000.0,
        "Operating Income": -1577000.0,
        "Operating Expense": 34313000.0,
        "Research And Development": 12088000.0,
        "Selling General And Administration": 22225000.0,
        "Selling And Marketing Expense": 2573000.0,
        "General And Administrative Expense": 19652000.0,
        "Other Gand A": 2999000.0,
        "Salaries And Wages": 16653000.0,
        "Gross Profit": 32736000.0,
        "Cost Of Revenue": 14248000.0,
        "Total Revenue": 46984000.0,
        "Operating Revenue": 46984000.0
    }
}