{
    "2023-03-31": {
        "Tax Effect Of Unusual Items": NaN,
        "Tax Rate For Calcs": NaN,
        "Normalized EBITDA": NaN,
        "Total Unusual Items": NaN,
        "Total Unusual Items Excluding Goodwill": NaN,
        "Net Income From Continuing Operation Net Minority Interest": NaN,
        "Reconciled Depreciation": NaN,
        "Reconciled Cost Of Revenue": NaN,
        "EBITDA": NaN,
        "EBIT": NaN,
        "Net Interest Income": NaN,
        "Interest Expense": NaN,
        "Interest Income": NaN,
        "Normalized Income": NaN,
        "Net Income From Continuing And Discontinued Operation": NaN,
        "Total Expenses": NaN,
        "Total Operating Income As Reported": NaN,
        "Diluted Average Shares": NaN,
        "Basic Average Shares": NaN,
        "Diluted EPS": NaN,
        "Basic EPS": NaN,
        "Diluted NI Availto Com Stockholders": NaN,
        "Net Income Common Stockholders": NaN,
        "Net Income": NaN,
        "Net Income Including Noncontrolling Interests": NaN,
        "Net Income Continuous Operations": NaN,
        "Tax Provision": NaN,
        "Pretax Income": NaN,
        "Other Income Expense": 3200000.0,
        "Special Income Charges": NaN,
        "Write Off": NaN,
        "Impairment Of Capital Assets": NaN,
        "Restructuring And Mergern Acquisition": NaN,
        "Net Non Operating Interest Income Expense": NaN,
        "Interest Expense Non Operating": NaN,
        "Interest Income Non Operating": NaN,
        "Operating Income": NaN,
        "Operating Expense": NaN,
        "Depreciation Amortization Depletion Income Statement": NaN,
        "Depreciation And Amortization In Income Statement": NaN,
        "Research And Development": NaN,
        "Selling General And Administration": NaN,
        "Gross Profit": NaN,
        "Cost Of Revenue": NaN,
        "Total Revenue": NaN,
        "Operating Revenue": NaN
    },
    "2022-12-31": {
        "Tax Effect Of Unusual Items": NaN,
        "Tax Rate For Calcs": NaN,
        "Normalized EBITDA": NaN,
        "Total Unusual Items": NaN,
        "Total Unusual Items Excluding Goodwill": NaN,
        "Net Income From Continuing Operation Net Minority Interest": NaN,
        "Reconciled Depreciation": NaN,
        "Reconciled Cost Of Revenue": NaN,
        "EBITDA": NaN,
        "EBIT": NaN,
        "Net Interest Income": NaN,
        "Interest Expense": NaN,
        "Interest Income": NaN,
        "Normalized Income": NaN,
        "Net Income From Continuing And Discontinued Operation": NaN,
        "Total Expenses": NaN,
        "Total Operating Income As Reported": NaN,
        "Diluted Average Shares": NaN,
        "Basic Average Shares": NaN,
        "Diluted EPS": NaN,
        "Basic EPS": NaN,
        "Diluted NI Availto Com Stockholders": NaN,
        "Net Income Common Stockholders": NaN,
        "Net Income": NaN,
        "Net Income Including Noncontrolling Interests": NaN,
        "Net Income Continuous Operations": NaN,
        "Tax Provision": NaN,
        "Pretax Income": NaN,
        "Other Income Expense": NaN,
        "Special Income Charges": NaN,
        "Write Off": 0.0,
        "Restructuring And Mergern Acquisition": NaN,
        "Net Non Operating Interest Income Expense": NaN,
        "Interest Expense Non Operating": NaN,
        "Interest Income Non Operating": NaN,
        "Operating Income": NaN,
        "Operating Expense": NaN,
        "Depreciation Amortization Depletion Income Statement": NaN,
        "Depreciation And Amortization In Income Statement": NaN,
        "Research And Development": NaN,
        "Selling General And Administration": NaN,
        "Gross Profit": NaN,
        "Cost Of Revenue": NaN,
        "Total Revenue": NaN,
        "Operating Revenue": NaN
    },
    "2022-09-30": {
        "Tax Effect Of Unusual Items": NaN,
        "Tax Rate For Calcs": NaN,
        "Normalized EBITDA": NaN,
        "Total Unusual Items": NaN,
        "Total Unusual Items Excluding Goodwill": NaN,
        "Net Income From Continuing Operation Net Minority Interest": NaN,
        "Reconciled Depreciation": NaN,
        "Reconciled Cost Of Revenue": NaN,
        "EBITDA": NaN,
        "EBIT": NaN,
        "Net Interest Income": NaN,
        "Interest Expense": NaN,
        "Interest Income": 0.0,
        "Normalized Income": NaN,
        "Net Income From Continuing And Discontinued Operation": NaN,
        "Total Expenses": NaN,
        "Total Operating Income As Reported": NaN,
        "Diluted Average Shares": NaN,
        "Basic Average Shares": NaN,
        "Diluted EPS": NaN,
        "Basic EPS": NaN,
        "Diluted NI Availto Com Stockholders": NaN,
        "Net Income Common Stockholders": NaN,
        "Net Income": NaN,
        "Net Income Including Noncontrolling Interests": NaN,
        "Net Income Continuous Operations": NaN,
        "Tax Provision": NaN,
        "Pretax Income": NaN,
        "Other Income Expense": NaN,
        "Special Income Charges": NaN,
        "Write Off": 0.0,
        "Restructuring And Mergern Acquisition": NaN,
        "Net Non Operating Interest Income Expense": NaN,
        "Interest Expense Non Operating": NaN,
        "Interest Income Non Operating": 0.0,
        "Operating Income": NaN,
        "Operating Expense": NaN,
        "Depreciation Amortization Depletion Income Statement": NaN,
        "Depreciation And Amortization In Income Statement": NaN,
        "Research And Development": NaN,
        "Selling General And Administration": NaN,
        "Gross Profit": NaN,
        "Cost Of Revenue": NaN,
        "Total Revenue": NaN,
        "Operating Revenue": NaN
    },
    "2022-06-30": {
        "Tax Effect Of Unusual Items": 0.0,
        "Tax Rate For Calcs": 0.4,
        "Normalized EBITDA": 15400000.0,
        "Total Unusual Items": 0.0,
        "Total Unusual Items Excluding Goodwill": 0.0,
        "Net Income From Continuing Operation Net Minority Interest": -7500000.0,
        "Reconciled Depreciation": 14000000.0,
        "Reconciled Cost Of Revenue": 150900000.0,
        "EBITDA": 15400000.0,
        "EBIT": 1400000.0,
        "Net Interest Income": -8700000.0,
        "Interest Expense": 8700000.0,
        "Normalized Income": -7500000.0,
        "Net Income From Continuing And Discontinued Operation": -7500000.0,
        "Total Expenses": 183000000.0,
        "Total Operating Income As Reported": 1400000.0,
        "Diluted Average Shares": 11200000.0,
        "Basic Average Shares": 11200000.0,
        "Diluted EPS": -0.67,
        "Basic EPS": -0.67,
        "Diluted NI Availto Com Stockholders": -7500000.0,
        "Net Income Common Stockholders": -7500000.0,
        "Net Income": -7500000.0,
        "Net Income Including Noncontrolling Interests": -7500000.0,
        "Net Income Continuous Operations": -7500000.0,
        "Tax Provision": 200000.0,
        "Pretax Income": -7300000.0,
        "Other Income Expense": NaN,
        "Special Income Charges": 0.0,
        "Write Off": 0.0,
        "Restructuring And Mergern Acquisition": 0.0,
        "Net Non Operating Interest Income Expense": -8700000.0,
        "Interest Expense Non Operating": 8700000.0,
        "Operating Income": 1400000.0,
        "Operating Expense": 32100000.0,
        "Depreciation Amortization Depletion Income Statement": 14000000.0,
        "Depreciation And Amortization In Income Statement": 14000000.0,
        "Research And Development": 100000.0,
        "Selling General And Administration": 18000000.0,
        "Gross Profit": 33500000.0,
        "Cost Of Revenue": 150900000.0,
        "Total Revenue": 184400000.0,
        "Operating Revenue": 184400000.0
    },
    "2022-03-31": {
        "Diluted EPS": -1.98,
        "Total Revenue": 152,
        "Gross Profit": 17,
        "Operating Income": -12,
        "EBIT": 3,
        "Net Income": -20
    },
    "2021-12-31": {
        "Diluted EPS": -1.25,
        "Total Revenue": 94,
        "Gross Profit": 13,
        "Operating Income": 13,
        "EBIT": 245,
        "Net Income": -13
    },
    "2021-10-31": {
        "Diluted EPS": -2.19,
        "Total Revenue": 139,
        "Gross Profit": 18,
        "Operating Income": -10,
        "EBIT": 35,
        "Net Income": -19
    },
    "2021-09-30": {
        "Diluted EPS": -2.19,
        "Total Revenue": 139,
        "Gross Profit": 18,
        "Operating Income": -10,
        "EBIT": 18,
        "Net Income": -19
    },
    "2021-07-31": {
        "Diluted EPS": -2.98,
        "Total Revenue": 112,
        "Gross Profit": 13,
        "Operating Income": -17,
        "EBIT": 12,
        "Net Income": -25
    },
    "2021-06-30": {
        "Diluted EPS": -2.98,
        "Total Revenue": 112,
        "Gross Profit": 13,
        "Operating Income": -17,
        "EBIT": -47,
        "Net Income": -25
    },
    "2021-04-30": {
        "Diluted EPS": -4.41,
        "Total Revenue": 91,
        "Gross Profit": 2,
        "Operating Income": -29,
        "EBIT": -59,
        "Net Income": -37
    },
    "2021-01-31": {
        "Diluted EPS": 0.0,
        "Total Revenue": NaN,
        "Gross Profit": -71,
        "Operating Income": NaN,
        "EBIT": 8,
        "Net Income": NaN
    },
    "2020-10-31": {
        "Diluted EPS": -4.56,
        "Total Revenue": 71,
        "Gross Profit": 5,
        "Operating Income": -30,
        "EBIT": 228,
        "Net Income": -38
    },
    "2020-07-31": {
        "Diluted EPS": -4.12,
        "Total Revenue": 36,
        "Gross Profit": -2,
        "Operating Income": -13,
        "EBIT": 0,
        "Net Income": -20
    },
    "2020-04-30": {
        "Diluted EPS": -52.6,
        "Total Revenue": 83,
        "Gross Profit": 6,
        "Operating Income": -236,
        "EBIT": -268,
        "Net Income": -243
    },
    "2020-01-31": {
        "Diluted EPS": 0.0,
        "Total Revenue": NaN,
        "Gross Profit": NaN,
        "Operating Income": NaN,
        "EBIT": NaN,
        "Net Income": NaN
    },
    "2019-10-31": {
        "Diluted EPS": -15.5,
        "Total Revenue": 135,
        "Gross Profit": 15,
        "Operating Income": -63,
        "EBIT": 32,
        "Net Income": -70
    },
    "2019-07-31": {
        "Diluted EPS": 0.78,
        "Total Revenue": 165,
        "Gross Profit": 36,
        "Operating Income": 11,
        "EBIT": 28,
        "Net Income": 4
    },
    "2019-04-30": {
        "Diluted EPS": -1.2,
        "Total Revenue": 146,
        "Gross Profit": 27,
        "Operating Income": 2,
        "EBIT": -77,
        "Net Income": -5
    },
    "2019-01-31": {
        "Diluted EPS": 0.0,
        "Total Revenue": NaN,
        "Gross Profit": NaN,
        "Operating Income": NaN,
        "EBIT": NaN,
        "Net Income": NaN
    },
    "2018-12-31": {
        "Diluted EPS": 0.0,
        "Total Revenue": NaN,
        "Gross Profit": NaN,
        "Operating Income": NaN,
        "EBIT": NaN,
        "Net Income": NaN
    },
    "2018-10-31": {
        "Diluted EPS": -2.45,
        "Total Revenue": 123,
        "Gross Profit": 33,
        "Operating Income": -10,
        "EBIT": 18,
        "Net Income": -10
    },
    "2018-07-31": {
        "Diluted EPS": 3.4,
        "Total Revenue": 118,
        "Gross Profit": 32,
        "Operating Income": 14,
        "EBIT": 23,
        "Net Income": 14
    },
    "2018-06-30": {
        "Diluted EPS": 0.0,
        "Total Revenue": NaN,
        "Gross Profit": NaN,
        "Operating Income": -18,
        "EBIT": -37,
        "Net Income": 14
    },
    "2018-04-30": {
        "Diluted EPS": 1.45,
        "Total Revenue": 110,
        "Gross Profit": 28,
        "Operating Income": 6,
        "EBIT": -14,
        "Net Income": 6
    },
    "2018-03-31": {
        "Diluted EPS": 0.0,
        "Total Revenue": NaN,
        "Gross Profit": NaN,
        "Operating Income": -22,
        "EBIT": 7,
        "Net Income": 6
    },
    "2018-01-31": {
        "Diluted EPS": 0.0,
        "Total Revenue": NaN,
        "Gross Profit": NaN,
        "Operating Income": NaN,
        "EBIT": NaN,
        "Net Income": NaN
    },
    "2017-12-31": {
        "Diluted EPS": 0.0,
        "Total Revenue": -31,
        "Gross Profit": -42,
        "Operating Income": -59,
        "EBIT": -51,
        "Net Income": -57
    },
    "2017-10-31": {
        "Diluted EPS": -0.45,
        "Total Revenue": 89,
        "Gross Profit": 16,
        "Operating Income": -2,
        "EBIT": 23,
        "Net Income": -2
    },
    "2017-09-30": {
        "Diluted EPS": 0.0,
        "Total Revenue": NaN,
        "Gross Profit": NaN,
        "Operating Income": -17,
        "EBIT": -17,
        "Net Income": -2
    },
    "2017-07-31": {
        "Diluted EPS": 0.0,
        "Total Revenue": 74,
        "Gross Profit": 10,
        "Operating Income": -8,
        "EBIT": -8,
        "Net Income": -8
    },
    "2017-06-30": {
        "Diluted EPS": 0.0,
        "Total Revenue": 74,
        "Gross Profit": 10,
        "Operating Income": -8,
        "EBIT": -16,
        "Net Income": -8
    },
    "2017-03-31": {
        "Diluted EPS": 0.0,
        "Total Revenue": NaN,
        "Gross Profit": NaN,
        "Operating Income": NaN,
        "EBIT": NaN,
        "Net Income": NaN
    },
    "2017-01-31": {
        "Diluted EPS": 0.0,
        "Total Revenue": NaN,
        "Gross Profit": NaN,
        "Operating Income": NaN,
        "EBIT": NaN,
        "Net Income": NaN
    },
    "2016-12-31": {
        "Diluted EPS": 0.0,
        "Total Revenue": NaN,
        "Gross Profit": NaN,
        "Operating Income": NaN,
        "EBIT": NaN,
        "Net Income": NaN
    },
    "2023-06-30": {
        "Tax Effect Of Unusual Items": NaN,
        "Tax Rate For Calcs": NaN,
        "Normalized EBITDA": NaN,
        "Total Unusual Items": NaN,
        "Total Unusual Items Excluding Goodwill": NaN,
        "Net Income From Continuing Operation Net Minority Interest": NaN,
        "Reconciled Depreciation": NaN,
        "Reconciled Cost Of Revenue": NaN,
        "EBITDA": NaN,
        "EBIT": NaN,
        "Net Interest Income": NaN,
        "Interest Expense": NaN,
        "Interest Income": NaN,
        "Normalized Income": NaN,
        "Net Income From Continuing And Discontinued Operation": NaN,
        "Total Expenses": NaN,
        "Total Operating Income As Reported": NaN,
        "Diluted Average Shares": NaN,
        "Basic Average Shares": NaN,
        "Diluted EPS": NaN,
        "Basic EPS": NaN,
        "Diluted NI Availto Com Stockholders": NaN,
        "Net Income Common Stockholders": NaN,
        "Net Income": NaN,
        "Net Income Including Noncontrolling Interests": NaN,
        "Net Income Continuous Operations": NaN,
        "Tax Provision": NaN,
        "Pretax Income": NaN,
        "Other Income Expense": -1200000.0,
        "Special Income Charges": NaN,
        "Write Off": 0.0,
        "Impairment Of Capital Assets": NaN,
        "Restructuring And Mergern Acquisition": NaN,
        "Net Non Operating Interest Income Expense": NaN,
        "Interest Expense Non Operating": NaN,
        "Interest Income Non Operating": NaN,
        "Operating Income": NaN,
        "Operating Expense": NaN,
        "Depreciation Amortization Depletion Income Statement": NaN,
        "Depreciation And Amortization In Income Statement": NaN,
        "Research And Development": NaN,
        "Selling General And Administration": NaN,
        "Gross Profit": NaN,
        "Cost Of Revenue": NaN,
        "Total Revenue": NaN,
        "Operating Revenue": NaN
    },
    "2023-09-30": {
        "Tax Effect Of Unusual Items": NaN,
        "Tax Rate For Calcs": NaN,
        "Normalized EBITDA": NaN,
        "Total Unusual Items": NaN,
        "Total Unusual Items Excluding Goodwill": NaN,
        "Net Income From Continuing Operation Net Minority Interest": NaN,
        "Reconciled Depreciation": NaN,
        "Reconciled Cost Of Revenue": NaN,
        "EBITDA": NaN,
        "EBIT": NaN,
        "Net Interest Income": NaN,
        "Interest Expense": NaN,
        "Interest Income": NaN,
        "Normalized Income": NaN,
        "Net Income From Continuing And Discontinued Operation": NaN,
        "Total Expenses": NaN,
        "Total Operating Income As Reported": NaN,
        "Diluted Average Shares": NaN,
        "Basic Average Shares": NaN,
        "Diluted EPS": NaN,
        "Basic EPS": NaN,
        "Diluted NI Availto Com Stockholders": NaN,
        "Net Income Common Stockholders": NaN,
        "Net Income": NaN,
        "Net Income Including Noncontrolling Interests": NaN,
        "Net Income Continuous Operations": NaN,
        "Tax Provision": NaN,
        "Pretax Income": NaN,
        "Other Income Expense": -100000.0,
        "Special Income Charges": NaN,
        "Other Special Charges": NaN,
        "Write Off": NaN,
        "Impairment Of Capital Assets": 0.0,
        "Restructuring And Mergern Acquisition": NaN,
        "Net Non Operating Interest Income Expense": NaN,
        "Interest Expense Non Operating": NaN,
        "Interest Income Non Operating": NaN,
        "Operating Income": NaN,
        "Operating Expense": NaN,
        "Depreciation Amortization Depletion Income Statement": NaN,
        "Depreciation And Amortization In Income Statement": NaN,
        "Research And Development": NaN,
        "Selling General And Administration": NaN,
        "Gross Profit": NaN,
        "Cost Of Revenue": NaN,
        "Total Revenue": NaN,
        "Operating Revenue": NaN
    },
    "2023-12-31": {
        "Tax Effect Of Unusual Items": NaN,
        "Tax Rate For Calcs": NaN,
        "Normalized EBITDA": NaN,
        "Total Unusual Items": NaN,
        "Total Unusual Items Excluding Goodwill": NaN,
        "Net Income From Continuing Operation Net Minority Interest": NaN,
        "Reconciled Depreciation": NaN,
        "Reconciled Cost Of Revenue": NaN,
        "EBITDA": NaN,
        "EBIT": NaN,
        "Net Interest Income": NaN,
        "Interest Expense": NaN,
        "Interest Income": NaN,
        "Normalized Income": NaN,
        "Net Income From Continuing And Discontinued Operation": NaN,
        "Total Expenses": NaN,
        "Total Operating Income As Reported": NaN,
        "Diluted Average Shares": NaN,
        "Basic Average Shares": NaN,
        "Diluted EPS": NaN,
        "Basic EPS": NaN,
        "Diluted NI Availto Com Stockholders": NaN,
        "Net Income Common Stockholders": NaN,
        "Net Income": NaN,
        "Net Income Including Noncontrolling Interests": NaN,
        "Net Income Continuous Operations": NaN,
        "Tax Provision": NaN,
        "Pretax Income": NaN,
        "Other Income Expense": 0.0,
        "Special Income Charges": NaN,
        "Other Special Charges": NaN,
        "Write Off": NaN,
        "Impairment Of Capital Assets": NaN,
        "Restructuring And Mergern Acquisition": 0.0,
        "Net Non Operating Interest Income Expense": NaN,
        "Interest Expense Non Operating": NaN,
        "Interest Income Non Operating": NaN,
        "Operating Income": NaN,
        "Operating Expense": NaN,
        "Depreciation Amortization Depletion Income Statement": NaN,
        "Depreciation And Amortization In Income Statement": NaN,
        "Research And Development": NaN,
        "Selling General And Administration": NaN,
        "Gross Profit": NaN,
        "Cost Of Revenue": NaN,
        "Total Revenue": NaN,
        "Operating Revenue": NaN
    },
    "2024-03-31": {
        "Tax Effect Of Unusual Items": 0.0,
        "Tax Rate For Calcs": 0.21,
        "Normalized EBITDA": 9500000.0,
        "Total Unusual Items": 0.0,
        "Total Unusual Items Excluding Goodwill": 0.0,
        "Net Income From Continuing Operation Net Minority Interest": -22200000.0,
        "Reconciled Depreciation": 21900000.0,
        "Reconciled Cost Of Revenue": 144000000.0,
        "EBITDA": 9500000.0,
        "EBIT": -12400000.0,
        "Net Interest Income": -8900000.0,
        "Interest Expense": 9600000.0,
        "Interest Income": 700000.0,
        "Normalized Income": -22200000.0,
        "Net Income From Continuing And Discontinued Operation": -22200000.0,
        "Total Expenses": 187800000.0,
        "Total Operating Income As Reported": -13100000.0,
        "Diluted Average Shares": 16100000.0,
        "Basic Average Shares": 16100000.0,
        "Diluted EPS": -1.38,
        "Basic EPS": -1.38,
        "Diluted NI Availto Com Stockholders": -22200000.0,
        "Net Income Common Stockholders": -22200000.0,
        "Net Income": -22200000.0,
        "Net Income Including Noncontrolling Interests": -22200000.0,
        "Net Income Continuous Operations": -22200000.0,
        "Tax Provision": 200000.0,
        "Pretax Income": -22000000.0,
        "Other Income Expense": NaN,
        "Special Income Charges": 0.0,
        "Other Special Charges": NaN,
        "Write Off": NaN,
        "Impairment Of Capital Assets": NaN,
        "Restructuring And Mergern Acquisition": 0.0,
        "Net Non Operating Interest Income Expense": -8900000.0,
        "Interest Expense Non Operating": 9600000.0,
        "Interest Income Non Operating": 700000.0,
        "Operating Income": -13100000.0,
        "Operating Expense": 43800000.0,
        "Depreciation Amortization Depletion Income Statement": 21900000.0,
        "Depreciation And Amortization In Income Statement": 21900000.0,
        "Research And Development": 300000.0,
        "Selling General And Administration": 21600000.0,
        "Gross Profit": 30700000.0,
        "Cost Of Revenue": 144000000.0,
        "Total Revenue": 174700000.0,
        "Operating Revenue": 174700000.0
    },
    "2024-06-30": {
        "Tax Effect Of Unusual Items": -21000.0,
        "Tax Rate For Calcs": 0.21,
        "Normalized EBITDA": 25200000.0,
        "Total Unusual Items": -100000.0,
        "Total Unusual Items Excluding Goodwill": -100000.0,
        "Net Income From Continuing Operation Net Minority Interest": -8000000.0,
        "Reconciled Depreciation": 23100000.0,
        "Reconciled Cost Of Revenue": 136000000.0,
        "EBITDA": 25100000.0,
        "EBIT": 2000000.0,
        "Net Interest Income": -9200000.0,
        "Interest Expense": 9800000.0,
        "Interest Income": 600000.0,
        "Normalized Income": -7921000.0,
        "Net Income From Continuing And Discontinued Operation": -8000000.0,
        "Total Expenses": 178700000.0,
        "Total Operating Income As Reported": 1400000.0,
        "Diluted Average Shares": 16200000.0,
        "Basic Average Shares": 16200000.0,
        "Diluted EPS": -0.49,
        "Basic EPS": -0.49,
        "Diluted NI Availto Com Stockholders": -8000000.0,
        "Net Income Common Stockholders": -8000000.0,
        "Net Income": -8000000.0,
        "Net Income Including Noncontrolling Interests": -8000000.0,
        "Net Income Continuous Operations": -8000000.0,
        "Tax Provision": 200000.0,
        "Pretax Income": -7800000.0,
        "Other Income Expense": -100000.0,
        "Special Income Charges": -100000.0,
        "Other Special Charges": NaN,
        "Write Off": 100000.0,
        "Impairment Of Capital Assets": NaN,
        "Restructuring And Mergern Acquisition": 0.0,
        "Net Non Operating Interest Income Expense": -9200000.0,
        "Interest Expense Non Operating": 9800000.0,
        "Interest Income Non Operating": 600000.0,
        "Operating Income": 1500000.0,
        "Operating Expense": 42700000.0,
        "Depreciation Amortization Depletion Income Statement": 23100000.0,
        "Depreciation And Amortization In Income Statement": 23100000.0,
        "Research And Development": 300000.0,
        "Selling General And Administration": 19300000.0,
        "Gross Profit": 44200000.0,
        "Cost Of Revenue": 136000000.0,
        "Total Revenue": 180200000.0,
        "Operating Revenue": 180200000.0
    },
    "2024-09-30": {
        "Tax Effect Of Unusual Items": 0.0,
        "Tax Rate For Calcs": 0.21,
        "Normalized EBITDA": 25700000.0,
        "Total Unusual Items": 0.0,
        "Total Unusual Items Excluding Goodwill": 0.0,
        "Net Income From Continuing Operation Net Minority Interest": -8200000.0,
        "Reconciled Depreciation": 23900000.0,
        "Reconciled Cost Of Revenue": 142300000.0,
        "EBITDA": 25700000.0,
        "EBIT": 1800000.0,
        "Net Interest Income": -9100000.0,
        "Interest Expense": 9800000.0,
        "Interest Income": 700000.0,
        "Normalized Income": -8200000.0,
        "Net Income From Continuing And Discontinued Operation": -8200000.0,
        "Total Expenses": 187800000.0,
        "Total Operating Income As Reported": 1100000.0,
        "Diluted Average Shares": 16200000.0,
        "Basic Average Shares": 16200000.0,
        "Diluted EPS": -0.51,
        "Basic EPS": -0.51,
        "Diluted NI Availto Com Stockholders": -8200000.0,
        "Net Income Common Stockholders": -8200000.0,
        "Net Income": -8200000.0,
        "Net Income Including Noncontrolling Interests": -8200000.0,
        "Net Income Continuous Operations": -8200000.0,
        "Tax Provision": 200000.0,
        "Pretax Income": -8000000.0,
        "Other Income Expense": NaN,
        "Special Income Charges": 0.0,
        "Other Special Charges": NaN,
        "Write Off": NaN,
        "Impairment Of Capital Assets": 0.0,
        "Restructuring And Mergern Acquisition": 0.0,
        "Net Non Operating Interest Income Expense": -9100000.0,
        "Interest Expense Non Operating": 9800000.0,
        "Interest Income Non Operating": 700000.0,
        "Operating Income": 1100000.0,
        "Operating Expense": 45500000.0,
        "Depreciation Amortization Depletion Income Statement": 23900000.0,
        "Depreciation And Amortization In Income Statement": 23900000.0,
        "Research And Development": 400000.0,
        "Selling General And Administration": 21200000.0,
        "Gross Profit": 46600000.0,
        "Cost Of Revenue": 142300000.0,
        "Total Revenue": 188900000.0,
        "Operating Revenue": 188900000.0
    },
    "2024-12-31": {
        "Tax Effect Of Unusual Items": 0.0,
        "Tax Rate For Calcs": 0.0,
        "Normalized EBITDA": 20700000.0,
        "Total Unusual Items": 0.0,
        "Total Unusual Items Excluding Goodwill": 0.0,
        "Net Income From Continuing Operation Net Minority Interest": -14600000.0,
        "Reconciled Depreciation": 25100000.0,
        "Reconciled Cost Of Revenue": 127400000.0,
        "EBITDA": 20700000.0,
        "EBIT": -4400000.0,
        "Net Interest Income": -9700000.0,
        "Interest Expense": 10200000.0,
        "Interest Income": 500000.0,
        "Normalized Income": -14600000.0,
        "Net Income From Continuing And Discontinued Operation": -14600000.0,
        "Total Expenses": 170400000.0,
        "Total Operating Income As Reported": -4900000.0,
        "Diluted Average Shares": 16300000.0,
        "Basic Average Shares": 16300000.0,
        "Diluted EPS": -0.9,
        "Basic EPS": -0.9,
        "Diluted NI Availto Com Stockholders": -14600000.0,
        "Net Income Common Stockholders": -14600000.0,
        "Net Income": -14600000.0,
        "Net Income Including Noncontrolling Interests": -14600000.0,
        "Net Income Continuous Operations": -14600000.0,
        "Tax Provision": 0.0,
        "Pretax Income": -14600000.0,
        "Other Income Expense": 0.0,
        "Special Income Charges": 0.0,
        "Other Special Charges": NaN,
        "Write Off": NaN,
        "Impairment Of Capital Assets": NaN,
        "Restructuring And Mergern Acquisition": 0.0,
        "Net Non Operating Interest Income Expense": -9700000.0,
        "Interest Expense Non Operating": 10200000.0,
        "Interest Income Non Operating": 500000.0,
        "Operating Income": -4900000.0,
        "Operating Expense": 43000000.0,
        "Depreciation Amortization Depletion Income Statement": 25100000.0,
        "Depreciation And Amortization In Income Statement": 25100000.0,
        "Research And Development": 400000.0,
        "Selling General And Administration": 17500000.0,
        "Gross Profit": 38100000.0,
        "Cost Of Revenue": 127400000.0,
        "Total Revenue": 165500000.0,
        "Operating Revenue": 165500000.0
    },
    "2025-03-31": {
        "Tax Effect Of Unusual Items": -252000.0,
        "Tax Rate For Calcs": 0.21,
        "Normalized EBITDA": 8500000.0,
        "Total Unusual Items": -1200000.0,
        "Total Unusual Items Excluding Goodwill": -1200000.0,
        "Net Income From Continuing Operation Net Minority Interest": -27900000.0,
        "Reconciled Depreciation": 24700000.0,
        "Reconciled Cost Of Revenue": 123800000.0,
        "EBITDA": 7300000.0,
        "EBIT": -17400000.0,
        "Net Interest Income": -10000000.0,
        "Interest Expense": 10300000.0,
        "Interest Income": 300000.0,
        "Normalized Income": -26952000.0,
        "Net Income From Continuing And Discontinued Operation": -27900000.0,
        "Total Expenses": 170500000.0,
        "Total Operating Income As Reported": -17700000.0,
        "Diluted Average Shares": 17200000.0,
        "Basic Average Shares": 17200000.0,
        "Diluted EPS": -1.62,
        "Basic EPS": -1.62,
        "Diluted NI Availto Com Stockholders": -27900000.0,
        "Net Income Common Stockholders": -27900000.0,
        "Net Income": -27900000.0,
        "Net Income Including Noncontrolling Interests": -27900000.0,
        "Net Income Continuous Operations": -27900000.0,
        "Tax Provision": 200000.0,
        "Pretax Income": -27700000.0,
        "Other Income Expense": -1200000.0,
        "Special Income Charges": -1200000.0,
        "Other Special Charges": 1200000.0,
        "Write Off": NaN,
        "Impairment Of Capital Assets": NaN,
        "Restructuring And Mergern Acquisition": NaN,
        "Net Non Operating Interest Income Expense": -10000000.0,
        "Interest Expense Non Operating": 10300000.0,
        "Interest Income Non Operating": 300000.0,
        "Operating Income": -16500000.0,
        "Operating Expense": 46700000.0,
        "Depreciation Amortization Depletion Income Statement": 24700000.0,
        "Depreciation And Amortization In Income Statement": 24700000.0,
        "Research And Development": 400000.0,
        "Selling General And Administration": 21600000.0,
        "Gross Profit": 30200000.0,
        "Cost Of Revenue": 123800000.0,
        "Total Revenue": 154000000.0,
        "Operating Revenue": 154000000.0
    }
}