{
    "2023-03-31": {
        "Tax Effect Of Unusual Items": NaN,
        "Tax Rate For Calcs": NaN,
        "Normalized EBITDA": NaN,
        "Total Unusual Items": NaN,
        "Total Unusual Items Excluding Goodwill": NaN,
        "Net Income From Continuing Operation Net Minority Interest": NaN,
        "Reconciled Depreciation": NaN,
        "Reconciled Cost Of Revenue": NaN,
        "EBITDA": NaN,
        "EBIT": NaN,
        "Net Interest Income": NaN,
        "Interest Expense": NaN,
        "Interest Income": NaN,
        "Normalized Income": NaN,
        "Net Income From Continuing And Discontinued Operation": NaN,
        "Total Expenses": NaN,
        "Total Operating Income As Reported": NaN,
        "Diluted Average Shares": NaN,
        "Basic Average Shares": NaN,
        "Diluted EPS": NaN,
        "Basic EPS": NaN,
        "Diluted NI Availto Com Stockholders": NaN,
        "Net Income Common Stockholders": NaN,
        "Net Income": NaN,
        "Net Income Including Noncontrolling Interests": NaN,
        "Net Income Continuous Operations": NaN,
        "Tax Provision": NaN,
        "Pretax Income": NaN,
        "Other Income Expense": NaN,
        "Other Non Operating Income Expenses": -1761000.0,
        "Special Income Charges": NaN,
        "Restructuring And Mergern Acquisition": NaN,
        "Gain On Sale Of Security": NaN,
        "Net Non Operating Interest Income Expense": NaN,
        "Total Other Finance Cost": 1761000.0,
        "Interest Expense Non Operating": NaN,
        "Interest Income Non Operating": NaN,
        "Operating Income": NaN,
        "Operating Expense": NaN,
        "Other Operating Expenses": 979000.0,
        "Research And Development": NaN,
        "Selling General And Administration": NaN,
        "Selling And Marketing Expense": NaN,
        "General And Administrative Expense": NaN,
        "Other Gand A": NaN,
        "Gross Profit": NaN,
        "Cost Of Revenue": NaN,
        "Total Revenue": NaN,
        "Operating Revenue": NaN
    },
    "2022-12-31": {
        "Tax Effect Of Unusual Items": NaN,
        "Tax Rate For Calcs": NaN,
        "Normalized EBITDA": NaN,
        "Total Unusual Items": NaN,
        "Total Unusual Items Excluding Goodwill": NaN,
        "Net Income From Continuing Operation Net Minority Interest": NaN,
        "Reconciled Depreciation": NaN,
        "Reconciled Cost Of Revenue": NaN,
        "EBITDA": NaN,
        "EBIT": NaN,
        "Net Interest Income": NaN,
        "Interest Expense": NaN,
        "Interest Income": NaN,
        "Normalized Income": NaN,
        "Net Income From Continuing And Discontinued Operation": NaN,
        "Total Expenses": NaN,
        "Total Operating Income As Reported": NaN,
        "Diluted Average Shares": NaN,
        "Basic Average Shares": NaN,
        "Diluted EPS": NaN,
        "Basic EPS": NaN,
        "Diluted NI Availto Com Stockholders": NaN,
        "Net Income Common Stockholders": NaN,
        "Net Income": NaN,
        "Net Income Including Noncontrolling Interests": NaN,
        "Net Income Continuous Operations": NaN,
        "Tax Provision": NaN,
        "Pretax Income": NaN,
        "Other Income Expense": NaN,
        "Other Non Operating Income Expenses": NaN,
        "Special Income Charges": NaN,
        "Restructuring And Mergern Acquisition": NaN,
        "Gain On Sale Of Security": NaN,
        "Net Non Operating Interest Income Expense": NaN,
        "Total Other Finance Cost": NaN,
        "Interest Expense Non Operating": NaN,
        "Interest Income Non Operating": NaN,
        "Operating Income": NaN,
        "Operating Expense": NaN,
        "Other Operating Expenses": 111000.0,
        "Research And Development": NaN,
        "Selling General And Administration": NaN,
        "Selling And Marketing Expense": NaN,
        "General And Administrative Expense": NaN,
        "Other Gand A": NaN,
        "Gross Profit": NaN,
        "Cost Of Revenue": NaN,
        "Total Revenue": NaN,
        "Operating Revenue": NaN
    },
    "2022-09-30": {
        "Tax Effect Of Unusual Items": NaN,
        "Tax Rate For Calcs": NaN,
        "Normalized EBITDA": NaN,
        "Total Unusual Items": NaN,
        "Total Unusual Items Excluding Goodwill": NaN,
        "Net Income From Continuing Operation Net Minority Interest": NaN,
        "Reconciled Depreciation": NaN,
        "Reconciled Cost Of Revenue": NaN,
        "EBITDA": NaN,
        "EBIT": NaN,
        "Net Interest Income": NaN,
        "Interest Expense": NaN,
        "Interest Income": NaN,
        "Normalized Income": NaN,
        "Net Income From Continuing And Discontinued Operation": NaN,
        "Total Expenses": NaN,
        "Total Operating Income As Reported": NaN,
        "Diluted Average Shares": NaN,
        "Basic Average Shares": NaN,
        "Diluted EPS": NaN,
        "Basic EPS": NaN,
        "Diluted NI Availto Com Stockholders": NaN,
        "Net Income Common Stockholders": NaN,
        "Net Income": NaN,
        "Net Income Including Noncontrolling Interests": NaN,
        "Net Income Continuous Operations": NaN,
        "Tax Provision": NaN,
        "Pretax Income": NaN,
        "Other Income Expense": NaN,
        "Other Non Operating Income Expenses": NaN,
        "Gain On Sale Of Security": NaN,
        "Net Non Operating Interest Income Expense": NaN,
        "Total Other Finance Cost": 2049000.0,
        "Interest Expense Non Operating": NaN,
        "Interest Income Non Operating": NaN,
        "Operating Income": NaN,
        "Operating Expense": NaN,
        "Other Operating Expenses": NaN,
        "Research And Development": NaN,
        "Selling General And Administration": NaN,
        "Selling And Marketing Expense": NaN,
        "General And Administrative Expense": NaN,
        "Other Gand A": NaN,
        "Gross Profit": NaN,
        "Cost Of Revenue": NaN,
        "Total Revenue": NaN,
        "Operating Revenue": NaN
    },
    "2022-06-30": {
        "Tax Effect Of Unusual Items": 169600.0,
        "Tax Rate For Calcs": 0.4,
        "Normalized EBITDA": -1097000.0,
        "Total Unusual Items": 424000.0,
        "Total Unusual Items Excluding Goodwill": 424000.0,
        "Net Income From Continuing Operation Net Minority Interest": -3921000.0,
        "Reconciled Depreciation": 3061000.0,
        "Reconciled Cost Of Revenue": 16350000.0,
        "EBITDA": -673000.0,
        "EBIT": -3734000.0,
        "Net Interest Income": -2042000.0,
        "Interest Expense": 178000.0,
        "Interest Income": 1000.0,
        "Normalized Income": -4175400.0,
        "Net Income From Continuing And Discontinued Operation": -3921000.0,
        "Total Expenses": 25884000.0,
        "Total Operating Income As Reported": -2294000.0,
        "Diluted Average Shares": 43566667.0,
        "Basic Average Shares": 43566667.0,
        "Diluted EPS": -0.09,
        "Basic EPS": -0.09,
        "Diluted NI Availto Com Stockholders": -3921000.0,
        "Net Income Common Stockholders": -3921000.0,
        "Net Income": -3921000.0,
        "Net Income Including Noncontrolling Interests": -3921000.0,
        "Net Income Continuous Operations": -3921000.0,
        "Tax Provision": 9000.0,
        "Pretax Income": -3912000.0,
        "Other Income Expense": 424000.0,
        "Other Non Operating Income Expenses": NaN,
        "Gain On Sale Of Security": 424000.0,
        "Net Non Operating Interest Income Expense": -2042000.0,
        "Total Other Finance Cost": 1865000.0,
        "Interest Expense Non Operating": 178000.0,
        "Interest Income Non Operating": 1000.0,
        "Operating Income": -2294000.0,
        "Operating Expense": 9534000.0,
        "Other Operating Expenses": 309000.0,
        "Research And Development": 2643000.0,
        "Selling General And Administration": 6582000.0,
        "Selling And Marketing Expense": 3271000.0,
        "General And Administrative Expense": 3311000.0,
        "Other Gand A": 3311000.0,
        "Gross Profit": 7240000.0,
        "Cost Of Revenue": 16350000.0,
        "Total Revenue": 23590000.0,
        "Operating Revenue": 23590000.0
    },
    "2022-03-31": {
        "Diluted EPS": -0.04,
        "Total Revenue": 28,
        "Gross Profit": 11,
        "Operating Income": 0,
        "EBIT": 3,
        "Net Income": -2
    },
    "2021-12-31": {
        "Diluted EPS": -0.11,
        "Total Revenue": 31,
        "Gross Profit": 7,
        "Operating Income": -3,
        "EBIT": -1,
        "Net Income": -5
    },
    "2021-09-30": {
        "Diluted EPS": -0.02,
        "Total Revenue": 23,
        "Gross Profit": 6,
        "Operating Income": -1,
        "EBIT": 0,
        "Net Income": -1
    },
    "2021-06-30": {
        "Diluted EPS": 0.02,
        "Total Revenue": 24,
        "Gross Profit": 9,
        "Operating Income": 1,
        "EBIT": 2,
        "Net Income": 1
    },
    "2021-03-31": {
        "Diluted EPS": 0.06,
        "Total Revenue": 25,
        "Gross Profit": 9,
        "Operating Income": 2,
        "EBIT": 4,
        "Net Income": 3
    },
    "2020-12-31": {
        "Diluted EPS": 0.01,
        "Total Revenue": 32,
        "Gross Profit": 10,
        "Operating Income": 3,
        "EBIT": 4,
        "Net Income": 2
    },
    "2020-09-30": {
        "Diluted EPS": 0.15,
        "Total Revenue": 35,
        "Gross Profit": 15,
        "Operating Income": 8,
        "EBIT": 9,
        "Net Income": 7
    },
    "2020-06-30": {
        "Diluted EPS": 0.1,
        "Total Revenue": 33,
        "Gross Profit": 11,
        "Operating Income": 4,
        "EBIT": 5,
        "Net Income": 3
    },
    "2020-03-31": {
        "Diluted EPS": 0.12,
        "Total Revenue": 33,
        "Gross Profit": 11,
        "Operating Income": 5,
        "EBIT": 6,
        "Net Income": 5
    },
    "2019-12-31": {
        "Diluted EPS": 0.14,
        "Total Revenue": 32,
        "Gross Profit": 12,
        "Operating Income": 5,
        "EBIT": 7,
        "Net Income": 5
    },
    "2019-09-30": {
        "Diluted EPS": 0.14,
        "Total Revenue": 33,
        "Gross Profit": 13,
        "Operating Income": 6,
        "EBIT": 7,
        "Net Income": 6
    },
    "2019-06-30": {
        "Diluted EPS": 0.15,
        "Total Revenue": 35,
        "Gross Profit": 14,
        "Operating Income": 6,
        "EBIT": 8,
        "Net Income": 6
    },
    "2019-03-31": {
        "Diluted EPS": 0.12,
        "Total Revenue": 27,
        "Gross Profit": 11,
        "Operating Income": 5,
        "EBIT": 6,
        "Net Income": 5
    },
    "2018-12-31": {
        "Diluted EPS": 0.44,
        "Total Revenue": 48,
        "Gross Profit": 21,
        "Operating Income": 15,
        "EBIT": 16,
        "Net Income": 18
    },
    "2018-09-30": {
        "Diluted EPS": -0.06,
        "Total Revenue": 15,
        "Gross Profit": 3,
        "Operating Income": -3,
        "EBIT": -2,
        "Net Income": -2
    },
    "2018-06-30": {
        "Diluted EPS": 0.14,
        "Total Revenue": 34,
        "Gross Profit": 11,
        "Operating Income": 5,
        "EBIT": 6,
        "Net Income": 6
    },
    "2018-03-31": {
        "Diluted EPS": 0.03,
        "Total Revenue": 17,
        "Gross Profit": 7,
        "Operating Income": 1,
        "EBIT": 2,
        "Net Income": 1
    },
    "2017-12-31": {
        "Diluted EPS": 0.17,
        "Total Revenue": 36,
        "Gross Profit": 12,
        "Operating Income": 6,
        "EBIT": 7,
        "Net Income": 6
    },
    "2017-09-30": {
        "Diluted EPS": -0.01,
        "Total Revenue": 23,
        "Gross Profit": 6,
        "Operating Income": 0,
        "EBIT": 1,
        "Net Income": 0
    },
    "2017-06-30": {
        "Diluted EPS": 0.13,
        "Total Revenue": 33,
        "Gross Profit": 12,
        "Operating Income": 5,
        "EBIT": 6,
        "Net Income": 5
    },
    "2017-03-31": {
        "Diluted EPS": -0.11,
        "Total Revenue": 12,
        "Gross Profit": 2,
        "Operating Income": -4,
        "EBIT": -3,
        "Net Income": -4
    },
    "2016-12-31": {
        "Diluted EPS": -0.05,
        "Total Revenue": 24,
        "Gross Profit": 5,
        "Operating Income": -2,
        "EBIT": -1,
        "Net Income": -2
    },
    "2016-09-30": {
        "Diluted EPS": -0.03,
        "Total Revenue": 19,
        "Gross Profit": 6,
        "Operating Income": -1,
        "EBIT": 0,
        "Net Income": -1
    },
    "2016-06-30": {
        "Diluted EPS": -0.04,
        "Total Revenue": 19,
        "Gross Profit": 6,
        "Operating Income": -1,
        "EBIT": 0,
        "Net Income": -2
    },
    "2016-03-31": {
        "Diluted EPS": -0.06,
        "Total Revenue": 15,
        "Gross Profit": 5,
        "Operating Income": -2,
        "EBIT": -1,
        "Net Income": -2
    },
    "2015-12-31": {
        "Diluted EPS": 0.03,
        "Total Revenue": 26,
        "Gross Profit": 8,
        "Operating Income": 1,
        "EBIT": 2,
        "Net Income": 1
    },
    "2015-09-30": {
        "Diluted EPS": -0.13,
        "Total Revenue": 16,
        "Gross Profit": 4,
        "Operating Income": -4,
        "EBIT": -3,
        "Net Income": -5
    },
    "2015-06-30": {
        "Diluted EPS": -0.06,
        "Total Revenue": 19,
        "Gross Profit": 4,
        "Operating Income": -2,
        "EBIT": -2,
        "Net Income": -2
    },
    "2015-03-31": {
        "Diluted EPS": -0.15,
        "Total Revenue": 9,
        "Gross Profit": 0,
        "Operating Income": -6,
        "EBIT": -5,
        "Net Income": -5
    },
    "2014-12-31": {
        "Diluted EPS": 0.05,
        "Total Revenue": 26,
        "Gross Profit": 8,
        "Operating Income": 2,
        "EBIT": 3,
        "Net Income": 2
    },
    "2014-09-30": {
        "Diluted EPS": -0.09,
        "Total Revenue": 17,
        "Gross Profit": 4,
        "Operating Income": -2,
        "EBIT": -2,
        "Net Income": -3
    },
    "2014-06-30": {
        "Diluted EPS": -0.23,
        "Total Revenue": 16,
        "Gross Profit": 0,
        "Operating Income": -8,
        "EBIT": -7,
        "Net Income": -8
    },
    "2014-03-31": {
        "Diluted EPS": -0.09,
        "Total Revenue": 13,
        "Gross Profit": 3,
        "Operating Income": -3,
        "EBIT": -2,
        "Net Income": -3
    },
    "2013-12-31": {
        "Diluted EPS": 0.04,
        "Total Revenue": 24,
        "Gross Profit": 9,
        "Operating Income": 2,
        "EBIT": 3,
        "Net Income": 2
    },
    "2013-09-30": {
        "Diluted EPS": 0.0,
        "Total Revenue": 17,
        "Gross Profit": 6,
        "Operating Income": 1,
        "EBIT": 2,
        "Net Income": 0
    },
    "2013-06-30": {
        "Diluted EPS": 0.03,
        "Total Revenue": 16,
        "Gross Profit": 7,
        "Operating Income": 2,
        "EBIT": 2,
        "Net Income": 1
    },
    "2013-03-31": {
        "Diluted EPS": -0.07,
        "Total Revenue": 13,
        "Gross Profit": 4,
        "Operating Income": -1,
        "EBIT": 0,
        "Net Income": -2
    },
    "2012-12-31": {
        "Diluted EPS": 0.11,
        "Total Revenue": 22,
        "Gross Profit": 22,
        "Operating Income": 22,
        "EBIT": 22,
        "Net Income": 3
    },
    "2012-09-30": {
        "Diluted EPS": 0.0,
        "Total Revenue": 18,
        "Gross Profit": 6,
        "Operating Income": 1,
        "EBIT": 1,
        "Net Income": 0
    },
    "2012-06-30": {
        "Diluted EPS": -0.08,
        "Total Revenue": 14,
        "Gross Profit": 14,
        "Operating Income": 14,
        "EBIT": 14,
        "Net Income": -2
    },
    "2012-03-31": {
        "Diluted EPS": -0.02,
        "Total Revenue": 20,
        "Gross Profit": 20,
        "Operating Income": 20,
        "EBIT": 20,
        "Net Income": 0
    },
    "2011-12-31": {
        "Diluted EPS": -0.1,
        "Total Revenue": 46,
        "Gross Profit": 46,
        "Operating Income": 46,
        "EBIT": 46,
        "Net Income": -3
    },
    "2023-06-30": {
        "Tax Effect Of Unusual Items": NaN,
        "Tax Rate For Calcs": NaN,
        "Normalized EBITDA": NaN,
        "Total Unusual Items": NaN,
        "Total Unusual Items Excluding Goodwill": NaN,
        "Net Income From Continuing Operation Net Minority Interest": NaN,
        "Reconciled Depreciation": NaN,
        "Reconciled Cost Of Revenue": NaN,
        "EBITDA": NaN,
        "EBIT": NaN,
        "Net Interest Income": NaN,
        "Interest Expense": NaN,
        "Interest Income": NaN,
        "Normalized Income": NaN,
        "Net Income From Continuing And Discontinued Operation": NaN,
        "Total Expenses": NaN,
        "Total Operating Income As Reported": NaN,
        "Diluted Average Shares": NaN,
        "Basic Average Shares": NaN,
        "Diluted EPS": NaN,
        "Basic EPS": NaN,
        "Diluted NI Availto Com Stockholders": NaN,
        "Net Income Common Stockholders": NaN,
        "Net Income": NaN,
        "Net Income Including Noncontrolling Interests": NaN,
        "Net Income Continuous Operations": NaN,
        "Tax Provision": NaN,
        "Pretax Income": NaN,
        "Other Income Expense": NaN,
        "Special Income Charges": -309000.0,
        "Restructuring And Mergern Acquisition": 309000.0,
        "Gain On Sale Of Security": NaN,
        "Net Non Operating Interest Income Expense": NaN,
        "Total Other Finance Cost": 309000.0,
        "Interest Expense Non Operating": NaN,
        "Interest Income Non Operating": NaN,
        "Operating Income": NaN,
        "Operating Expense": NaN,
        "Other Operating Expenses": 98000.0,
        "Research And Development": NaN,
        "Selling General And Administration": NaN,
        "Selling And Marketing Expense": NaN,
        "General And Administrative Expense": NaN,
        "Other Gand A": NaN,
        "Gross Profit": NaN,
        "Cost Of Revenue": NaN,
        "Total Revenue": NaN,
        "Operating Revenue": NaN
    },
    "2023-09-30": {
        "Tax Effect Of Unusual Items": NaN,
        "Tax Rate For Calcs": NaN,
        "Normalized EBITDA": NaN,
        "Total Unusual Items": NaN,
        "Total Unusual Items Excluding Goodwill": NaN,
        "Net Income From Continuing Operation Net Minority Interest": NaN,
        "Reconciled Depreciation": NaN,
        "Reconciled Cost Of Revenue": NaN,
        "EBITDA": NaN,
        "EBIT": NaN,
        "Net Interest Income": NaN,
        "Interest Expense": NaN,
        "Interest Income": NaN,
        "Normalized Income": NaN,
        "Net Income From Continuing And Discontinued Operation": NaN,
        "Total Expenses": NaN,
        "Total Operating Income As Reported": NaN,
        "Diluted Average Shares": NaN,
        "Basic Average Shares": NaN,
        "Diluted EPS": NaN,
        "Basic EPS": NaN,
        "Diluted NI Availto Com Stockholders": NaN,
        "Net Income Common Stockholders": NaN,
        "Net Income": NaN,
        "Net Income Including Noncontrolling Interests": NaN,
        "Net Income Continuous Operations": NaN,
        "Tax Provision": NaN,
        "Pretax Income": NaN,
        "Other Income Expense": NaN,
        "Special Income Charges": -1288000.0,
        "Restructuring And Mergern Acquisition": 1288000.0,
        "Gain On Sale Of Security": NaN,
        "Net Non Operating Interest Income Expense": NaN,
        "Total Other Finance Cost": 1288000.0,
        "Interest Expense Non Operating": NaN,
        "Interest Income Non Operating": NaN,
        "Operating Income": NaN,
        "Operating Expense": NaN,
        "Other Operating Expenses": -157000.0,
        "Research And Development": NaN,
        "Selling General And Administration": NaN,
        "Selling And Marketing Expense": NaN,
        "General And Administrative Expense": NaN,
        "Other Gand A": NaN,
        "Gross Profit": NaN,
        "Cost Of Revenue": NaN,
        "Total Revenue": NaN,
        "Operating Revenue": NaN
    },
    "2023-12-31": {
        "Tax Effect Of Unusual Items": NaN,
        "Tax Rate For Calcs": NaN,
        "Normalized EBITDA": NaN,
        "Total Unusual Items": NaN,
        "Total Unusual Items Excluding Goodwill": NaN,
        "Net Income From Continuing Operation Net Minority Interest": NaN,
        "Reconciled Depreciation": NaN,
        "Reconciled Cost Of Revenue": NaN,
        "EBITDA": NaN,
        "EBIT": NaN,
        "Net Interest Income": NaN,
        "Interest Expense": NaN,
        "Interest Income": NaN,
        "Normalized Income": NaN,
        "Net Income From Continuing And Discontinued Operation": NaN,
        "Total Expenses": NaN,
        "Total Operating Income As Reported": NaN,
        "Diluted Average Shares": NaN,
        "Basic Average Shares": NaN,
        "Diluted EPS": NaN,
        "Basic EPS": NaN,
        "Diluted NI Availto Com Stockholders": NaN,
        "Net Income Common Stockholders": NaN,
        "Net Income": NaN,
        "Net Income Including Noncontrolling Interests": NaN,
        "Net Income Continuous Operations": NaN,
        "Tax Provision": NaN,
        "Pretax Income": NaN,
        "Other Income Expense": NaN,
        "Special Income Charges": NaN,
        "Restructuring And Mergern Acquisition": NaN,
        "Gain On Sale Of Security": NaN,
        "Net Non Operating Interest Income Expense": NaN,
        "Total Other Finance Cost": NaN,
        "Interest Expense Non Operating": NaN,
        "Interest Income Non Operating": NaN,
        "Operating Income": NaN,
        "Operating Expense": NaN,
        "Other Operating Expenses": -1000.0,
        "Research And Development": NaN,
        "Selling General And Administration": NaN,
        "Selling And Marketing Expense": NaN,
        "General And Administrative Expense": NaN,
        "Other Gand A": NaN,
        "Gross Profit": NaN,
        "Cost Of Revenue": NaN,
        "Total Revenue": NaN,
        "Operating Revenue": NaN
    },
    "2024-03-31": {
        "Tax Effect Of Unusual Items": NaN,
        "Tax Rate For Calcs": NaN,
        "Normalized EBITDA": NaN,
        "Total Unusual Items": NaN,
        "Total Unusual Items Excluding Goodwill": NaN,
        "Net Income From Continuing Operation Net Minority Interest": NaN,
        "Reconciled Depreciation": NaN,
        "Reconciled Cost Of Revenue": NaN,
        "EBITDA": NaN,
        "EBIT": NaN,
        "Net Interest Income": NaN,
        "Interest Expense": NaN,
        "Interest Income": NaN,
        "Normalized Income": NaN,
        "Net Income From Continuing And Discontinued Operation": NaN,
        "Total Expenses": NaN,
        "Total Operating Income As Reported": NaN,
        "Diluted Average Shares": NaN,
        "Basic Average Shares": NaN,
        "Diluted EPS": NaN,
        "Basic EPS": NaN,
        "Diluted NI Availto Com Stockholders": NaN,
        "Net Income Common Stockholders": NaN,
        "Net Income": NaN,
        "Net Income Including Noncontrolling Interests": NaN,
        "Net Income Continuous Operations": NaN,
        "Tax Provision": NaN,
        "Pretax Income": NaN,
        "Other Income Expense": NaN,
        "Special Income Charges": NaN,
        "Restructuring And Mergern Acquisition": NaN,
        "Gain On Sale Of Security": NaN,
        "Net Non Operating Interest Income Expense": NaN,
        "Total Other Finance Cost": 1845000.0,
        "Interest Expense Non Operating": NaN,
        "Interest Income Non Operating": NaN,
        "Operating Income": NaN,
        "Operating Expense": NaN,
        "Other Operating Expenses": NaN,
        "Research And Development": NaN,
        "Selling General And Administration": NaN,
        "Selling And Marketing Expense": NaN,
        "General And Administrative Expense": NaN,
        "Other Gand A": NaN,
        "Gross Profit": NaN,
        "Cost Of Revenue": NaN,
        "Total Revenue": NaN,
        "Operating Revenue": NaN
    },
    "2024-06-30": {
        "Tax Effect Of Unusual Items": NaN,
        "Tax Rate For Calcs": NaN,
        "Normalized EBITDA": NaN,
        "Total Unusual Items": NaN,
        "Total Unusual Items Excluding Goodwill": NaN,
        "Net Income From Continuing Operation Net Minority Interest": NaN,
        "Reconciled Depreciation": NaN,
        "Reconciled Cost Of Revenue": NaN,
        "EBITDA": NaN,
        "EBIT": NaN,
        "Net Interest Income": NaN,
        "Interest Expense": NaN,
        "Interest Income": NaN,
        "Normalized Income": NaN,
        "Net Income From Continuing And Discontinued Operation": NaN,
        "Total Expenses": NaN,
        "Total Operating Income As Reported": NaN,
        "Diluted Average Shares": NaN,
        "Basic Average Shares": NaN,
        "Diluted EPS": NaN,
        "Basic EPS": NaN,
        "Diluted NI Availto Com Stockholders": NaN,
        "Net Income Common Stockholders": NaN,
        "Net Income": NaN,
        "Net Income Including Noncontrolling Interests": NaN,
        "Net Income Continuous Operations": NaN,
        "Tax Provision": NaN,
        "Pretax Income": NaN,
        "Other Income Expense": NaN,
        "Special Income Charges": -1705000.0,
        "Restructuring And Mergern Acquisition": 1705000.0,
        "Gain On Sale Of Security": NaN,
        "Net Non Operating Interest Income Expense": NaN,
        "Interest Expense Non Operating": NaN,
        "Interest Income Non Operating": NaN,
        "Operating Income": NaN,
        "Operating Expense": NaN,
        "Other Operating Expenses": NaN,
        "Research And Development": NaN,
        "Selling General And Administration": NaN,
        "Selling And Marketing Expense": NaN,
        "General And Administrative Expense": NaN,
        "Other Gand A": NaN,
        "Gross Profit": NaN,
        "Cost Of Revenue": NaN,
        "Total Revenue": NaN,
        "Operating Revenue": NaN
    },
    "2024-09-30": {
        "Tax Effect Of Unusual Items": -38860.907018,
        "Tax Rate For Calcs": 0.021282,
        "Normalized EBITDA": 9182000.0,
        "Total Unusual Items": -1826000.0,
        "Total Unusual Items Excluding Goodwill": -1826000.0,
        "Net Income From Continuing Operation Net Minority Interest": 3863000.0,
        "Reconciled Depreciation": 3242000.0,
        "Reconciled Cost Of Revenue": 24506000.0,
        "EBITDA": 7356000.0,
        "EBIT": 4114000.0,
        "Net Interest Income": 479000.0,
        "Interest Expense": 167000.0,
        "Interest Income": 646000.0,
        "Normalized Income": 5650139.092982,
        "Net Income From Continuing And Discontinued Operation": 3863000.0,
        "Total Expenses": 36446000.0,
        "Total Operating Income As Reported": 5294000.0,
        "Diluted Average Shares": 55185714.0,
        "Basic Average Shares": 55185714.0,
        "Diluted EPS": 0.07,
        "Basic EPS": 0.07,
        "Diluted NI Availto Com Stockholders": 3863000.0,
        "Net Income Common Stockholders": 3863000.0,
        "Net Income": 3863000.0,
        "Net Income Including Noncontrolling Interests": 3863000.0,
        "Net Income Continuous Operations": 3863000.0,
        "Tax Provision": 84000.0,
        "Pretax Income": 3947000.0,
        "Other Income Expense": -1826000.0,
        "Special Income Charges": -1766000.0,
        "Restructuring And Mergern Acquisition": 1766000.0,
        "Gain On Sale Of Security": -60000.0,
        "Net Non Operating Interest Income Expense": 479000.0,
        "Interest Expense Non Operating": 167000.0,
        "Interest Income Non Operating": 646000.0,
        "Operating Income": 5294000.0,
        "Operating Expense": 11940000.0,
        "Other Operating Expenses": 11000.0,
        "Research And Development": 3414000.0,
        "Selling General And Administration": 8515000.0,
        "Selling And Marketing Expense": 4501000.0,
        "General And Administrative Expense": 4014000.0,
        "Other Gand A": 4014000.0,
        "Gross Profit": 17234000.0,
        "Cost Of Revenue": 24506000.0,
        "Total Revenue": 41740000.0,
        "Operating Revenue": 41740000.0
    },
    "2024-12-31": {
        "Tax Effect Of Unusual Items": 1142410.0,
        "Tax Rate For Calcs": 0.23,
        "Normalized EBITDA": 1781000.0,
        "Total Unusual Items": 4967000.0,
        "Total Unusual Items Excluding Goodwill": 4967000.0,
        "Net Income From Continuing Operation Net Minority Interest": 3808000.0,
        "Reconciled Depreciation": 4100000.0,
        "Reconciled Cost Of Revenue": 21974000.0,
        "EBITDA": 6748000.0,
        "EBIT": 2648000.0,
        "Net Interest Income": 495000.0,
        "Interest Expense": 189000.0,
        "Interest Income": 684000.0,
        "Normalized Income": -16590.0,
        "Net Income From Continuing And Discontinued Operation": 3808000.0,
        "Total Expenses": 33927000.0,
        "Total Operating Income As Reported": 5078000.0,
        "Diluted Average Shares": 54400000.0,
        "Basic Average Shares": 54400000.0,
        "Diluted EPS": 0.07,
        "Basic EPS": 0.07,
        "Diluted NI Availto Com Stockholders": 3808000.0,
        "Net Income Common Stockholders": 3808000.0,
        "Net Income": 3808000.0,
        "Net Income Including Noncontrolling Interests": 3808000.0,
        "Net Income Continuous Operations": 3808000.0,
        "Tax Provision": -1349000.0,
        "Pretax Income": 2459000.0,
        "Other Income Expense": -3114000.0,
        "Special Income Charges": NaN,
        "Restructuring And Mergern Acquisition": NaN,
        "Gain On Sale Of Security": -349000.0,
        "Net Non Operating Interest Income Expense": 495000.0,
        "Interest Expense Non Operating": 189000.0,
        "Interest Income Non Operating": 684000.0,
        "Operating Income": 5078000.0,
        "Operating Expense": 11953000.0,
        "Other Operating Expenses": 590000.0,
        "Research And Development": 2673000.0,
        "Selling General And Administration": 5394000.0,
        "Selling And Marketing Expense": -3435000.0,
        "General And Administrative Expense": 8829000.0,
        "Other Gand A": -4506000.0,
        "Gross Profit": 17031000.0,
        "Cost Of Revenue": 21974000.0,
        "Total Revenue": 39005000.0,
        "Operating Revenue": 39005000.0
    },
    "2025-03-31": {
        "Tax Effect Of Unusual Items": -350520.0,
        "Tax Rate For Calcs": 0.23,
        "Normalized EBITDA": 11940000.0,
        "Total Unusual Items": -1524000.0,
        "Total Unusual Items Excluding Goodwill": -1524000.0,
        "Net Income From Continuing Operation Net Minority Interest": 3964000.0,
        "Reconciled Depreciation": 3611000.0,
        "Reconciled Cost Of Revenue": 23269000.0,
        "EBITDA": 10416000.0,
        "EBIT": 6805000.0,
        "Net Interest Income": 342000.0,
        "Interest Expense": 192000.0,
        "Interest Income": 534000.0,
        "Normalized Income": 5137480.0,
        "Net Income From Continuing And Discontinued Operation": 3964000.0,
        "Total Expenses": 36223000.0,
        "Total Operating Income As Reported": 7795000.0,
        "Diluted Average Shares": 56628571.0,
        "Basic Average Shares": 56628571.0,
        "Diluted EPS": 0.07,
        "Basic EPS": 0.07,
        "Diluted NI Availto Com Stockholders": 3964000.0,
        "Net Income Common Stockholders": 3964000.0,
        "Net Income": 3964000.0,
        "Net Income Including Noncontrolling Interests": 3964000.0,
        "Net Income Continuous Operations": 3964000.0,
        "Tax Provision": 2649000.0,
        "Pretax Income": 6613000.0,
        "Other Income Expense": -1524000.0,
        "Special Income Charges": -1775000.0,
        "Restructuring And Mergern Acquisition": 1775000.0,
        "Gain On Sale Of Security": 251000.0,
        "Net Non Operating Interest Income Expense": 342000.0,
        "Interest Expense Non Operating": 192000.0,
        "Interest Income Non Operating": 534000.0,
        "Operating Income": 7795000.0,
        "Operating Expense": 12954000.0,
        "Other Operating Expenses": NaN,
        "Research And Development": 4246000.0,
        "Selling General And Administration": 8708000.0,
        "Selling And Marketing Expense": 4510000.0,
        "General And Administrative Expense": 4198000.0,
        "Other Gand A": 4198000.0,
        "Gross Profit": 20749000.0,
        "Cost Of Revenue": 23269000.0,
        "Total Revenue": 44018000.0,
        "Operating Revenue": 44018000.0
    },
    "2025-06-30": {
        "Tax Effect Of Unusual Items": -363170.0,
        "Tax Rate For Calcs": 0.23,
        "Normalized EBITDA": 11270000.0,
        "Total Unusual Items": -1579000.0,
        "Total Unusual Items Excluding Goodwill": -1579000.0,
        "Net Income From Continuing Operation Net Minority Interest": 7376000.0,
        "Reconciled Depreciation": 3746000.0,
        "Reconciled Cost Of Revenue": 25825000.0,
        "EBITDA": 9691000.0,
        "EBIT": 5945000.0,
        "Net Interest Income": 261000.0,
        "Interest Expense": 192000.0,
        "Interest Income": 453000.0,
        "Normalized Income": 8591830.0,
        "Net Income From Continuing And Discontinued Operation": 7376000.0,
        "Total Expenses": 37683000.0,
        "Total Operating Income As Reported": 7071000.0,
        "Diluted Average Shares": 56738462.0,
        "Basic Average Shares": 56738462.0,
        "Diluted EPS": 0.13,
        "Basic EPS": 0.13,
        "Diluted NI Availto Com Stockholders": 7376000.0,
        "Net Income Common Stockholders": 7376000.0,
        "Net Income": 7376000.0,
        "Net Income Including Noncontrolling Interests": 7376000.0,
        "Net Income Continuous Operations": 7376000.0,
        "Tax Provision": -1623000.0,
        "Pretax Income": 5753000.0,
        "Other Income Expense": -1579000.0,
        "Special Income Charges": -605000.0,
        "Restructuring And Mergern Acquisition": 605000.0,
        "Gain On Sale Of Security": -974000.0,
        "Net Non Operating Interest Income Expense": 261000.0,
        "Interest Expense Non Operating": 192000.0,
        "Interest Income Non Operating": 453000.0,
        "Operating Income": 7071000.0,
        "Operating Expense": 11858000.0,
        "Other Operating Expenses": 14000.0,
        "Research And Development": 3219000.0,
        "Selling General And Administration": 8625000.0,
        "Selling And Marketing Expense": 4558000.0,
        "General And Administrative Expense": 4067000.0,
        "Other Gand A": 4067000.0,
        "Gross Profit": 18929000.0,
        "Cost Of Revenue": 25825000.0,
        "Total Revenue": 44754000.0,
        "Operating Revenue": 44754000.0
    },
    "2025-09-30": {
        "Tax Effect Of Unusual Items": -289323.07209,
        "Tax Rate For Calcs": 0.168211,
        "Normalized EBITDA": 12068000.0,
        "Total Unusual Items": -1720000.0,
        "Total Unusual Items Excluding Goodwill": -1720000.0,
        "Net Income From Continuing Operation Net Minority Interest": 5296000.0,
        "Reconciled Depreciation": 3760000.0,
        "Reconciled Cost Of Revenue": 27248000.0,
        "EBITDA": 10348000.0,
        "EBIT": 6588000.0,
        "Net Interest Income": 271000.0,
        "Interest Expense": 221000.0,
        "Interest Income": 492000.0,
        "Normalized Income": 6726676.92791,
        "Net Income From Continuing And Discontinued Operation": 5296000.0,
        "Total Expenses": 39194000.0,
        "Total Operating Income As Reported": 7816000.0,
        "Diluted Average Shares": 58844444.0,
        "Basic Average Shares": 58844444.0,
        "Diluted EPS": 0.09,
        "Basic EPS": 0.09,
        "Diluted NI Availto Com Stockholders": 5296000.0,
        "Net Income Common Stockholders": 5296000.0,
        "Net Income": 5296000.0,
        "Net Income Including Noncontrolling Interests": 5296000.0,
        "Net Income Continuous Operations": 5296000.0,
        "Tax Provision": 1071000.0,
        "Pretax Income": 6367000.0,
        "Other Income Expense": -1720000.0,
        "Special Income Charges": -1677000.0,
        "Restructuring And Mergern Acquisition": 1677000.0,
        "Gain On Sale Of Security": -43000.0,
        "Net Non Operating Interest Income Expense": 271000.0,
        "Interest Expense Non Operating": 221000.0,
        "Interest Income Non Operating": 492000.0,
        "Operating Income": 7816000.0,
        "Operating Expense": 11946000.0,
        "Other Operating Expenses": -14000.0,
        "Research And Development": 2636000.0,
        "Selling General And Administration": 9324000.0,
        "Selling And Marketing Expense": 4505000.0,
        "General And Administrative Expense": 4819000.0,
        "Other Gand A": 4819000.0,
        "Gross Profit": 19762000.0,
        "Cost Of Revenue": 27248000.0,
        "Total Revenue": 47010000.0,
        "Operating Revenue": 47010000.0
    }
}