{
    "2023-03-31": {
        "Tax Effect Of Unusual Items": NaN,
        "Tax Rate For Calcs": NaN,
        "Total Unusual Items": NaN,
        "Total Unusual Items Excluding Goodwill": NaN,
        "Net Income From Continuing Operation Net Minority Interest": NaN,
        "Reconciled Depreciation": NaN,
        "EBIT": NaN,
        "Net Interest Income": NaN,
        "Interest Expense": NaN,
        "Interest Income": NaN,
        "Normalized Income": NaN,
        "Net Income From Continuing And Discontinued Operation": NaN,
        "Total Expenses": NaN,
        "Diluted Average Shares": NaN,
        "Basic Average Shares": NaN,
        "Diluted EPS": NaN,
        "Basic EPS": NaN,
        "Diluted NI Availto Com Stockholders": NaN,
        "Average Dilution Earnings": 0.0,
        "Net Income Common Stockholders": NaN,
        "Net Income": NaN,
        "Minority Interests": NaN,
        "Net Income Including Noncontrolling Interests": NaN,
        "Net Income Continuous Operations": NaN,
        "Tax Provision": NaN,
        "Pretax Income": NaN,
        "Other Income Expense": NaN,
        "Special Income Charges": NaN,
        "Write Off": NaN,
        "Impairment Of Capital Assets": NaN,
        "Restructuring And Mergern Acquisition": NaN,
        "Net Non Operating Interest Income Expense": NaN,
        "Interest Expense Non Operating": NaN,
        "Other Operating Expenses": NaN,
        "Depreciation And Amortization In Income Statement": NaN,
        "Amortization": NaN,
        "Selling General And Administration": NaN,
        "General And Administrative Expense": NaN,
        "Other Gand A": NaN,
        "Salaries And Wages": NaN,
        "Total Revenue": NaN,
        "Operating Revenue": NaN,
        "Loss Adjustment Expense": NaN,
        "Net Policyholder Benefits And Claims": NaN
    },
    "2022-12-31": {
        "Tax Effect Of Unusual Items": NaN,
        "Tax Rate For Calcs": NaN,
        "Total Unusual Items": NaN,
        "Total Unusual Items Excluding Goodwill": NaN,
        "Net Income From Continuing Operation Net Minority Interest": NaN,
        "Reconciled Depreciation": NaN,
        "EBIT": NaN,
        "Net Interest Income": NaN,
        "Interest Expense": NaN,
        "Interest Income": NaN,
        "Normalized Income": NaN,
        "Net Income From Continuing And Discontinued Operation": NaN,
        "Total Expenses": NaN,
        "Diluted Average Shares": NaN,
        "Basic Average Shares": NaN,
        "Diluted EPS": NaN,
        "Basic EPS": NaN,
        "Diluted NI Availto Com Stockholders": NaN,
        "Average Dilution Earnings": NaN,
        "Net Income Common Stockholders": NaN,
        "Net Income": NaN,
        "Minority Interests": NaN,
        "Net Income Including Noncontrolling Interests": NaN,
        "Net Income Continuous Operations": NaN,
        "Tax Provision": NaN,
        "Pretax Income": NaN,
        "Other Income Expense": NaN,
        "Special Income Charges": NaN,
        "Other Special Charges": 0.0,
        "Write Off": NaN,
        "Impairment Of Capital Assets": NaN,
        "Restructuring And Mergern Acquisition": NaN,
        "Net Non Operating Interest Income Expense": NaN,
        "Interest Expense Non Operating": NaN,
        "Other Operating Expenses": NaN,
        "Depreciation And Amortization In Income Statement": NaN,
        "Amortization": NaN,
        "Selling General And Administration": NaN,
        "General And Administrative Expense": NaN,
        "Other Gand A": NaN,
        "Salaries And Wages": NaN,
        "Total Revenue": NaN,
        "Operating Revenue": NaN,
        "Loss Adjustment Expense": NaN,
        "Net Policyholder Benefits And Claims": NaN
    },
    "2022-09-30": {
        "Tax Effect Of Unusual Items": NaN,
        "Tax Rate For Calcs": NaN,
        "Total Unusual Items": NaN,
        "Total Unusual Items Excluding Goodwill": NaN,
        "Net Income From Continuing Operation Net Minority Interest": NaN,
        "Reconciled Depreciation": NaN,
        "EBIT": NaN,
        "Net Interest Income": NaN,
        "Interest Expense": NaN,
        "Interest Income": NaN,
        "Normalized Income": NaN,
        "Net Income From Continuing And Discontinued Operation": NaN,
        "Total Expenses": NaN,
        "Diluted Average Shares": NaN,
        "Basic Average Shares": NaN,
        "Diluted EPS": NaN,
        "Basic EPS": NaN,
        "Diluted NI Availto Com Stockholders": NaN,
        "Average Dilution Earnings": 0.0,
        "Net Income Common Stockholders": NaN,
        "Net Income": NaN,
        "Minority Interests": 0.0,
        "Net Income Including Noncontrolling Interests": NaN,
        "Net Income Continuous Operations": NaN,
        "Tax Provision": NaN,
        "Pretax Income": NaN,
        "Other Income Expense": NaN,
        "Special Income Charges": NaN,
        "Other Special Charges": NaN,
        "Impairment Of Capital Assets": 0.0,
        "Restructuring And Mergern Acquisition": NaN,
        "Net Non Operating Interest Income Expense": NaN,
        "Interest Expense Non Operating": NaN,
        "Other Operating Expenses": NaN,
        "Depreciation And Amortization In Income Statement": NaN,
        "Amortization": NaN,
        "Selling General And Administration": NaN,
        "General And Administrative Expense": NaN,
        "Other Gand A": NaN,
        "Salaries And Wages": 0.0,
        "Total Revenue": NaN,
        "Operating Revenue": NaN
    },
    "2022-06-30": {
        "Tax Effect Of Unusual Items": -2330603.889458,
        "Tax Rate For Calcs": 0.235415,
        "Total Unusual Items": -9900000.0,
        "Total Unusual Items Excluding Goodwill": -9900000.0,
        "Net Income From Continuing Operation Net Minority Interest": -74700000.0,
        "Reconciled Depreciation": 18100000.0,
        "EBIT": -83700000.0,
        "Net Interest Income": -14000000.0,
        "Interest Expense": 14000000.0,
        "Interest Income": 74500000.0,
        "Normalized Income": -67130603.889458,
        "Net Income From Continuing And Discontinued Operation": -74700000.0,
        "Total Expenses": 1516200000.0,
        "Diluted Average Shares": 63815600.0,
        "Basic Average Shares": 63815600.0,
        "Diluted EPS": -1.13,
        "Basic EPS": -1.13,
        "Diluted NI Availto Com Stockholders": -74700000.0,
        "Average Dilution Earnings": 0.0,
        "Net Income Common Stockholders": -74700000.0,
        "Net Income": -74700000.0,
        "Net Income Including Noncontrolling Interests": -74700000.0,
        "Net Income Continuous Operations": -74700000.0,
        "Tax Provision": -23000000.0,
        "Pretax Income": -97700000.0,
        "Other Income Expense": 900000.0,
        "Special Income Charges": -9900000.0,
        "Other Special Charges": NaN,
        "Impairment Of Capital Assets": NaN,
        "Restructuring And Mergern Acquisition": 9900000.0,
        "Net Non Operating Interest Income Expense": -14000000.0,
        "Interest Expense Non Operating": 14000000.0,
        "Other Operating Expenses": 54800000.0,
        "Depreciation And Amortization In Income Statement": 700000.0,
        "Amortization": 700000.0,
        "Selling General And Administration": 91400000.0,
        "General And Administrative Expense": 91400000.0,
        "Other Gand A": 91400000.0,
        "Total Revenue": 1418500000.0,
        "Operating Revenue": 1418500000.0
    },
    "2022-03-31": {
        "Diluted EPS": -1.36,
        "Total Revenue": NaN,
        "Gross Profit": -58,
        "Operating Income": -58,
        "EBIT": -38,
        "Net Income": -86
    },
    "2021-12-31": {
        "Diluted EPS": -1.57,
        "Total Revenue": NaN,
        "Gross Profit": -107,
        "Operating Income": -107,
        "EBIT": -87,
        "Net Income": -106
    },
    "2021-09-30": {
        "Diluted EPS": -1.18,
        "Total Revenue": NaN,
        "Gross Profit": -67,
        "Operating Income": -67,
        "EBIT": 23,
        "Net Income": -75
    },
    "2021-06-30": {
        "Diluted EPS": -0.97,
        "Total Revenue": NaN,
        "Gross Profit": -30,
        "Operating Income": -30,
        "EBIT": -55,
        "Net Income": -63
    },
    "2021-03-31": {
        "Diluted EPS": 1.85,
        "Total Revenue": NaN,
        "Gross Profit": 179,
        "Operating Income": 179,
        "EBIT": 193,
        "Net Income": 123
    },
    "2020-12-31": {
        "Diluted EPS": 1.45,
        "Total Revenue": NaN,
        "Gross Profit": 249,
        "Operating Income": 249,
        "EBIT": 264,
        "Net Income": 98
    },
    "2020-09-30": {
        "Diluted EPS": 1.83,
        "Total Revenue": NaN,
        "Gross Profit": 199,
        "Operating Income": 199,
        "EBIT": 214,
        "Net Income": 122
    },
    "2020-06-30": {
        "Diluted EPS": 1.91,
        "Total Revenue": NaN,
        "Gross Profit": 211,
        "Operating Income": 211,
        "EBIT": 224,
        "Net Income": 126
    },
    "2020-03-31": {
        "Diluted EPS": 0.95,
        "Total Revenue": NaN,
        "Gross Profit": 122,
        "Operating Income": 122,
        "EBIT": 135,
        "Net Income": 64
    },
    "2019-12-31": {
        "Diluted EPS": 1.86,
        "Total Revenue": NaN,
        "Gross Profit": 203,
        "Operating Income": 203,
        "EBIT": 153,
        "Net Income": 125
    },
    "2019-09-30": {
        "Diluted EPS": 1.91,
        "Total Revenue": NaN,
        "Gross Profit": 205,
        "Operating Income": 205,
        "EBIT": 265,
        "Net Income": 129
    },
    "2019-06-30": {
        "Diluted EPS": 1.84,
        "Total Revenue": NaN,
        "Gross Profit": 187,
        "Operating Income": 187,
        "EBIT": 189,
        "Net Income": 122
    },
    "2019-03-31": {
        "Diluted EPS": 2.35,
        "Total Revenue": NaN,
        "Gross Profit": 236,
        "Operating Income": 236,
        "EBIT": 220,
        "Net Income": 155
    },
    "2018-12-31": {
        "Diluted EPS": 0.07,
        "Total Revenue": NaN,
        "Gross Profit": 49,
        "Operating Income": 49,
        "EBIT": 73,
        "Net Income": 7
    },
    "2018-09-30": {
        "Diluted EPS": 1.4,
        "Total Revenue": NaN,
        "Gross Profit": 142,
        "Operating Income": 142,
        "EBIT": 196,
        "Net Income": 92
    },
    "2018-06-30": {
        "Diluted EPS": 0.73,
        "Total Revenue": 742,
        "Gross Profit": 71,
        "Operating Income": 71,
        "EBIT": 66,
        "Net Income": 38
    },
    "2018-03-31": {
        "Diluted EPS": 1.02,
        "Total Revenue": 693,
        "Gross Profit": 96,
        "Operating Income": 96,
        "EBIT": 91,
        "Net Income": 54
    },
    "2017-12-31": {
        "Diluted EPS": 0.71,
        "Total Revenue": 697,
        "Gross Profit": 66,
        "Operating Income": 66,
        "EBIT": 70,
        "Net Income": 37
    },
    "2017-09-30": {
        "Diluted EPS": 0.92,
        "Total Revenue": 690,
        "Gross Profit": 87,
        "Operating Income": 87,
        "EBIT": 82,
        "Net Income": 48
    },
    "2017-06-30": {
        "Diluted EPS": 0.71,
        "Total Revenue": 684,
        "Gross Profit": 74,
        "Operating Income": 74,
        "EBIT": 73,
        "Net Income": 37
    },
    "2017-03-31": {
        "Diluted EPS": -0.01,
        "Total Revenue": 651,
        "Gross Profit": 16,
        "Operating Income": 16,
        "EBIT": 17,
        "Net Income": 0
    },
    "2016-12-31": {
        "Diluted EPS": 0.61,
        "Total Revenue": 643,
        "Gross Profit": 66,
        "Operating Income": 66,
        "EBIT": 71,
        "Net Income": 31
    },
    "2016-09-30": {
        "Diluted EPS": -0.32,
        "Total Revenue": 641,
        "Gross Profit": -11,
        "Operating Income": -11,
        "EBIT": -10,
        "Net Income": -16
    },
    "2016-06-30": {
        "Diluted EPS": 0.08,
        "Total Revenue": 627,
        "Gross Profit": 23,
        "Operating Income": 23,
        "EBIT": 30,
        "Net Income": 4
    },
    "2016-03-31": {
        "Diluted EPS": -0.04,
        "Total Revenue": 611,
        "Gross Profit": 16,
        "Operating Income": 16,
        "EBIT": 23,
        "Net Income": -2
    },
    "2015-12-31": {
        "Diluted EPS": 0.09,
        "Total Revenue": 617,
        "Gross Profit": 24,
        "Operating Income": 24,
        "EBIT": 44,
        "Net Income": 5
    },
    "2015-09-30": {
        "Diluted EPS": 0.73,
        "Total Revenue": 615,
        "Gross Profit": 76,
        "Operating Income": 76,
        "EBIT": 84,
        "Net Income": 38
    },
    "2015-06-30": {
        "Diluted EPS": 0.57,
        "Total Revenue": 609,
        "Gross Profit": 72,
        "Operating Income": 72,
        "EBIT": 71,
        "Net Income": 30
    },
    "2015-03-31": {
        "Diluted EPS": 0.26,
        "Total Revenue": 499,
        "Gross Profit": 57,
        "Operating Income": 57,
        "EBIT": 62,
        "Net Income": 14
    },
    "2014-12-31": {
        "Diluted EPS": 1.23,
        "Total Revenue": 560,
        "Gross Profit": 118,
        "Operating Income": 118,
        "EBIT": 130,
        "Net Income": 65
    },
    "2014-09-30": {
        "Diluted EPS": 0.09,
        "Total Revenue": 540,
        "Gross Profit": 81,
        "Operating Income": 81,
        "EBIT": 89,
        "Net Income": 5
    },
    "2014-06-30": {
        "Diluted EPS": 0.17,
        "Total Revenue": 543,
        "Gross Profit": 34,
        "Operating Income": 34,
        "EBIT": 42,
        "Net Income": 9
    },
    "2014-03-31": {
        "Diluted EPS": 0.63,
        "Total Revenue": 555,
        "Gross Profit": 75,
        "Operating Income": 75,
        "EBIT": 85,
        "Net Income": 35
    },
    "2013-12-31": {
        "Diluted EPS": 0.98,
        "Total Revenue": 586,
        "Gross Profit": 108,
        "Operating Income": 108,
        "EBIT": 124,
        "Net Income": 55
    },
    "2013-09-30": {
        "Diluted EPS": 1.23,
        "Total Revenue": 636,
        "Gross Profit": 127,
        "Operating Income": 127,
        "EBIT": 137,
        "Net Income": 70
    },
    "2013-06-30": {
        "Diluted EPS": 0.59,
        "Total Revenue": 589,
        "Gross Profit": 72,
        "Operating Income": 72,
        "EBIT": 78,
        "Net Income": 34
    },
    "2013-03-31": {
        "Diluted EPS": 1.0,
        "Total Revenue": 616,
        "Gross Profit": 108,
        "Operating Income": 108,
        "EBIT": 118,
        "Net Income": 58
    },
    "2012-12-31": {
        "Diluted EPS": 0.03,
        "Total Revenue": 597,
        "Gross Profit": 14,
        "Operating Income": 14,
        "EBIT": 28,
        "Net Income": 2
    },
    "2012-09-30": {
        "Diluted EPS": 0.95,
        "Total Revenue": 646,
        "Gross Profit": 104,
        "Operating Income": 104,
        "EBIT": 112,
        "Net Income": 56
    },
    "2012-06-30": {
        "Diluted EPS": 0.04,
        "Total Revenue": 609,
        "Gross Profit": 17,
        "Operating Income": 17,
        "EBIT": 20,
        "Net Income": 2
    },
    "2012-03-31": {
        "Diluted EPS": 0.72,
        "Total Revenue": 611,
        "Gross Profit": 72,
        "Operating Income": 72,
        "EBIT": 78,
        "Net Income": 44
    },
    "2011-12-31": {
        "Diluted EPS": 0.42,
        "Total Revenue": 613,
        "Gross Profit": 67,
        "Operating Income": 53,
        "EBIT": 63,
        "Net Income": 24
    },
    "2011-09-30": {
        "Diluted EPS": 0.03,
        "Total Revenue": 593,
        "Gross Profit": 16,
        "Operating Income": 16,
        "EBIT": 25,
        "Net Income": 2
    },
    "2011-06-30": {
        "Diluted EPS": -0.06,
        "Total Revenue": 648,
        "Gross Profit": NaN,
        "Operating Income": NaN,
        "EBIT": 6,
        "Net Income": -3
    },
    "2011-03-31": {
        "Diluted EPS": 0.84,
        "Total Revenue": 641,
        "Gross Profit": 83,
        "Operating Income": 83,
        "EBIT": 90,
        "Net Income": 52
    },
    "2010-12-31": {
        "Diluted EPS": 0.91,
        "Total Revenue": 613,
        "Gross Profit": 60,
        "Operating Income": 60,
        "EBIT": 81,
        "Net Income": 56
    },
    "2010-09-30": {
        "Diluted EPS": 0.58,
        "Total Revenue": 651,
        "Gross Profit": 78,
        "Operating Income": 63,
        "EBIT": 83,
        "Net Income": 36
    },
    "2010-06-30": {
        "Diluted EPS": 0.61,
        "Total Revenue": 685,
        "Gross Profit": 81,
        "Operating Income": 81,
        "EBIT": 86,
        "Net Income": 38
    },
    "2010-03-31": {
        "Diluted EPS": 0.77,
        "Total Revenue": 695,
        "Gross Profit": 91,
        "Operating Income": 91,
        "EBIT": 97,
        "Net Income": 48
    },
    "2009-12-31": {
        "Diluted EPS": 1.06,
        "Total Revenue": 616,
        "Gross Profit": 77,
        "Operating Income": 76,
        "EBIT": 81,
        "Net Income": 66
    },
    "2009-09-30": {
        "Diluted EPS": 1.0,
        "Total Revenue": 751,
        "Gross Profit": 109,
        "Operating Income": 109,
        "EBIT": 124,
        "Net Income": 62
    },
    "2009-06-30": {
        "Diluted EPS": 0.67,
        "Total Revenue": 730,
        "Gross Profit": 87,
        "Operating Income": 87,
        "EBIT": 87,
        "Net Income": 42
    },
    "2009-03-31": {
        "Diluted EPS": -0.09,
        "Total Revenue": 656,
        "Gross Profit": 18,
        "Operating Income": 18,
        "EBIT": 27,
        "Net Income": -6
    },
    "2023-06-30": {
        "Tax Effect Of Unusual Items": NaN,
        "Tax Rate For Calcs": NaN,
        "Total Unusual Items": NaN,
        "Total Unusual Items Excluding Goodwill": NaN,
        "Net Income From Continuing Operation Net Minority Interest": NaN,
        "Reconciled Depreciation": NaN,
        "EBIT": NaN,
        "Net Interest Income": NaN,
        "Interest Expense": NaN,
        "Interest Income": NaN,
        "Normalized Income": NaN,
        "Net Income From Continuing And Discontinued Operation": NaN,
        "Total Expenses": NaN,
        "Diluted Average Shares": NaN,
        "Basic Average Shares": NaN,
        "Diluted EPS": NaN,
        "Basic EPS": NaN,
        "Diluted NI Availto Com Stockholders": NaN,
        "Average Dilution Earnings": NaN,
        "Net Income Common Stockholders": NaN,
        "Net Income": NaN,
        "Minority Interests": NaN,
        "Net Income Including Noncontrolling Interests": NaN,
        "Net Income Continuous Operations": NaN,
        "Tax Provision": NaN,
        "Pretax Income": NaN,
        "Other Income Expense": NaN,
        "Special Income Charges": NaN,
        "Write Off": 0.0,
        "Impairment Of Capital Assets": NaN,
        "Restructuring And Mergern Acquisition": NaN,
        "Net Non Operating Interest Income Expense": NaN,
        "Interest Expense Non Operating": NaN,
        "Other Operating Expenses": NaN,
        "Depreciation And Amortization In Income Statement": NaN,
        "Amortization": NaN,
        "Selling General And Administration": NaN,
        "General And Administrative Expense": NaN,
        "Other Gand A": NaN,
        "Salaries And Wages": NaN,
        "Total Revenue": NaN,
        "Operating Revenue": NaN,
        "Loss Adjustment Expense": NaN,
        "Net Policyholder Benefits And Claims": NaN
    },
    "2023-09-30": {
        "Tax Effect Of Unusual Items": NaN,
        "Tax Rate For Calcs": NaN,
        "Total Unusual Items": NaN,
        "Total Unusual Items Excluding Goodwill": NaN,
        "Net Income From Continuing Operation Net Minority Interest": NaN,
        "Reconciled Depreciation": NaN,
        "EBIT": NaN,
        "Net Interest Income": NaN,
        "Interest Expense": NaN,
        "Interest Income": NaN,
        "Normalized Income": NaN,
        "Net Income From Continuing And Discontinued Operation": NaN,
        "Total Expenses": NaN,
        "Diluted Average Shares": NaN,
        "Basic Average Shares": NaN,
        "Diluted EPS": NaN,
        "Basic EPS": NaN,
        "Diluted NI Availto Com Stockholders": NaN,
        "Average Dilution Earnings": 0.0,
        "Net Income Common Stockholders": NaN,
        "Net Income": NaN,
        "Minority Interests": NaN,
        "Net Income Including Noncontrolling Interests": NaN,
        "Net Income Continuous Operations": NaN,
        "Tax Provision": NaN,
        "Pretax Income": NaN,
        "Other Income Expense": NaN,
        "Special Income Charges": NaN,
        "Write Off": NaN,
        "Impairment Of Capital Assets": 0.0,
        "Restructuring And Mergern Acquisition": NaN,
        "Net Non Operating Interest Income Expense": NaN,
        "Interest Expense Non Operating": NaN,
        "Other Operating Expenses": NaN,
        "Depreciation And Amortization In Income Statement": 500000.0,
        "Amortization": 500000.0,
        "Selling General And Administration": NaN,
        "General And Administrative Expense": NaN,
        "Other Gand A": 85900000.0,
        "Salaries And Wages": 70200000.0,
        "Total Revenue": NaN,
        "Operating Revenue": NaN,
        "Loss Adjustment Expense": NaN,
        "Net Policyholder Benefits And Claims": NaN
    },
    "2023-12-31": {
        "Tax Effect Of Unusual Items": NaN,
        "Tax Rate For Calcs": NaN,
        "Total Unusual Items": NaN,
        "Total Unusual Items Excluding Goodwill": NaN,
        "Net Income From Continuing Operation Net Minority Interest": NaN,
        "Reconciled Depreciation": NaN,
        "EBIT": NaN,
        "Net Interest Income": NaN,
        "Interest Expense": NaN,
        "Interest Income": NaN,
        "Normalized Income": NaN,
        "Net Income From Continuing And Discontinued Operation": NaN,
        "Total Expenses": NaN,
        "Diluted Average Shares": NaN,
        "Basic Average Shares": NaN,
        "Diluted EPS": NaN,
        "Basic EPS": NaN,
        "Diluted NI Availto Com Stockholders": NaN,
        "Average Dilution Earnings": NaN,
        "Net Income Common Stockholders": NaN,
        "Net Income": NaN,
        "Minority Interests": NaN,
        "Net Income Including Noncontrolling Interests": NaN,
        "Net Income Continuous Operations": NaN,
        "Tax Provision": NaN,
        "Pretax Income": NaN,
        "Other Income Expense": NaN,
        "Special Income Charges": NaN,
        "Write Off": NaN,
        "Impairment Of Capital Assets": 0.0,
        "Restructuring And Mergern Acquisition": NaN,
        "Net Non Operating Interest Income Expense": NaN,
        "Interest Expense Non Operating": NaN,
        "Other Operating Expenses": NaN,
        "Depreciation And Amortization In Income Statement": 500000.0,
        "Amortization": 500000.0,
        "Selling General And Administration": 88200000.0,
        "General And Administrative Expense": 88200000.0,
        "Other Gand A": 88200000.0,
        "Salaries And Wages": 0.0,
        "Total Revenue": NaN,
        "Operating Revenue": NaN,
        "Loss Adjustment Expense": NaN,
        "Net Policyholder Benefits And Claims": NaN
    },
    "2024-03-31": {
        "Tax Effect Of Unusual Items": -2424018.475751,
        "Tax Rate For Calcs": 0.189376,
        "Total Unusual Items": -12800000.0,
        "Total Unusual Items Excluding Goodwill": -12800000.0,
        "Net Income From Continuing Operation Net Minority Interest": 71300000.0,
        "Reconciled Depreciation": 14600000.0,
        "EBIT": 100600000.0,
        "Net Interest Income": -14000000.0,
        "Interest Expense": 14000000.0,
        "Interest Income": 82600000.0,
        "Normalized Income": 81675981.524249,
        "Net Income From Continuing And Discontinued Operation": 71300000.0,
        "Total Expenses": 1055100000.0,
        "Diluted Average Shares": 64772800.0,
        "Basic Average Shares": 64254500.0,
        "Diluted EPS": 1.1,
        "Basic EPS": 1.11,
        "Diluted NI Availto Com Stockholders": 71300000.0,
        "Average Dilution Earnings": NaN,
        "Net Income Common Stockholders": 71300000.0,
        "Net Income": 71300000.0,
        "Minority Interests": 1100000.0,
        "Net Income Including Noncontrolling Interests": 70200000.0,
        "Net Income Continuous Operations": 70200000.0,
        "Tax Provision": 16400000.0,
        "Pretax Income": 86600000.0,
        "Other Income Expense": 2200000.0,
        "Special Income Charges": -12800000.0,
        "Write Off": 0.0,
        "Impairment Of Capital Assets": NaN,
        "Restructuring And Mergern Acquisition": 12800000.0,
        "Net Non Operating Interest Income Expense": -14000000.0,
        "Interest Expense Non Operating": 14000000.0,
        "Other Operating Expenses": 5600000.0,
        "Depreciation And Amortization In Income Statement": 500000.0,
        "Amortization": 500000.0,
        "Selling General And Administration": 85300000.0,
        "General And Administrative Expense": 85300000.0,
        "Other Gand A": 85300000.0,
        "Salaries And Wages": NaN,
        "Total Revenue": 1141700000.0,
        "Operating Revenue": 1141700000.0,
        "Loss Adjustment Expense": 869100000.0,
        "Net Policyholder Benefits And Claims": 869100000.0
    },
    "2024-06-30": {
        "Tax Effect Of Unusual Items": -1256800.870511,
        "Tax Rate For Calcs": 0.190424,
        "Total Unusual Items": -6600000.0,
        "Total Unusual Items Excluding Goodwill": -6600000.0,
        "Net Income From Continuing Operation Net Minority Interest": 75400000.0,
        "Reconciled Depreciation": 13100000.0,
        "EBIT": 105800000.0,
        "Net Interest Income": -13900000.0,
        "Interest Expense": 13900000.0,
        "Interest Income": 81100000.0,
        "Normalized Income": 80743199.129489,
        "Net Income From Continuing And Discontinued Operation": 75400000.0,
        "Total Expenses": 1046600000.0,
        "Diluted Average Shares": 64891600.0,
        "Basic Average Shares": 64395000.0,
        "Diluted EPS": 1.16,
        "Basic EPS": 1.17,
        "Diluted NI Availto Com Stockholders": 75400000.0,
        "Average Dilution Earnings": NaN,
        "Net Income Common Stockholders": 75400000.0,
        "Net Income": 75400000.0,
        "Minority Interests": 1000000.0,
        "Net Income Including Noncontrolling Interests": 74400000.0,
        "Net Income Continuous Operations": 74400000.0,
        "Tax Provision": 17500000.0,
        "Pretax Income": 91900000.0,
        "Other Income Expense": 2400000.0,
        "Special Income Charges": -6600000.0,
        "Write Off": 100000.0,
        "Impairment Of Capital Assets": 0.0,
        "Restructuring And Mergern Acquisition": 6500000.0,
        "Net Non Operating Interest Income Expense": -13900000.0,
        "Interest Expense Non Operating": 13900000.0,
        "Other Operating Expenses": 51200000.0,
        "Depreciation And Amortization In Income Statement": 600000.0,
        "Amortization": 600000.0,
        "Selling General And Administration": 81900000.0,
        "General And Administrative Expense": 81900000.0,
        "Other Gand A": 84600000.0,
        "Salaries And Wages": -2700000.0,
        "Total Revenue": 1138500000.0,
        "Operating Revenue": 1138500000.0,
        "Loss Adjustment Expense": 744400000.0,
        "Net Policyholder Benefits And Claims": 744400000.0
    },
    "2024-09-30": {
        "Tax Effect Of Unusual Items": -2386438.809261,
        "Tax Rate For Calcs": 0.203969,
        "Total Unusual Items": -11700000.0,
        "Total Unusual Items Excluding Goodwill": -11700000.0,
        "Net Income From Continuing Operation Net Minority Interest": 73700000.0,
        "Reconciled Depreciation": 13100000.0,
        "EBIT": 105100000.0,
        "Net Interest Income": -14400000.0,
        "Interest Expense": 14400000.0,
        "Interest Income": 84700000.0,
        "Normalized Income": 83013561.190739,
        "Net Income From Continuing And Discontinued Operation": 73700000.0,
        "Total Expenses": 1078400000.0,
        "Diluted Average Shares": 64898000.0,
        "Basic Average Shares": 64216500.0,
        "Diluted EPS": 1.14,
        "Basic EPS": 1.15,
        "Diluted NI Availto Com Stockholders": 73700000.0,
        "Average Dilution Earnings": NaN,
        "Net Income Common Stockholders": 73700000.0,
        "Net Income": 73700000.0,
        "Minority Interests": 1500000.0,
        "Net Income Including Noncontrolling Interests": 72200000.0,
        "Net Income Continuous Operations": 72200000.0,
        "Tax Provision": 18500000.0,
        "Pretax Income": 90700000.0,
        "Other Income Expense": 2200000.0,
        "Special Income Charges": -11700000.0,
        "Write Off": 200000.0,
        "Impairment Of Capital Assets": 0.0,
        "Restructuring And Mergern Acquisition": 11500000.0,
        "Net Non Operating Interest Income Expense": -14400000.0,
        "Interest Expense Non Operating": 14400000.0,
        "Other Operating Expenses": 60500000.0,
        "Depreciation And Amortization In Income Statement": 600000.0,
        "Amortization": 600000.0,
        "Selling General And Administration": 92400000.0,
        "General And Administrative Expense": 92400000.0,
        "Other Gand A": 92300000.0,
        "Salaries And Wages": 100000.0,
        "Total Revenue": 1169100000.0,
        "Operating Revenue": 1169100000.0,
        "Loss Adjustment Expense": 769300000.0,
        "Net Policyholder Benefits And Claims": 769300000.0
    },
    "2024-12-31": {
        "Tax Effect Of Unusual Items": -1899077.954736,
        "Tax Rate For Calcs": 0.197821,
        "Total Unusual Items": -9600000.0,
        "Total Unusual Items Excluding Goodwill": -9600000.0,
        "Net Income From Continuing Operation Net Minority Interest": 97400000.0,
        "Reconciled Depreciation": 12900000.0,
        "EBIT": 133900000.0,
        "Net Interest Income": -14600000.0,
        "Interest Expense": 14600000.0,
        "Interest Income": 61700000.0,
        "Normalized Income": 105100922.045264,
        "Net Income From Continuing And Discontinued Operation": 97400000.0,
        "Total Expenses": 1064100000.0,
        "Diluted Average Shares": 64631800.0,
        "Basic Average Shares": 63858600.0,
        "Diluted EPS": 1.51,
        "Basic EPS": 1.52,
        "Diluted NI Availto Com Stockholders": 97400000.0,
        "Average Dilution Earnings": NaN,
        "Net Income Common Stockholders": 97400000.0,
        "Net Income": 97400000.0,
        "Minority Interests": 1700000.0,
        "Net Income Including Noncontrolling Interests": 95700000.0,
        "Net Income Continuous Operations": 95700000.0,
        "Tax Provision": 23600000.0,
        "Pretax Income": 119300000.0,
        "Other Income Expense": 1800000.0,
        "Special Income Charges": -9600000.0,
        "Write Off": 100000.0,
        "Impairment Of Capital Assets": 0.0,
        "Restructuring And Mergern Acquisition": 9500000.0,
        "Net Non Operating Interest Income Expense": -14600000.0,
        "Interest Expense Non Operating": 14600000.0,
        "Other Operating Expenses": -51500000.0,
        "Depreciation And Amortization In Income Statement": NaN,
        "Amortization": NaN,
        "Selling General And Administration": -262200000.0,
        "General And Administrative Expense": -262200000.0,
        "Other Gand A": NaN,
        "Salaries And Wages": 0.0,
        "Total Revenue": 1183400000.0,
        "Operating Revenue": 1183400000.0,
        "Loss Adjustment Expense": 1215700000.0,
        "Net Policyholder Benefits And Claims": 1215700000.0
    },
    "2025-03-31": {
        "Tax Effect Of Unusual Items": -1008681.135225,
        "Tax Rate For Calcs": 0.190317,
        "Total Unusual Items": -5300000.0,
        "Total Unusual Items Excluding Goodwill": -5300000.0,
        "Net Income From Continuing Operation Net Minority Interest": 99700000.0,
        "Reconciled Depreciation": 12500000.0,
        "EBIT": 131200000.0,
        "Net Interest Income": -11400000.0,
        "Interest Expense": 11400000.0,
        "Interest Income": 77200000.0,
        "Normalized Income": 103991318.864775,
        "Net Income From Continuing And Discontinued Operation": 99700000.0,
        "Total Expenses": 1070200000.0,
        "Diluted Average Shares": 64652800.0,
        "Basic Average Shares": 63886700.0,
        "Diluted EPS": 1.54,
        "Basic EPS": 1.56,
        "Diluted NI Availto Com Stockholders": 99700000.0,
        "Average Dilution Earnings": NaN,
        "Net Income Common Stockholders": 99700000.0,
        "Net Income": 99700000.0,
        "Minority Interests": 2700000.0,
        "Net Income Including Noncontrolling Interests": 97000000.0,
        "Net Income Continuous Operations": 97000000.0,
        "Tax Provision": 22800000.0,
        "Pretax Income": 119800000.0,
        "Other Income Expense": 2600000.0,
        "Special Income Charges": -5300000.0,
        "Write Off": 0.0,
        "Impairment Of Capital Assets": NaN,
        "Restructuring And Mergern Acquisition": 5300000.0,
        "Net Non Operating Interest Income Expense": -11400000.0,
        "Interest Expense Non Operating": 11400000.0,
        "Other Operating Expenses": 3100000.0,
        "Depreciation And Amortization In Income Statement": NaN,
        "Amortization": NaN,
        "Selling General And Administration": NaN,
        "General And Administrative Expense": NaN,
        "Other Gand A": NaN,
        "Salaries And Wages": NaN,
        "Total Revenue": 1190000000.0,
        "Operating Revenue": 1190000000.0,
        "Loss Adjustment Expense": 889100000.0,
        "Net Policyholder Benefits And Claims": 889100000.0
    }
}