{
    "2023-03-31": {
        "Tax Effect Of Unusual Items": NaN,
        "Tax Rate For Calcs": NaN,
        "Normalized EBITDA": NaN,
        "Total Unusual Items": NaN,
        "Total Unusual Items Excluding Goodwill": NaN,
        "Net Income From Continuing Operation Net Minority Interest": NaN,
        "Reconciled Depreciation": 3051089.0,
        "Reconciled Cost Of Revenue": NaN,
        "EBITDA": NaN,
        "EBIT": NaN,
        "Net Interest Income": NaN,
        "Interest Expense": NaN,
        "Interest Income": NaN,
        "Normalized Income": NaN,
        "Net Income From Continuing And Discontinued Operation": NaN,
        "Total Expenses": NaN,
        "Total Operating Income As Reported": NaN,
        "Diluted Average Shares": 75095595.0,
        "Basic Average Shares": 74186504.0,
        "Diluted EPS": -0.01,
        "Basic EPS": -0.01,
        "Diluted NI Availto Com Stockholders": NaN,
        "Net Income Common Stockholders": NaN,
        "Net Income": NaN,
        "Minority Interests": NaN,
        "Net Income Including Noncontrolling Interests": NaN,
        "Net Income Continuous Operations": NaN,
        "Tax Provision": NaN,
        "Pretax Income": NaN,
        "Other Income Expense": NaN,
        "Other Non Operating Income Expenses": NaN,
        "Special Income Charges": NaN,
        "Impairment Of Capital Assets": NaN,
        "Restructuring And Mergern Acquisition": NaN,
        "Net Non Operating Interest Income Expense": NaN,
        "Interest Expense Non Operating": NaN,
        "Interest Income Non Operating": NaN,
        "Operating Income": NaN,
        "Operating Expense": NaN,
        "Other Operating Expenses": NaN,
        "Research And Development": NaN,
        "Selling General And Administration": NaN,
        "Selling And Marketing Expense": NaN,
        "General And Administrative Expense": NaN,
        "Other Gand A": NaN,
        "Gross Profit": NaN,
        "Cost Of Revenue": NaN,
        "Total Revenue": NaN,
        "Operating Revenue": NaN
    },
    "2022-12-31": {
        "Tax Effect Of Unusual Items": NaN,
        "Tax Rate For Calcs": NaN,
        "Normalized EBITDA": NaN,
        "Total Unusual Items": NaN,
        "Total Unusual Items Excluding Goodwill": NaN,
        "Net Income From Continuing Operation Net Minority Interest": NaN,
        "Reconciled Depreciation": 2915003.0,
        "Reconciled Cost Of Revenue": NaN,
        "EBITDA": NaN,
        "EBIT": NaN,
        "Net Interest Income": NaN,
        "Interest Expense": NaN,
        "Interest Income": NaN,
        "Normalized Income": NaN,
        "Net Income From Continuing And Discontinued Operation": NaN,
        "Total Expenses": NaN,
        "Total Operating Income As Reported": NaN,
        "Diluted Average Shares": NaN,
        "Basic Average Shares": NaN,
        "Diluted EPS": NaN,
        "Basic EPS": NaN,
        "Diluted NI Availto Com Stockholders": NaN,
        "Net Income Common Stockholders": NaN,
        "Net Income": NaN,
        "Minority Interests": NaN,
        "Net Income Including Noncontrolling Interests": NaN,
        "Net Income Continuous Operations": NaN,
        "Tax Provision": NaN,
        "Pretax Income": NaN,
        "Other Income Expense": NaN,
        "Other Non Operating Income Expenses": NaN,
        "Special Income Charges": NaN,
        "Gain On Sale Of Ppe": 0.0,
        "Gain On Sale Of Business": 0.0,
        "Impairment Of Capital Assets": NaN,
        "Restructuring And Mergern Acquisition": NaN,
        "Earnings From Equity Interest": 0.0,
        "Net Non Operating Interest Income Expense": NaN,
        "Interest Expense Non Operating": NaN,
        "Interest Income Non Operating": NaN,
        "Operating Income": NaN,
        "Operating Expense": NaN,
        "Other Operating Expenses": NaN,
        "Research And Development": NaN,
        "Selling General And Administration": NaN,
        "Selling And Marketing Expense": NaN,
        "General And Administrative Expense": NaN,
        "Other Gand A": NaN,
        "Gross Profit": NaN,
        "Cost Of Revenue": NaN,
        "Total Revenue": NaN,
        "Operating Revenue": NaN
    },
    "2022-09-30": {
        "Tax Effect Of Unusual Items": NaN,
        "Tax Rate For Calcs": NaN,
        "Normalized EBITDA": NaN,
        "Total Unusual Items": NaN,
        "Total Unusual Items Excluding Goodwill": NaN,
        "Net Income From Continuing Operation Net Minority Interest": NaN,
        "Reconciled Depreciation": NaN,
        "Reconciled Cost Of Revenue": NaN,
        "EBITDA": NaN,
        "EBIT": NaN,
        "Net Interest Income": NaN,
        "Interest Expense": NaN,
        "Interest Income": NaN,
        "Normalized Income": NaN,
        "Net Income From Continuing And Discontinued Operation": NaN,
        "Total Expenses": NaN,
        "Total Operating Income As Reported": NaN,
        "Diluted Average Shares": 75885630.0,
        "Basic Average Shares": 75741399.0,
        "Diluted EPS": 0.004995,
        "Basic EPS": 0.005004,
        "Diluted NI Availto Com Stockholders": NaN,
        "Net Income Common Stockholders": NaN,
        "Net Income": NaN,
        "Minority Interests": NaN,
        "Net Income Including Noncontrolling Interests": NaN,
        "Net Income Continuous Operations": NaN,
        "Tax Provision": NaN,
        "Pretax Income": NaN,
        "Other Income Expense": NaN,
        "Other Non Operating Income Expenses": NaN,
        "Special Income Charges": NaN,
        "Gain On Sale Of Ppe": 0.0,
        "Gain On Sale Of Business": 0.0,
        "Impairment Of Capital Assets": 0.0,
        "Restructuring And Mergern Acquisition": NaN,
        "Earnings From Equity Interest": 0.0,
        "Net Non Operating Interest Income Expense": NaN,
        "Interest Expense Non Operating": NaN,
        "Interest Income Non Operating": NaN,
        "Operating Income": NaN,
        "Operating Expense": NaN,
        "Other Operating Expenses": NaN,
        "Research And Development": NaN,
        "Selling General And Administration": NaN,
        "Selling And Marketing Expense": NaN,
        "General And Administrative Expense": NaN,
        "Other Gand A": NaN,
        "Gross Profit": NaN,
        "Cost Of Revenue": NaN,
        "Total Revenue": NaN,
        "Operating Revenue": NaN
    },
    "2022-06-30": {
        "Tax Effect Of Unusual Items": -108441.207939,
        "Tax Rate For Calcs": 0.277343,
        "Normalized EBITDA": -2066062.0,
        "Total Unusual Items": -391000.0,
        "Total Unusual Items Excluding Goodwill": -391000.0,
        "Net Income From Continuing Operation Net Minority Interest": -1937271.0,
        "Reconciled Depreciation": 3153049.0,
        "Reconciled Cost Of Revenue": 18122316.0,
        "EBITDA": -2457062.0,
        "EBIT": -2457062.0,
        "Net Interest Income": 1240341.0,
        "Interest Expense": 138433.0,
        "Interest Income": 1378774.0,
        "Normalized Income": -1654712.207939,
        "Net Income From Continuing And Discontinued Operation": -1937271.0,
        "Total Expenses": 26659547.0,
        "Total Operating Income As Reported": -6281583.0,
        "Diluted Average Shares": 75863479.0,
        "Basic Average Shares": 75863479.0,
        "Diluted EPS": -0.02,
        "Basic EPS": -0.02,
        "Diluted NI Availto Com Stockholders": -1937271.0,
        "Net Income Common Stockholders": -1937271.0,
        "Net Income": -1937271.0,
        "Minority Interests": -61619.0,
        "Net Income Including Noncontrolling Interests": -1875652.0,
        "Net Income Continuous Operations": -1875652.0,
        "Tax Provision": -719843.0,
        "Pretax Income": -2595495.0,
        "Other Income Expense": 1982528.0,
        "Other Non Operating Income Expenses": 2373528.0,
        "Special Income Charges": -391000.0,
        "Gain On Sale Of Ppe": 0.0,
        "Gain On Sale Of Business": 0.0,
        "Impairment Of Capital Assets": NaN,
        "Restructuring And Mergern Acquisition": 391000.0,
        "Earnings From Equity Interest": 0.0,
        "Net Non Operating Interest Income Expense": 1240341.0,
        "Interest Expense Non Operating": 138433.0,
        "Interest Income Non Operating": 1378774.0,
        "Operating Income": -5818364.0,
        "Operating Expense": 8537231.0,
        "Other Operating Expenses": -463219.0,
        "Research And Development": 1253843.0,
        "Selling General And Administration": 7746607.0,
        "Selling And Marketing Expense": 1172528.0,
        "General And Administrative Expense": 6574079.0,
        "Other Gand A": 6574079.0,
        "Gross Profit": 2718867.0,
        "Cost Of Revenue": 18122316.0,
        "Total Revenue": 20841183.0,
        "Operating Revenue": 20841183.0
    },
    "2022-03-31": {
        "Diluted EPS": -0.02,
        "Total Revenue": 25,
        "Gross Profit": 2,
        "Operating Income": -6,
        "EBIT": -2,
        "Net Income": -2
    },
    "2021-12-31": {
        "Diluted EPS": -0.06,
        "Total Revenue": 29,
        "Gross Profit": 3,
        "Operating Income": -11,
        "EBIT": -8,
        "Net Income": -4
    },
    "2021-09-30": {
        "Diluted EPS": -0.1,
        "Total Revenue": 17,
        "Gross Profit": 3,
        "Operating Income": -9,
        "EBIT": -7,
        "Net Income": -8
    },
    "2021-06-30": {
        "Diluted EPS": 0.54,
        "Total Revenue": 30,
        "Gross Profit": 6,
        "Operating Income": 44,
        "EBIT": 47,
        "Net Income": 41
    },
    "2021-03-31": {
        "Diluted EPS": -0.08,
        "Total Revenue": 16,
        "Gross Profit": 4,
        "Operating Income": -23,
        "EBIT": -21,
        "Net Income": -6
    },
    "2020-12-31": {
        "Diluted EPS": -0.21,
        "Total Revenue": 32,
        "Gross Profit": 5,
        "Operating Income": -5,
        "EBIT": -3,
        "Net Income": -11
    },
    "2020-09-30": {
        "Diluted EPS": -0.03,
        "Total Revenue": 19,
        "Gross Profit": 4,
        "Operating Income": -2,
        "EBIT": 0,
        "Net Income": -1
    },
    "2020-06-30": {
        "Diluted EPS": 0.08,
        "Total Revenue": 19,
        "Gross Profit": 4,
        "Operating Income": 12,
        "EBIT": 14,
        "Net Income": 4
    },
    "2020-03-31": {
        "Diluted EPS": -0.03,
        "Total Revenue": 6,
        "Gross Profit": 1,
        "Operating Income": -3,
        "EBIT": -1,
        "Net Income": -2
    },
    "2019-12-31": {
        "Diluted EPS": -0.14,
        "Total Revenue": 62,
        "Gross Profit": 13,
        "Operating Income": 4,
        "EBIT": 5,
        "Net Income": -8
    },
    "2019-09-30": {
        "Diluted EPS": 0.23,
        "Total Revenue": 32,
        "Gross Profit": 5,
        "Operating Income": 0,
        "EBIT": 2,
        "Net Income": 12
    },
    "2019-06-30": {
        "Diluted EPS": -0.14,
        "Total Revenue": 24,
        "Gross Profit": 4,
        "Operating Income": -3,
        "EBIT": -1,
        "Net Income": -7
    },
    "2019-03-31": {
        "Diluted EPS": -0.09,
        "Total Revenue": 18,
        "Gross Profit": 3,
        "Operating Income": 0,
        "EBIT": 2,
        "Net Income": -4
    },
    "2018-12-31": {
        "Diluted EPS": -0.08,
        "Total Revenue": 50,
        "Gross Profit": 11,
        "Operating Income": 3,
        "EBIT": 5,
        "Net Income": -4
    },
    "2018-09-30": {
        "Diluted EPS": -0.13,
        "Total Revenue": 38,
        "Gross Profit": 6,
        "Operating Income": -2,
        "EBIT": -2,
        "Net Income": -7
    },
    "2018-06-30": {
        "Diluted EPS": 0.03,
        "Total Revenue": 16,
        "Gross Profit": 2,
        "Operating Income": -3,
        "EBIT": -2,
        "Net Income": 1
    },
    "2018-03-31": {
        "Diluted EPS": 0.07,
        "Total Revenue": 8,
        "Gross Profit": 1,
        "Operating Income": 0,
        "EBIT": 1,
        "Net Income": 4
    },
    "2017-12-31": {
        "Diluted EPS": 0.12,
        "Total Revenue": 43,
        "Gross Profit": 5,
        "Operating Income": 4,
        "EBIT": 6,
        "Net Income": 5
    },
    "2017-09-30": {
        "Diluted EPS": 0.04,
        "Total Revenue": 28,
        "Gross Profit": 5,
        "Operating Income": 2,
        "EBIT": 3,
        "Net Income": 2
    },
    "2017-06-30": {
        "Diluted EPS": -0.24,
        "Total Revenue": 27,
        "Gross Profit": 4,
        "Operating Income": -3,
        "EBIT": -2,
        "Net Income": -12
    },
    "2017-03-31": {
        "Diluted EPS": -0.51,
        "Total Revenue": 4,
        "Gross Profit": 1,
        "Operating Income": -29,
        "EBIT": -28,
        "Net Income": -24
    },
    "2016-12-31": {
        "Diluted EPS": -0.19,
        "Total Revenue": 17,
        "Gross Profit": 2,
        "Operating Income": -26,
        "EBIT": -25,
        "Net Income": -9
    },
    "2016-09-30": {
        "Diluted EPS": -0.01,
        "Total Revenue": 6,
        "Gross Profit": 1,
        "Operating Income": -1,
        "EBIT": 1,
        "Net Income": -1
    },
    "2016-06-30": {
        "Diluted EPS": 0.06,
        "Total Revenue": 55,
        "Gross Profit": 8,
        "Operating Income": -2,
        "EBIT": -1,
        "Net Income": 3
    },
    "2016-03-31": {
        "Diluted EPS": 0.0,
        "Total Revenue": 51,
        "Gross Profit": 7,
        "Operating Income": -2,
        "EBIT": 0,
        "Net Income": 0
    },
    "2015-12-31": {
        "Diluted EPS": 0.01,
        "Total Revenue": 59,
        "Gross Profit": 8,
        "Operating Income": -5,
        "EBIT": -4,
        "Net Income": 1
    },
    "2015-09-30": {
        "Diluted EPS": 0.05,
        "Total Revenue": 51,
        "Gross Profit": 7,
        "Operating Income": -2,
        "EBIT": -1,
        "Net Income": 2
    },
    "2015-06-30": {
        "Diluted EPS": 0.12,
        "Total Revenue": 48,
        "Gross Profit": 6,
        "Operating Income": 2,
        "EBIT": 3,
        "Net Income": 5
    },
    "2015-03-31": {
        "Diluted EPS": 0.13,
        "Total Revenue": 44,
        "Gross Profit": 6,
        "Operating Income": 2,
        "EBIT": 3,
        "Net Income": 6
    },
    "2014-12-31": {
        "Diluted EPS": 0.07,
        "Total Revenue": 53,
        "Gross Profit": 6,
        "Operating Income": 3,
        "EBIT": 4,
        "Net Income": 2
    },
    "2014-09-30": {
        "Diluted EPS": 0.31,
        "Total Revenue": 44,
        "Gross Profit": 6,
        "Operating Income": 3,
        "EBIT": 4,
        "Net Income": 14
    },
    "2014-06-30": {
        "Diluted EPS": 0.27,
        "Total Revenue": 33,
        "Gross Profit": 7,
        "Operating Income": 3,
        "EBIT": 4,
        "Net Income": 11
    },
    "2014-03-31": {
        "Diluted EPS": -0.36,
        "Total Revenue": 40,
        "Gross Profit": 5,
        "Operating Income": -3,
        "EBIT": -1,
        "Net Income": -14
    },
    "2013-12-31": {
        "Diluted EPS": -0.44,
        "Total Revenue": 51,
        "Gross Profit": 11,
        "Operating Income": -2,
        "EBIT": 0,
        "Net Income": -15
    },
    "2013-09-30": {
        "Diluted EPS": -0.21,
        "Total Revenue": 17,
        "Gross Profit": 4,
        "Operating Income": 1,
        "EBIT": 3,
        "Net Income": -8
    },
    "2013-06-30": {
        "Diluted EPS": -0.03,
        "Total Revenue": 12,
        "Gross Profit": 3,
        "Operating Income": 1,
        "EBIT": 3,
        "Net Income": -1
    },
    "2013-03-31": {
        "Diluted EPS": 0.07,
        "Total Revenue": 15,
        "Gross Profit": 3,
        "Operating Income": 2,
        "EBIT": 4,
        "Net Income": 2
    },
    "2012-12-31": {
        "Diluted EPS": 0.07,
        "Total Revenue": 26,
        "Gross Profit": 5,
        "Operating Income": 2,
        "EBIT": 3,
        "Net Income": 2
    },
    "2012-09-30": {
        "Diluted EPS": 0.02,
        "Total Revenue": 13,
        "Gross Profit": 3,
        "Operating Income": 1,
        "EBIT": 3,
        "Net Income": 1
    },
    "2012-06-30": {
        "Diluted EPS": 0.03,
        "Total Revenue": 11,
        "Gross Profit": 2,
        "Operating Income": 0,
        "EBIT": 1,
        "Net Income": 1
    },
    "2012-03-31": {
        "Diluted EPS": 0.08,
        "Total Revenue": 14,
        "Gross Profit": 3,
        "Operating Income": 2,
        "EBIT": 3,
        "Net Income": 2
    },
    "2011-12-31": {
        "Diluted EPS": -0.02,
        "Total Revenue": 11,
        "Gross Profit": 2,
        "Operating Income": 1,
        "EBIT": 2,
        "Net Income": -1
    },
    "2011-09-30": {
        "Diluted EPS": 0.01,
        "Total Revenue": 10,
        "Gross Profit": 2,
        "Operating Income": 1,
        "EBIT": 2,
        "Net Income": 0
    },
    "2011-06-30": {
        "Diluted EPS": 0.13,
        "Total Revenue": 10,
        "Gross Profit": 2,
        "Operating Income": 1,
        "EBIT": 2,
        "Net Income": 4
    },
    "2011-03-31": {
        "Diluted EPS": 0.2,
        "Total Revenue": 8,
        "Gross Profit": 2,
        "Operating Income": 1,
        "EBIT": 2,
        "Net Income": 6
    },
    "2010-12-31": {
        "Diluted EPS": 0.0,
        "Total Revenue": 14,
        "Gross Profit": 3,
        "Operating Income": 1,
        "EBIT": 3,
        "Net Income": 0
    },
    "2010-09-30": {
        "Diluted EPS": -0.08,
        "Total Revenue": 10,
        "Gross Profit": 2,
        "Operating Income": 1,
        "EBIT": 2,
        "Net Income": -2
    },
    "2010-06-30": {
        "Diluted EPS": 0.05,
        "Total Revenue": 10,
        "Gross Profit": 2,
        "Operating Income": 1,
        "EBIT": 2,
        "Net Income": 1
    },
    "2010-03-31": {
        "Diluted EPS": -0.01,
        "Total Revenue": 8,
        "Gross Profit": 2,
        "Operating Income": 0,
        "EBIT": 1,
        "Net Income": 0
    },
    "2009-12-31": {
        "Diluted EPS": 0.04,
        "Total Revenue": 15,
        "Gross Profit": 3,
        "Operating Income": 1,
        "EBIT": 2,
        "Net Income": 1
    },
    "2009-09-30": {
        "Diluted EPS": 0.03,
        "Total Revenue": 10,
        "Gross Profit": 2,
        "Operating Income": 1,
        "EBIT": 2,
        "Net Income": 1
    },
    "2009-06-30": {
        "Diluted EPS": 0.01,
        "Total Revenue": 5,
        "Gross Profit": 1,
        "Operating Income": 0,
        "EBIT": 1,
        "Net Income": 0
    },
    "2009-03-31": {
        "Diluted EPS": -0.03,
        "Total Revenue": 4,
        "Gross Profit": 1,
        "Operating Income": 0,
        "EBIT": 0,
        "Net Income": -1
    },
    "2023-06-30": {
        "Tax Effect Of Unusual Items": 45057.557024,
        "Tax Rate For Calcs": 0.065018,
        "Normalized EBITDA": 7185405.0,
        "Total Unusual Items": 693000.0,
        "Total Unusual Items Excluding Goodwill": 693000.0,
        "Net Income From Continuing Operation Net Minority Interest": 3727000.0,
        "Reconciled Depreciation": 2993405.0,
        "Reconciled Cost Of Revenue": 22219000.0,
        "EBITDA": 7878405.0,
        "EBIT": 4885000.0,
        "Net Interest Income": 1761000.0,
        "Interest Expense": 194000.0,
        "Interest Income": 1955000.0,
        "Normalized Income": 3079057.557024,
        "Net Income From Continuing And Discontinued Operation": 3727000.0,
        "Total Expenses": 34523000.0,
        "Total Operating Income As Reported": -231000.0,
        "Diluted Average Shares": 76315953.0,
        "Basic Average Shares": 74378083.0,
        "Diluted EPS": 0.06,
        "Basic EPS": 0.06,
        "Diluted NI Availto Com Stockholders": 3727000.0,
        "Net Income Common Stockholders": 3727000.0,
        "Net Income": 3727000.0,
        "Minority Interests": -659000.0,
        "Net Income Including Noncontrolling Interests": 4386000.0,
        "Net Income Continuous Operations": 4386000.0,
        "Tax Provision": 305000.0,
        "Pretax Income": 4691000.0,
        "Other Income Expense": 1500000.0,
        "Other Non Operating Income Expenses": 807000.0,
        "Special Income Charges": 693000.0,
        "Impairment Of Capital Assets": 1471000.0,
        "Restructuring And Mergern Acquisition": -2164000.0,
        "Net Non Operating Interest Income Expense": 1761000.0,
        "Interest Expense Non Operating": 194000.0,
        "Interest Income Non Operating": 1955000.0,
        "Operating Income": 1430000.0,
        "Operating Expense": 12304000.0,
        "Other Operating Expenses": -190000.0,
        "Research And Development": 875000.0,
        "Selling General And Administration": 11619000.0,
        "Selling And Marketing Expense": 2781000.0,
        "General And Administrative Expense": 8838000.0,
        "Other Gand A": 8838000.0,
        "Gross Profit": 13734000.0,
        "Cost Of Revenue": 22219000.0,
        "Total Revenue": 35953000.0,
        "Operating Revenue": 35953000.0
    },
    "2023-09-30": {
        "Tax Effect Of Unusual Items": 5500.0,
        "Tax Rate For Calcs": 0.25,
        "Normalized EBITDA": 4504522.0,
        "Total Unusual Items": 22000.0,
        "Total Unusual Items Excluding Goodwill": 22000.0,
        "Net Income From Continuing Operation Net Minority Interest": 868000.0,
        "Reconciled Depreciation": 2907522.0,
        "Reconciled Cost Of Revenue": 25507000.0,
        "EBITDA": 4526522.0,
        "EBIT": 1619000.0,
        "Net Interest Income": 1572000.0,
        "Interest Expense": 355000.0,
        "Interest Income": 1927000.0,
        "Normalized Income": 851500.0,
        "Net Income From Continuing And Discontinued Operation": 868000.0,
        "Total Expenses": 39367000.0,
        "Total Operating Income As Reported": -3587000.0,
        "Diluted Average Shares": 81234002.0,
        "Basic Average Shares": 79174343.0,
        "Diluted EPS": 0.02,
        "Basic EPS": 0.02,
        "Diluted NI Availto Com Stockholders": 868000.0,
        "Net Income Common Stockholders": 868000.0,
        "Net Income": 868000.0,
        "Minority Interests": -408000.0,
        "Net Income Including Noncontrolling Interests": 1276000.0,
        "Net Income Continuous Operations": 1276000.0,
        "Tax Provision": -12000.0,
        "Pretax Income": 1264000.0,
        "Other Income Expense": 2633000.0,
        "Other Non Operating Income Expenses": 2611000.0,
        "Special Income Charges": 22000.0,
        "Impairment Of Capital Assets": -22000.0,
        "Restructuring And Mergern Acquisition": 0.0,
        "Net Non Operating Interest Income Expense": 1572000.0,
        "Interest Expense Non Operating": 355000.0,
        "Interest Income Non Operating": 1927000.0,
        "Operating Income": -2941000.0,
        "Operating Expense": 13860000.0,
        "Other Operating Expenses": -668000.0,
        "Research And Development": 918000.0,
        "Selling General And Administration": 13610000.0,
        "Selling And Marketing Expense": 4152000.0,
        "General And Administrative Expense": 9458000.0,
        "Other Gand A": 9458000.0,
        "Gross Profit": 10919000.0,
        "Cost Of Revenue": 25507000.0,
        "Total Revenue": 36426000.0,
        "Operating Revenue": 36426000.0
    },
    "2023-12-31": {
        "Tax Effect Of Unusual Items": 2232.5,
        "Tax Rate For Calcs": 0.25,
        "Normalized EBITDA": 857250.0,
        "Total Unusual Items": 8930.0,
        "Total Unusual Items Excluding Goodwill": 8930.0,
        "Net Income From Continuing Operation Net Minority Interest": -4560772.0,
        "Reconciled Depreciation": 2961631.0,
        "Reconciled Cost Of Revenue": 19670384.0,
        "EBITDA": 866180.0,
        "EBIT": -2095451.0,
        "Net Interest Income": 3397425.0,
        "Interest Expense": 604733.0,
        "Interest Income": 4002158.0,
        "Normalized Income": -4567469.5,
        "Net Income From Continuing And Discontinued Operation": -4560772.0,
        "Total Expenses": 34826178.0,
        "Total Operating Income As Reported": -6998919.0,
        "Diluted Average Shares": NaN,
        "Basic Average Shares": NaN,
        "Diluted EPS": NaN,
        "Basic EPS": NaN,
        "Diluted NI Availto Com Stockholders": -4560772.0,
        "Net Income Common Stockholders": -4560772.0,
        "Net Income": -4560772.0,
        "Minority Interests": 28646.0,
        "Net Income Including Noncontrolling Interests": -4589418.0,
        "Net Income Continuous Operations": -4589418.0,
        "Tax Provision": 1889234.0,
        "Pretax Income": -2700184.0,
        "Other Income Expense": 370985.0,
        "Other Non Operating Income Expenses": 362055.0,
        "Special Income Charges": 8930.0,
        "Impairment Of Capital Assets": -8930.0,
        "Restructuring And Mergern Acquisition": 0.0,
        "Net Non Operating Interest Income Expense": 3397425.0,
        "Interest Expense Non Operating": 604733.0,
        "Interest Income Non Operating": 4002158.0,
        "Operating Income": -6468594.0,
        "Operating Expense": 15155794.0,
        "Other Operating Expenses": -539255.0,
        "Research And Development": 1593741.0,
        "Selling General And Administration": 14101308.0,
        "Selling And Marketing Expense": 4575460.0,
        "General And Administrative Expense": 9525848.0,
        "Other Gand A": 9525848.0,
        "Gross Profit": 8687200.0,
        "Cost Of Revenue": 19670384.0,
        "Total Revenue": 28357584.0,
        "Operating Revenue": 28357584.0
    },
    "2024-06-30": {
        "Tax Effect Of Unusual Items": 110276.827372,
        "Tax Rate For Calcs": 0.161223,
        "Normalized EBITDA": 1757000.0,
        "Total Unusual Items": 684000.0,
        "Total Unusual Items Excluding Goodwill": 684000.0,
        "Net Income From Continuing Operation Net Minority Interest": 1673000.0,
        "Reconciled Cost Of Revenue": 27307000.0,
        "EBITDA": 2441000.0,
        "EBIT": 2441000.0,
        "Net Interest Income": 1043000.0,
        "Interest Expense": 512000.0,
        "Interest Income": 1555000.0,
        "Normalized Income": 1099276.827372,
        "Net Income From Continuing And Discontinued Operation": 1673000.0,
        "Total Expenses": 39582000.0,
        "Total Operating Income As Reported": -1266000.0,
        "Diluted Average Shares": 86522152.0,
        "Basic Average Shares": 86325182.0,
        "Diluted EPS": 0.02,
        "Basic EPS": 0.02,
        "Diluted NI Availto Com Stockholders": 1673000.0,
        "Net Income Common Stockholders": 1673000.0,
        "Net Income": 1673000.0,
        "Minority Interests": 55000.0,
        "Net Income Including Noncontrolling Interests": 1618000.0,
        "Net Income Continuous Operations": 1618000.0,
        "Tax Provision": 311000.0,
        "Pretax Income": 1929000.0,
        "Other Income Expense": 1318000.0,
        "Other Non Operating Income Expenses": 634000.0,
        "Special Income Charges": 684000.0,
        "Impairment Of Capital Assets": 0.0,
        "Restructuring And Mergern Acquisition": -684000.0,
        "Net Non Operating Interest Income Expense": 1043000.0,
        "Interest Expense Non Operating": 512000.0,
        "Interest Income Non Operating": 1555000.0,
        "Operating Income": -432000.0,
        "Operating Expense": 12275000.0,
        "Other Operating Expenses": -834000.0,
        "Research And Development": 783000.0,
        "Selling General And Administration": 12326000.0,
        "Selling And Marketing Expense": 3988000.0,
        "General And Administrative Expense": 8338000.0,
        "Other Gand A": 8338000.0,
        "Gross Profit": 11843000.0,
        "Cost Of Revenue": 27307000.0,
        "Total Revenue": 39150000.0,
        "Operating Revenue": 39150000.0
    },
    "2024-09-30": {
        "Tax Effect Of Unusual Items": 27250.0,
        "Tax Rate For Calcs": 0.25,
        "Normalized EBITDA": -3038000.0,
        "Total Unusual Items": 109000.0,
        "Total Unusual Items Excluding Goodwill": 109000.0,
        "Net Income From Continuing Operation Net Minority Interest": -4111000.0,
        "Reconciled Cost Of Revenue": 20571000.0,
        "EBITDA": -2929000.0,
        "EBIT": -2929000.0,
        "Net Interest Income": 2295000.0,
        "Interest Expense": 653000.0,
        "Interest Income": 2948000.0,
        "Normalized Income": -4192750.0,
        "Net Income From Continuing And Discontinued Operation": -4111000.0,
        "Total Expenses": 36580000.0,
        "Total Operating Income As Reported": -6730000.0,
        "Diluted Average Shares": 86068123.0,
        "Basic Average Shares": 86068123.0,
        "Diluted EPS": -0.05,
        "Basic EPS": -0.05,
        "Diluted NI Availto Com Stockholders": -4111000.0,
        "Net Income Common Stockholders": -4111000.0,
        "Net Income": -4111000.0,
        "Minority Interests": 64000.0,
        "Net Income Including Noncontrolling Interests": -4175000.0,
        "Net Income Continuous Operations": -4175000.0,
        "Tax Provision": 593000.0,
        "Pretax Income": -3582000.0,
        "Other Income Expense": 758000.0,
        "Other Non Operating Income Expenses": 649000.0,
        "Special Income Charges": 109000.0,
        "Impairment Of Capital Assets": 0.0,
        "Restructuring And Mergern Acquisition": -109000.0,
        "Net Non Operating Interest Income Expense": 2295000.0,
        "Interest Expense Non Operating": 653000.0,
        "Interest Income Non Operating": 2948000.0,
        "Operating Income": -6635000.0,
        "Operating Expense": 16009000.0,
        "Other Operating Expenses": -95000.0,
        "Research And Development": 2283000.0,
        "Selling General And Administration": 13821000.0,
        "Selling And Marketing Expense": 3071000.0,
        "General And Administrative Expense": 10750000.0,
        "Other Gand A": 10750000.0,
        "Gross Profit": 9374000.0,
        "Cost Of Revenue": 20571000.0,
        "Total Revenue": 29945000.0,
        "Operating Revenue": 29945000.0
    },
    "2024-12-31": {
        "Tax Effect Of Unusual Items": -2508055.031159,
        "Tax Rate For Calcs": 0.111532,
        "Normalized EBITDA": -32258893.0,
        "Total Unusual Items": -22487226.0,
        "Total Unusual Items Excluding Goodwill": -22487226.0,
        "Net Income From Continuing Operation Net Minority Interest": -48699663.0,
        "Reconciled Cost Of Revenue": 26870242.0,
        "EBITDA": -54746119.0,
        "EBIT": -54746119.0,
        "Net Interest Income": 2887586.0,
        "Interest Expense": 577618.0,
        "Interest Income": 3465204.0,
        "Normalized Income": -28720492.031159,
        "Net Income From Continuing And Discontinued Operation": -48699663.0,
        "Total Expenses": 70887676.0,
        "Total Operating Income As Reported": -57697921.0,
        "Diluted Average Shares": NaN,
        "Basic Average Shares": NaN,
        "Diluted EPS": NaN,
        "Basic EPS": NaN,
        "Diluted NI Availto Com Stockholders": -48699663.0,
        "Net Income Common Stockholders": -48699663.0,
        "Net Income": -48699663.0,
        "Minority Interests": 453683.0,
        "Net Income Including Noncontrolling Interests": -49153346.0,
        "Net Income Continuous Operations": -49153346.0,
        "Tax Provision": -6170391.0,
        "Pretax Income": -55323737.0,
        "Other Income Expense": -25123260.0,
        "Other Non Operating Income Expenses": -2636034.0,
        "Special Income Charges": -22487226.0,
        "Impairment Of Capital Assets": 24135226.0,
        "Restructuring And Mergern Acquisition": -1648000.0,
        "Net Non Operating Interest Income Expense": 2887586.0,
        "Interest Expense Non Operating": 577618.0,
        "Interest Income Non Operating": 3465204.0,
        "Operating Income": -33088063.0,
        "Operating Expense": 44017434.0,
        "Other Operating Expenses": -474632.0,
        "Research And Development": 1026940.0,
        "Selling General And Administration": 43465126.0,
        "Selling And Marketing Expense": 11143864.0,
        "General And Administrative Expense": 32321262.0,
        "Other Gand A": 32321262.0,
        "Gross Profit": 10929371.0,
        "Cost Of Revenue": 26870242.0,
        "Total Revenue": 37799613.0,
        "Operating Revenue": 37799613.0
    }
}