{
    "2023-03-31": {
        "Tax Effect Of Unusual Items": 0.0,
        "Tax Rate For Calcs": 0.223775,
        "Normalized EBITDA": -14108000.0,
        "Net Income From Continuing Operation Net Minority Interest": -41320000.0,
        "Reconciled Depreciation": 29629000.0,
        "Reconciled Cost Of Revenue": 303805000.0,
        "EBITDA": -14108000.0,
        "EBIT": -43737000.0,
        "Net Interest Income": -9495000.0,
        "Interest Expense": 9495000.0,
        "Normalized Income": -41320000.0,
        "Net Income From Continuing And Discontinued Operation": -41320000.0,
        "Total Expenses": 352463000.0,
        "Total Operating Income As Reported": -44563000.0,
        "Diluted Average Shares": 56566215.0,
        "Basic Average Shares": 56566215.0,
        "Diluted EPS": -0.730471,
        "Basic EPS": -0.730471,
        "Diluted NI Availto Com Stockholders": -41320000.0,
        "Net Income Common Stockholders": -41320000.0,
        "Net Income": -41320000.0,
        "Net Income Including Noncontrolling Interests": -41320000.0,
        "Net Income Continuous Operations": -41320000.0,
        "Tax Provision": -11912000.0,
        "Pretax Income": -53232000.0,
        "Other Income Expense": 826000.0,
        "Other Non Operating Income Expenses": 826000.0,
        "Net Non Operating Interest Income Expense": -9495000.0,
        "Interest Expense Non Operating": 9495000.0,
        "Operating Income": -44563000.0,
        "Operating Expense": 48658000.0,
        "Selling General And Administration": 48658000.0,
        "Gross Profit": 4095000.0,
        "Cost Of Revenue": 303805000.0,
        "Total Revenue": 307900000.0,
        "Operating Revenue": 307900000.0
    },
    "2022-12-31": {
        "Tax Effect Of Unusual Items": 0.0,
        "Tax Rate For Calcs": 0.203037,
        "Normalized EBITDA": 37064000.0,
        "Net Income From Continuing Operation Net Minority Interest": -25294000.0,
        "Reconciled Depreciation": 29247000.0,
        "Reconciled Cost Of Revenue": 479190000.0,
        "EBITDA": 37064000.0,
        "EBIT": 7817000.0,
        "Net Interest Income": -39555000.0,
        "Interest Expense": 39555000.0,
        "Normalized Income": -25294000.0,
        "Net Income From Continuing And Discontinued Operation": -25294000.0,
        "Total Expenses": 531692000.0,
        "Total Operating Income As Reported": 5830000.0,
        "Diluted Average Shares": NaN,
        "Basic Average Shares": NaN,
        "Diluted EPS": NaN,
        "Basic EPS": NaN,
        "Diluted NI Availto Com Stockholders": -25294000.0,
        "Net Income Common Stockholders": -25294000.0,
        "Net Income": -25294000.0,
        "Net Income Including Noncontrolling Interests": -25294000.0,
        "Net Income Continuous Operations": -25294000.0,
        "Tax Provision": -6444000.0,
        "Pretax Income": -31738000.0,
        "Other Income Expense": 1987000.0,
        "Other Non Operating Income Expenses": 1987000.0,
        "Net Non Operating Interest Income Expense": -39555000.0,
        "Interest Expense Non Operating": 39555000.0,
        "Operating Income": 5830000.0,
        "Operating Expense": 52502000.0,
        "Selling General And Administration": 52502000.0,
        "Gross Profit": 58332000.0,
        "Cost Of Revenue": 479190000.0,
        "Total Revenue": 537522000.0,
        "Operating Revenue": 537522000.0
    },
    "2022-03-31": {
        "Diluted EPS": -500.13,
        "Total Revenue": 310,
        "Gross Profit": 1,
        "Operating Income": -45,
        "EBIT": -16,
        "Net Income": -40
    },
    "2021-12-31": {
        "Diluted EPS": 0.0,
        "Total Revenue": NaN,
        "Gross Profit": NaN,
        "Operating Income": NaN,
        "EBIT": NaN,
        "Net Income": NaN
    },
    "2020-12-31": {
        "Diluted EPS": 0.0,
        "Total Revenue": NaN,
        "Gross Profit": NaN,
        "Operating Income": NaN,
        "EBIT": NaN,
        "Net Income": NaN
    },
    "2023-06-30": {
        "Tax Effect Of Unusual Items": 0.0,
        "Tax Rate For Calcs": 0.260478,
        "Normalized EBITDA": 127142000.0,
        "Net Income From Continuing Operation Net Minority Interest": 56836000.0,
        "Reconciled Depreciation": 31131000.0,
        "Reconciled Cost Of Revenue": 632206000.0,
        "EBITDA": 127142000.0,
        "EBIT": 96011000.0,
        "Net Interest Income": -19156000.0,
        "Interest Expense": 19156000.0,
        "Normalized Income": 56836000.0,
        "Net Income From Continuing And Discontinued Operation": 56836000.0,
        "Total Expenses": 691656000.0,
        "Total Operating Income As Reported": 93533000.0,
        "Diluted Average Shares": 56600000.0,
        "Basic Average Shares": 56600000.0,
        "Diluted EPS": 1.0,
        "Basic EPS": 1.0,
        "Diluted NI Availto Com Stockholders": 56836000.0,
        "Net Income Common Stockholders": 56836000.0,
        "Net Income": 56836000.0,
        "Net Income Including Noncontrolling Interests": 56836000.0,
        "Net Income Continuous Operations": 56836000.0,
        "Tax Provision": 20019000.0,
        "Pretax Income": 76855000.0,
        "Other Income Expense": 2478000.0,
        "Other Non Operating Income Expenses": 2478000.0,
        "Net Non Operating Interest Income Expense": -19156000.0,
        "Interest Expense Non Operating": 19156000.0,
        "Operating Income": 93533000.0,
        "Operating Expense": 59450000.0,
        "Selling General And Administration": 59450000.0,
        "Gross Profit": 152983000.0,
        "Cost Of Revenue": 632206000.0,
        "Total Revenue": 785189000.0,
        "Operating Revenue": 785189000.0
    },
    "2022-06-30": {
        "Tax Effect Of Unusual Items": 0.0,
        "Tax Rate For Calcs": 0.230944,
        "Normalized EBITDA": 87317000.0,
        "Net Income From Continuing Operation Net Minority Interest": 38562000.0,
        "Reconciled Depreciation": 29751000.0,
        "Reconciled Cost Of Revenue": 608472000.0,
        "EBITDA": 87317000.0,
        "EBIT": 57566000.0,
        "Net Interest Income": -7424000.0,
        "Interest Expense": 7424000.0,
        "Normalized Income": 38562000.0,
        "Net Income From Continuing And Discontinued Operation": 38562000.0,
        "Total Expenses": 651405000.0,
        "Total Operating Income As Reported": 60408000.0,
        "Diluted Average Shares": 56566000.0,
        "Basic Average Shares": 56566000.0,
        "Diluted EPS": 0.68,
        "Basic EPS": 0.68,
        "Diluted NI Availto Com Stockholders": 38562000.0,
        "Net Income Common Stockholders": 38562000.0,
        "Net Income": 38562000.0,
        "Net Income Including Noncontrolling Interests": 38562000.0,
        "Net Income Continuous Operations": 38562000.0,
        "Tax Provision": 11580000.0,
        "Pretax Income": 50142000.0,
        "Other Income Expense": -2842000.0,
        "Other Non Operating Income Expenses": -2842000.0,
        "Net Non Operating Interest Income Expense": -7424000.0,
        "Interest Expense Non Operating": 7424000.0,
        "Operating Income": 60408000.0,
        "Operating Expense": 42933000.0,
        "Selling General And Administration": 42933000.0,
        "Gross Profit": 103341000.0,
        "Cost Of Revenue": 608472000.0,
        "Total Revenue": 711813000.0,
        "Operating Revenue": 711813000.0
    },
    "2023-09-30": {
        "Tax Effect Of Unusual Items": NaN,
        "Tax Rate For Calcs": NaN,
        "Normalized EBITDA": NaN,
        "Net Income From Continuing Operation Net Minority Interest": NaN,
        "Reconciled Depreciation": NaN,
        "Reconciled Cost Of Revenue": NaN,
        "EBITDA": NaN,
        "EBIT": NaN,
        "Net Interest Income": NaN,
        "Interest Expense": NaN,
        "Normalized Income": NaN,
        "Net Income From Continuing And Discontinued Operation": NaN,
        "Total Expenses": NaN,
        "Total Operating Income As Reported": NaN,
        "Diluted Average Shares": 56735000.0,
        "Basic Average Shares": 56566000.0,
        "Diluted EPS": 2.58,
        "Basic EPS": 2.59,
        "Diluted NI Availto Com Stockholders": NaN,
        "Net Income Common Stockholders": NaN,
        "Net Income": NaN,
        "Net Income Including Noncontrolling Interests": NaN,
        "Net Income Continuous Operations": NaN,
        "Tax Provision": NaN,
        "Pretax Income": NaN,
        "Other Income Expense": NaN,
        "Other Non Operating Income Expenses": NaN,
        "Net Non Operating Interest Income Expense": NaN,
        "Interest Expense Non Operating": NaN,
        "Operating Income": NaN,
        "Operating Expense": NaN,
        "Selling General And Administration": NaN,
        "Gross Profit": NaN,
        "Cost Of Revenue": NaN,
        "Total Revenue": NaN,
        "Operating Revenue": NaN
    },
    "2022-09-30": {
        "Tax Effect Of Unusual Items": 0.0,
        "Tax Rate For Calcs": 0.249689,
        "Normalized EBITDA": 172088000.0,
        "Net Income From Continuing Operation Net Minority Interest": 99657000.0,
        "Reconciled Depreciation": 30450000.0,
        "Reconciled Cost Of Revenue": 790941000.0,
        "EBITDA": 172088000.0,
        "EBIT": 141638000.0,
        "Net Interest Income": -8817000.0,
        "Interest Expense": 8817000.0,
        "Normalized Income": 99657000.0,
        "Net Income From Continuing And Discontinued Operation": 99657000.0,
        "Total Expenses": 832513000.0,
        "Total Operating Income As Reported": 142915000.0,
        "Diluted Average Shares": 56566000.0,
        "Basic Average Shares": 56566000.0,
        "Diluted EPS": 1.761783,
        "Basic EPS": 1.761783,
        "Diluted NI Availto Com Stockholders": 99657000.0,
        "Net Income Common Stockholders": 99657000.0,
        "Net Income": 99657000.0,
        "Net Income Including Noncontrolling Interests": 99657000.0,
        "Net Income Continuous Operations": 99657000.0,
        "Tax Provision": 33164000.0,
        "Pretax Income": 132821000.0,
        "Other Income Expense": -1277000.0,
        "Other Non Operating Income Expenses": -1277000.0,
        "Net Non Operating Interest Income Expense": -8817000.0,
        "Interest Expense Non Operating": 8817000.0,
        "Operating Income": 142915000.0,
        "Operating Expense": 41572000.0,
        "Selling General And Administration": 41572000.0,
        "Gross Profit": 184487000.0,
        "Cost Of Revenue": 790941000.0,
        "Total Revenue": 975428000.0,
        "Operating Revenue": 975428000.0
    },
    "2023-12-31": {
        "Tax Effect Of Unusual Items": 0.0,
        "Tax Rate For Calcs": 0.227863,
        "Normalized EBITDA": 72195000.0,
        "Net Income From Continuing Operation Net Minority Interest": 20701000.0,
        "Reconciled Depreciation": 31294000.0,
        "Reconciled Cost Of Revenue": 534421000.0,
        "EBITDA": 72195000.0,
        "EBIT": 40901000.0,
        "Net Interest Income": -14091000.0,
        "Interest Expense": 14091000.0,
        "Normalized Income": 20701000.0,
        "Net Income From Continuing And Discontinued Operation": 20701000.0,
        "Total Expenses": 609683000.0,
        "Total Operating Income As Reported": 37205000.0,
        "Diluted Average Shares": 56800000.0,
        "Basic Average Shares": 56600000.0,
        "Diluted EPS": 0.36,
        "Basic EPS": 0.37,
        "Diluted NI Availto Com Stockholders": 20701000.0,
        "Net Income Common Stockholders": 20701000.0,
        "Net Income": 20701000.0,
        "Net Income Including Noncontrolling Interests": 20701000.0,
        "Net Income Continuous Operations": 20701000.0,
        "Tax Provision": 6109000.0,
        "Pretax Income": 26810000.0,
        "Other Income Expense": 3696000.0,
        "Other Non Operating Income Expenses": 3696000.0,
        "Net Non Operating Interest Income Expense": -14091000.0,
        "Interest Expense Non Operating": 14091000.0,
        "Operating Income": 37205000.0,
        "Operating Expense": 75262000.0,
        "Selling General And Administration": 75262000.0,
        "Gross Profit": 112467000.0,
        "Cost Of Revenue": 534421000.0,
        "Total Revenue": 646888000.0,
        "Operating Revenue": 646888000.0
    },
    "2024-03-31": {
        "Tax Effect Of Unusual Items": 0.0,
        "Tax Rate For Calcs": 0.255273,
        "Normalized EBITDA": -17767000.0,
        "Net Income From Continuing Operation Net Minority Interest": -47629000.0,
        "Reconciled Depreciation": 32212000.0,
        "Reconciled Cost Of Revenue": 323096000.0,
        "EBITDA": -17767000.0,
        "EBIT": -49979000.0,
        "Net Interest Income": -13976000.0,
        "Interest Expense": 13976000.0,
        "Normalized Income": -47629000.0,
        "Net Income From Continuing And Discontinued Operation": -47629000.0,
        "Total Expenses": 383317000.0,
        "Total Operating Income As Reported": -53727000.0,
        "Diluted Average Shares": 56590000.0,
        "Basic Average Shares": 56590000.0,
        "Diluted EPS": -0.84,
        "Basic EPS": -0.84,
        "Diluted NI Availto Com Stockholders": -47629000.0,
        "Net Income Common Stockholders": -47629000.0,
        "Net Income": -47629000.0,
        "Net Income Including Noncontrolling Interests": -47629000.0,
        "Net Income Continuous Operations": -47629000.0,
        "Tax Provision": -16326000.0,
        "Pretax Income": -63955000.0,
        "Other Income Expense": 3748000.0,
        "Other Non Operating Income Expenses": 3748000.0,
        "Net Non Operating Interest Income Expense": -13976000.0,
        "Interest Expense Non Operating": 13976000.0,
        "Operating Income": -53727000.0,
        "Operating Expense": 60221000.0,
        "Selling General And Administration": 60221000.0,
        "Gross Profit": 6494000.0,
        "Cost Of Revenue": 323096000.0,
        "Total Revenue": 329590000.0,
        "Operating Revenue": 329590000.0
    },
    "2024-06-30": {
        "Tax Effect Of Unusual Items": 0.0,
        "Tax Rate For Calcs": 0.251503,
        "Normalized EBITDA": 152562000.0,
        "Net Income From Continuing Operation Net Minority Interest": 77929000.0,
        "Reconciled Depreciation": 34512000.0,
        "Reconciled Cost Of Revenue": 630686000.0,
        "EBITDA": 152562000.0,
        "EBIT": 118050000.0,
        "Net Interest Income": -13936000.0,
        "Interest Expense": 13936000.0,
        "Normalized Income": 77929000.0,
        "Net Income From Continuing And Discontinued Operation": 77929000.0,
        "Total Expenses": 690160000.0,
        "Total Operating Income As Reported": 116746000.0,
        "Diluted Average Shares": 56811000.0,
        "Basic Average Shares": 56611000.0,
        "Diluted EPS": 1.37,
        "Basic EPS": 1.38,
        "Diluted NI Availto Com Stockholders": 77929000.0,
        "Net Income Common Stockholders": 77929000.0,
        "Net Income": 77929000.0,
        "Net Income Including Noncontrolling Interests": 77929000.0,
        "Net Income Continuous Operations": 77929000.0,
        "Tax Provision": 26185000.0,
        "Pretax Income": 104114000.0,
        "Other Income Expense": 1304000.0,
        "Other Non Operating Income Expenses": 1304000.0,
        "Net Non Operating Interest Income Expense": -13936000.0,
        "Interest Expense Non Operating": 13936000.0,
        "Operating Income": 116746000.0,
        "Operating Expense": 59474000.0,
        "Selling General And Administration": 59474000.0,
        "Gross Profit": 176220000.0,
        "Cost Of Revenue": 630686000.0,
        "Total Revenue": 806906000.0,
        "Operating Revenue": 806906000.0
    },
    "2024-09-30": {
        "Tax Effect Of Unusual Items": 0.0,
        "Tax Rate For Calcs": 0.250819,
        "Normalized EBITDA": 246419000.0,
        "Net Income From Continuing Operation Net Minority Interest": 148104000.0,
        "Reconciled Depreciation": 34795000.0,
        "Reconciled Cost Of Revenue": 832282000.0,
        "EBITDA": 246419000.0,
        "EBIT": 211624000.0,
        "Net Interest Income": -13936000.0,
        "Interest Expense": 13936000.0,
        "Normalized Income": 148104000.0,
        "Net Income From Continuing And Discontinued Operation": 148104000.0,
        "Total Expenses": 896156000.0,
        "Total Operating Income As Reported": 209137000.0,
        "Diluted Average Shares": 56871000.0,
        "Basic Average Shares": 56613000.0,
        "Diluted EPS": 2.6,
        "Basic EPS": 2.62,
        "Diluted NI Availto Com Stockholders": 148104000.0,
        "Net Income Common Stockholders": 148104000.0,
        "Net Income": 148104000.0,
        "Net Income Including Noncontrolling Interests": 148104000.0,
        "Net Income Continuous Operations": 148104000.0,
        "Tax Provision": 49584000.0,
        "Pretax Income": 197688000.0,
        "Other Income Expense": 2487000.0,
        "Other Non Operating Income Expenses": 2487000.0,
        "Net Non Operating Interest Income Expense": -13936000.0,
        "Interest Expense Non Operating": 13936000.0,
        "Operating Income": 209137000.0,
        "Operating Expense": 63874000.0,
        "Selling General And Administration": 63874000.0,
        "Gross Profit": 273011000.0,
        "Cost Of Revenue": 832282000.0,
        "Total Revenue": 1105293000.0,
        "Operating Revenue": 1105293000.0
    },
    "2024-12-31": {
        "Tax Effect Of Unusual Items": 0.0,
        "Tax Rate For Calcs": 0.297864,
        "Normalized EBITDA": 81892000.0,
        "Net Income From Continuing Operation Net Minority Interest": 23273000.0,
        "Reconciled Depreciation": 35352000.0,
        "Reconciled Cost Of Revenue": 543111000.0,
        "EBITDA": 81892000.0,
        "EBIT": 46540000.0,
        "Net Interest Income": -13394000.0,
        "Interest Expense": 13394000.0,
        "Normalized Income": 23273000.0,
        "Net Income From Continuing And Discontinued Operation": 23273000.0,
        "Total Expenses": 613177000.0,
        "Total Operating Income As Reported": 44039000.0,
        "Diluted Average Shares": NaN,
        "Basic Average Shares": NaN,
        "Diluted EPS": NaN,
        "Basic EPS": NaN,
        "Diluted NI Availto Com Stockholders": 23273000.0,
        "Net Income Common Stockholders": 23273000.0,
        "Net Income": 23273000.0,
        "Net Income Including Noncontrolling Interests": 23273000.0,
        "Net Income Continuous Operations": 23273000.0,
        "Tax Provision": 9873000.0,
        "Pretax Income": 33146000.0,
        "Other Income Expense": 2501000.0,
        "Other Non Operating Income Expenses": 2501000.0,
        "Net Non Operating Interest Income Expense": -13394000.0,
        "Interest Expense Non Operating": 13394000.0,
        "Operating Income": 44039000.0,
        "Operating Expense": 70066000.0,
        "Selling General And Administration": 70066000.0,
        "Gross Profit": 114105000.0,
        "Cost Of Revenue": 543111000.0,
        "Total Revenue": 657216000.0,
        "Operating Revenue": 657216000.0
    }
}