{
    "2023-06-30": {
        "Tax Effect Of Unusual Items": 0.0,
        "Tax Rate For Calcs": 0.21,
        "Normalized EBITDA": -2552000.0,
        "Net Income From Continuing Operation Net Minority Interest": 14972000.0,
        "Reconciled Depreciation": 602000.0,
        "Reconciled Cost Of Revenue": 21685000.0,
        "EBITDA": -2552000.0,
        "EBIT": -3154000.0,
        "Normalized Income": 14972000.0,
        "Net Income From Continuing And Discontinued Operation": 14972000.0,
        "Total Expenses": 74627000.0,
        "Total Operating Income As Reported": -3154000.0,
        "Diluted Average Shares": 71634729.0,
        "Basic Average Shares": 69918287.0,
        "Diluted EPS": 0.21,
        "Basic EPS": 0.21,
        "Diluted NI Availto Com Stockholders": 14972000.0,
        "Net Income Common Stockholders": 14972000.0,
        "Net Income": 14972000.0,
        "Net Income Including Noncontrolling Interests": 14972000.0,
        "Net Income Continuous Operations": 14972000.0,
        "Tax Provision": -16211000.0,
        "Pretax Income": -1239000.0,
        "Other Income Expense": 1915000.0,
        "Other Non Operating Income Expenses": 1915000.0,
        "Operating Income": -3154000.0,
        "Operating Expense": 52942000.0,
        "Research And Development": 23767000.0,
        "Selling General And Administration": 29175000.0,
        "Gross Profit": 49788000.0,
        "Cost Of Revenue": 21685000.0,
        "Total Revenue": 71473000.0,
        "Operating Revenue": 71473000.0
    },
    "2023-03-31": {
        "Tax Effect Of Unusual Items": 0.0,
        "Tax Rate For Calcs": 0.21,
        "Normalized EBITDA": -10600000.0,
        "Net Income From Continuing Operation Net Minority Interest": -12270000.0,
        "Reconciled Depreciation": 596000.0,
        "Reconciled Cost Of Revenue": 15324000.0,
        "EBITDA": -10600000.0,
        "EBIT": -11196000.0,
        "Net Interest Income": NaN,
        "Interest Income": NaN,
        "Normalized Income": -12270000.0,
        "Net Income From Continuing And Discontinued Operation": -12270000.0,
        "Total Expenses": 59541000.0,
        "Total Operating Income As Reported": -11196000.0,
        "Diluted Average Shares": 69751697.0,
        "Basic Average Shares": 69751697.0,
        "Diluted EPS": -0.18,
        "Basic EPS": -0.18,
        "Diluted NI Availto Com Stockholders": -12270000.0,
        "Net Income Common Stockholders": -12270000.0,
        "Net Income": -12270000.0,
        "Net Income Including Noncontrolling Interests": -12270000.0,
        "Net Income Continuous Operations": -12270000.0,
        "Tax Provision": 2906000.0,
        "Pretax Income": -9364000.0,
        "Other Income Expense": 1832000.0,
        "Other Non Operating Income Expenses": 1832000.0,
        "Net Non Operating Interest Income Expense": NaN,
        "Interest Income Non Operating": NaN,
        "Operating Income": -11196000.0,
        "Operating Expense": 44217000.0,
        "Research And Development": 15172000.0,
        "Selling General And Administration": 29045000.0,
        "Gross Profit": 33021000.0,
        "Cost Of Revenue": 15324000.0,
        "Total Revenue": 48345000.0,
        "Operating Revenue": 48345000.0
    },
    "2022-12-31": {
        "Tax Effect Of Unusual Items": NaN,
        "Tax Rate For Calcs": NaN,
        "Normalized EBITDA": NaN,
        "Net Income From Continuing Operation Net Minority Interest": NaN,
        "Reconciled Depreciation": NaN,
        "Reconciled Cost Of Revenue": NaN,
        "EBITDA": NaN,
        "EBIT": NaN,
        "Net Interest Income": 794000.0,
        "Interest Income": 794000.0,
        "Normalized Income": NaN,
        "Net Income From Continuing And Discontinued Operation": NaN,
        "Total Expenses": NaN,
        "Total Operating Income As Reported": NaN,
        "Diluted Average Shares": NaN,
        "Basic Average Shares": NaN,
        "Diluted EPS": NaN,
        "Basic EPS": NaN,
        "Diluted NI Availto Com Stockholders": NaN,
        "Net Income Common Stockholders": NaN,
        "Net Income": NaN,
        "Net Income Including Noncontrolling Interests": NaN,
        "Net Income Continuous Operations": NaN,
        "Tax Provision": NaN,
        "Pretax Income": NaN,
        "Other Income Expense": NaN,
        "Other Non Operating Income Expenses": NaN,
        "Net Non Operating Interest Income Expense": 794000.0,
        "Interest Income Non Operating": 794000.0,
        "Operating Income": NaN,
        "Operating Expense": NaN,
        "Research And Development": NaN,
        "Selling General And Administration": NaN,
        "Gross Profit": NaN,
        "Cost Of Revenue": NaN,
        "Total Revenue": NaN,
        "Operating Revenue": NaN
    },
    "2022-09-30": {
        "Tax Effect Of Unusual Items": NaN,
        "Tax Rate For Calcs": NaN,
        "Normalized EBITDA": NaN,
        "Net Income From Continuing Operation Net Minority Interest": NaN,
        "Reconciled Depreciation": NaN,
        "Reconciled Cost Of Revenue": NaN,
        "EBITDA": NaN,
        "EBIT": NaN,
        "Net Interest Income": 322000.0,
        "Interest Income": 322000.0,
        "Normalized Income": NaN,
        "Net Income From Continuing And Discontinued Operation": NaN,
        "Total Expenses": NaN,
        "Total Operating Income As Reported": NaN,
        "Diluted Average Shares": NaN,
        "Basic Average Shares": NaN,
        "Diluted EPS": NaN,
        "Basic EPS": NaN,
        "Diluted NI Availto Com Stockholders": NaN,
        "Net Income Common Stockholders": NaN,
        "Net Income": NaN,
        "Net Income Including Noncontrolling Interests": NaN,
        "Net Income Continuous Operations": NaN,
        "Tax Provision": NaN,
        "Pretax Income": NaN,
        "Other Income Expense": NaN,
        "Other Non Operating Income Expenses": NaN,
        "Net Non Operating Interest Income Expense": 322000.0,
        "Interest Income Non Operating": 322000.0,
        "Operating Income": NaN,
        "Operating Expense": NaN,
        "Research And Development": NaN,
        "Selling General And Administration": NaN,
        "Gross Profit": NaN,
        "Cost Of Revenue": NaN,
        "Total Revenue": NaN,
        "Operating Revenue": NaN
    },
    "2022-06-30": {
        "Tax Effect Of Unusual Items": 0.0,
        "Tax Rate For Calcs": 0.4,
        "Normalized EBITDA": -19368000.0,
        "Net Income From Continuing Operation Net Minority Interest": -19981000.0,
        "Reconciled Depreciation": 651000.0,
        "Reconciled Cost Of Revenue": 5029000.0,
        "EBITDA": -19368000.0,
        "EBIT": -19368000.0,
        "Net Interest Income": 103000.0,
        "Interest Income": 103000.0,
        "Normalized Income": -19981000.0,
        "Net Income From Continuing And Discontinued Operation": -19981000.0,
        "Total Expenses": 46340000.0,
        "Total Operating Income As Reported": -19368000.0,
        "Diluted Average Shares": 69289972.0,
        "Basic Average Shares": 69289972.0,
        "Diluted EPS": -0.29,
        "Basic EPS": -0.29,
        "Diluted NI Availto Com Stockholders": -19981000.0,
        "Net Income Common Stockholders": -19981000.0,
        "Net Income": -19981000.0,
        "Net Income Including Noncontrolling Interests": -19981000.0,
        "Net Income Continuous Operations": -19981000.0,
        "Tax Provision": 716000.0,
        "Pretax Income": -19265000.0,
        "Other Income Expense": NaN,
        "Other Non Operating Income Expenses": NaN,
        "Net Non Operating Interest Income Expense": 103000.0,
        "Interest Income Non Operating": 103000.0,
        "Operating Income": -19368000.0,
        "Operating Expense": 41311000.0,
        "Other Operating Expenses": 3672000.0,
        "Research And Development": 13798000.0,
        "Selling General And Administration": 23841000.0,
        "Gross Profit": 21943000.0,
        "Cost Of Revenue": 5029000.0,
        "Total Revenue": 26972000.0,
        "Operating Revenue": 26972000.0
    },
    "2022-03-31": {
        "Diluted EPS": -0.36,
        "Total Revenue": 32,
        "Gross Profit": 28,
        "Operating Income": -23,
        "EBIT": -23,
        "Net Income": -25
    },
    "2021-12-31": {
        "Diluted EPS": -0.53,
        "Total Revenue": 19,
        "Gross Profit": 15,
        "Operating Income": -36,
        "EBIT": -35,
        "Net Income": -36
    },
    "2021-09-30": {
        "Diluted EPS": -0.44,
        "Total Revenue": 12,
        "Gross Profit": 9,
        "Operating Income": -31,
        "EBIT": -30,
        "Net Income": -31
    },
    "2021-06-30": {
        "Diluted EPS": -0.61,
        "Total Revenue": 8,
        "Gross Profit": 5,
        "Operating Income": -41,
        "EBIT": -40,
        "Net Income": -42
    },
    "2021-03-31": {
        "Diluted EPS": -0.72,
        "Total Revenue": NaN,
        "Gross Profit": NaN,
        "Operating Income": -49,
        "EBIT": -49,
        "Net Income": -49
    },
    "2020-12-31": {
        "Diluted EPS": -0.82,
        "Total Revenue": NaN,
        "Gross Profit": NaN,
        "Operating Income": -53,
        "EBIT": -52,
        "Net Income": -54
    },
    "2020-09-30": {
        "Diluted EPS": -0.66,
        "Total Revenue": NaN,
        "Gross Profit": NaN,
        "Operating Income": -43,
        "EBIT": -43,
        "Net Income": -44
    },
    "2020-06-30": {
        "Diluted EPS": -0.65,
        "Total Revenue": NaN,
        "Gross Profit": NaN,
        "Operating Income": -32,
        "EBIT": -31,
        "Net Income": -37
    },
    "2020-03-31": {
        "Diluted EPS": -0.48,
        "Total Revenue": NaN,
        "Gross Profit": NaN,
        "Operating Income": -29,
        "EBIT": -29,
        "Net Income": -26
    },
    "2019-12-31": {
        "Diluted EPS": -0.55,
        "Total Revenue": NaN,
        "Gross Profit": NaN,
        "Operating Income": -33,
        "EBIT": -32,
        "Net Income": -32
    },
    "2019-09-30": {
        "Diluted EPS": -0.49,
        "Total Revenue": NaN,
        "Gross Profit": NaN,
        "Operating Income": -30,
        "EBIT": -30,
        "Net Income": -27
    },
    "2019-06-30": {
        "Diluted EPS": -0.68,
        "Total Revenue": NaN,
        "Gross Profit": NaN,
        "Operating Income": -39,
        "EBIT": -39,
        "Net Income": -37
    },
    "2019-03-31": {
        "Diluted EPS": -1.27,
        "Total Revenue": NaN,
        "Gross Profit": NaN,
        "Operating Income": -68,
        "EBIT": -67,
        "Net Income": -66
    },
    "2018-12-31": {
        "Diluted EPS": 4.58,
        "Total Revenue": NaN,
        "Gross Profit": NaN,
        "Operating Income": -44,
        "EBIT": -44,
        "Net Income": -43
    },
    "2018-09-30": {
        "Diluted EPS": -0.51,
        "Total Revenue": NaN,
        "Gross Profit": NaN,
        "Operating Income": -26,
        "EBIT": -26,
        "Net Income": -24
    },
    "2018-06-30": {
        "Diluted EPS": -1.11,
        "Total Revenue": NaN,
        "Gross Profit": NaN,
        "Operating Income": -22,
        "EBIT": -22,
        "Net Income": -20
    },
    "2018-03-31": {
        "Diluted EPS": -6.45,
        "Total Revenue": NaN,
        "Gross Profit": NaN,
        "Operating Income": -16,
        "EBIT": -16,
        "Net Income": -16
    },
    "2017-12-31": {
        "Diluted EPS": 0.0,
        "Total Revenue": NaN,
        "Gross Profit": NaN,
        "Operating Income": NaN,
        "EBIT": NaN,
        "Net Income": NaN
    },
    "2017-09-30": {
        "Diluted EPS": -8.25,
        "Total Revenue": NaN,
        "Gross Profit": NaN,
        "Operating Income": -16,
        "EBIT": -16,
        "Net Income": -16
    },
    "2017-06-30": {
        "Diluted EPS": -6.69,
        "Total Revenue": NaN,
        "Gross Profit": NaN,
        "Operating Income": -11,
        "EBIT": -11,
        "Net Income": -11
    },
    "2016-12-31": {
        "Diluted EPS": 0.0,
        "Total Revenue": NaN,
        "Gross Profit": NaN,
        "Operating Income": NaN,
        "EBIT": NaN,
        "Net Income": NaN
    },
    "2023-09-30": {
        "Tax Effect Of Unusual Items": NaN,
        "Tax Rate For Calcs": NaN,
        "Normalized EBITDA": NaN,
        "Net Income From Continuing Operation Net Minority Interest": NaN,
        "Reconciled Depreciation": NaN,
        "Reconciled Cost Of Revenue": NaN,
        "EBITDA": NaN,
        "EBIT": NaN,
        "Normalized Income": NaN,
        "Net Income From Continuing And Discontinued Operation": NaN,
        "Total Expenses": NaN,
        "Total Operating Income As Reported": NaN,
        "Diluted Average Shares": 70186016.0,
        "Basic Average Shares": 70186016.0,
        "Diluted EPS": -0.2,
        "Basic EPS": -0.2,
        "Diluted NI Availto Com Stockholders": NaN,
        "Net Income Common Stockholders": NaN,
        "Net Income": NaN,
        "Net Income Including Noncontrolling Interests": NaN,
        "Net Income Continuous Operations": NaN,
        "Tax Provision": NaN,
        "Pretax Income": NaN,
        "Other Income Expense": NaN,
        "Other Non Operating Income Expenses": NaN,
        "Operating Income": NaN,
        "Operating Expense": NaN,
        "Research And Development": NaN,
        "Selling General And Administration": NaN,
        "Gross Profit": NaN,
        "Cost Of Revenue": NaN,
        "Total Revenue": NaN,
        "Operating Revenue": NaN
    },
    "2023-12-31": {
        "Tax Effect Of Unusual Items": 0.0,
        "Tax Rate For Calcs": 0.21,
        "Normalized EBITDA": 621000.0,
        "Net Income From Continuing Operation Net Minority Interest": 25237000.0,
        "Reconciled Depreciation": 540000.0,
        "Reconciled Cost Of Revenue": -30001000.0,
        "EBITDA": 621000.0,
        "EBIT": 81000.0,
        "Normalized Income": 25237000.0,
        "Net Income From Continuing And Discontinued Operation": 25237000.0,
        "Total Expenses": 83314000.0,
        "Total Operating Income As Reported": 81000.0,
        "Diluted Average Shares": 72660171.0,
        "Basic Average Shares": 70371601.0,
        "Diluted EPS": 0.35,
        "Basic EPS": 0.36,
        "Diluted NI Availto Com Stockholders": 25237000.0,
        "Net Income Common Stockholders": 25237000.0,
        "Net Income": 25237000.0,
        "Net Income Including Noncontrolling Interests": 25237000.0,
        "Net Income Continuous Operations": 25237000.0,
        "Tax Provision": -22787000.0,
        "Pretax Income": 2450000.0,
        "Other Income Expense": 2369000.0,
        "Other Non Operating Income Expenses": 2369000.0,
        "Operating Income": 81000.0,
        "Operating Expense": 113315000.0,
        "Research And Development": 20052000.0,
        "Selling General And Administration": 36739000.0,
        "Gross Profit": 113396000.0,
        "Cost Of Revenue": -30001000.0,
        "Total Revenue": 83395000.0,
        "Operating Revenue": 83395000.0
    },
    "2024-03-31": {
        "Tax Effect Of Unusual Items": 0.0,
        "Tax Rate For Calcs": 0.21,
        "Normalized EBITDA": -16076000.0,
        "Net Income From Continuing Operation Net Minority Interest": -17704000.0,
        "Reconciled Depreciation": 466000.0,
        "Reconciled Cost Of Revenue": 31384000.0,
        "EBITDA": -16076000.0,
        "EBIT": -16542000.0,
        "Normalized Income": -17704000.0,
        "Net Income From Continuing And Discontinued Operation": -17704000.0,
        "Total Expenses": 96400000.0,
        "Total Operating Income As Reported": -16542000.0,
        "Diluted Average Shares": 70633023.0,
        "Basic Average Shares": 70633023.0,
        "Diluted EPS": -0.25,
        "Basic EPS": -0.25,
        "Diluted NI Availto Com Stockholders": -17704000.0,
        "Net Income Common Stockholders": -17704000.0,
        "Net Income": -17704000.0,
        "Net Income Including Noncontrolling Interests": -17704000.0,
        "Net Income Continuous Operations": -17704000.0,
        "Tax Provision": 3428000.0,
        "Pretax Income": -14276000.0,
        "Other Income Expense": 2266000.0,
        "Other Non Operating Income Expenses": 2266000.0,
        "Operating Income": -16542000.0,
        "Operating Expense": 65016000.0,
        "Research And Development": 26334000.0,
        "Selling General And Administration": 38682000.0,
        "Gross Profit": 48474000.0,
        "Cost Of Revenue": 31384000.0,
        "Total Revenue": 79858000.0,
        "Operating Revenue": 79858000.0
    },
    "2024-06-30": {
        "Tax Effect Of Unusual Items": 0.0,
        "Tax Rate For Calcs": 0.21,
        "Normalized EBITDA": 313000.0,
        "Net Income From Continuing Operation Net Minority Interest": -3908000.0,
        "Reconciled Depreciation": 430000.0,
        "Reconciled Cost Of Revenue": 42336000.0,
        "EBITDA": 313000.0,
        "EBIT": -117000.0,
        "Normalized Income": -3908000.0,
        "Net Income From Continuing And Discontinued Operation": -3908000.0,
        "Total Expenses": 108748000.0,
        "Total Operating Income As Reported": -117000.0,
        "Diluted Average Shares": 71004640.0,
        "Basic Average Shares": 71004640.0,
        "Diluted EPS": -0.06,
        "Basic EPS": -0.06,
        "Diluted NI Availto Com Stockholders": -3908000.0,
        "Net Income Common Stockholders": -3908000.0,
        "Net Income": -3908000.0,
        "Net Income Including Noncontrolling Interests": -3908000.0,
        "Net Income Continuous Operations": -3908000.0,
        "Tax Provision": 6212000.0,
        "Pretax Income": 2304000.0,
        "Other Income Expense": 2421000.0,
        "Other Non Operating Income Expenses": 2421000.0,
        "Operating Income": -117000.0,
        "Operating Expense": 66412000.0,
        "Research And Development": 24017000.0,
        "Selling General And Administration": 42395000.0,
        "Gross Profit": 66295000.0,
        "Cost Of Revenue": 42336000.0,
        "Total Revenue": 108631000.0,
        "Operating Revenue": 108631000.0
    },
    "2024-09-30": {
        "Tax Effect Of Unusual Items": 0.0,
        "Tax Rate For Calcs": 0.21,
        "Normalized EBITDA": -9259000.0,
        "Net Income From Continuing Operation Net Minority Interest": -12693000.0,
        "Reconciled Depreciation": 399000.0,
        "Reconciled Cost Of Revenue": 49416000.0,
        "EBITDA": -9259000.0,
        "EBIT": -9658000.0,
        "Normalized Income": -12693000.0,
        "Net Income From Continuing And Discontinued Operation": -12693000.0,
        "Total Expenses": 121872000.0,
        "Total Operating Income As Reported": -9658000.0,
        "Diluted Average Shares": 71726685.0,
        "Basic Average Shares": 71726685.0,
        "Diluted EPS": -0.18,
        "Basic EPS": -0.18,
        "Diluted NI Availto Com Stockholders": -12693000.0,
        "Net Income Common Stockholders": -12693000.0,
        "Net Income": -12693000.0,
        "Net Income Including Noncontrolling Interests": -12693000.0,
        "Net Income Continuous Operations": -12693000.0,
        "Tax Provision": 5492000.0,
        "Pretax Income": -7201000.0,
        "Other Income Expense": 2457000.0,
        "Other Non Operating Income Expenses": 2457000.0,
        "Operating Income": -9658000.0,
        "Operating Expense": 72456000.0,
        "Research And Development": 26057000.0,
        "Selling General And Administration": 46399000.0,
        "Gross Profit": 62798000.0,
        "Cost Of Revenue": 49416000.0,
        "Total Revenue": 112214000.0,
        "Operating Revenue": 112214000.0
    },
    "2024-12-31": {
        "Tax Effect Of Unusual Items": 0.0,
        "Tax Rate For Calcs": 0.21,
        "Normalized EBITDA": -18899000.0,
        "Net Income From Continuing Operation Net Minority Interest": -8888000.0,
        "Reconciled Depreciation": 400000.0,
        "Reconciled Cost Of Revenue": -62226000.0,
        "EBITDA": -18899000.0,
        "EBIT": -19299000.0,
        "Normalized Income": -8888000.0,
        "Net Income From Continuing And Discontinued Operation": -8888000.0,
        "Total Expenses": 141835000.0,
        "Total Operating Income As Reported": -19299000.0,
        "Diluted Average Shares": 72319129.0,
        "Basic Average Shares": 72319129.0,
        "Diluted EPS": -0.12,
        "Basic EPS": -0.12,
        "Diluted NI Availto Com Stockholders": -8888000.0,
        "Net Income Common Stockholders": -8888000.0,
        "Net Income": -8888000.0,
        "Net Income Including Noncontrolling Interests": -8888000.0,
        "Net Income Continuous Operations": -8888000.0,
        "Tax Provision": -8091000.0,
        "Pretax Income": -16979000.0,
        "Other Income Expense": 2320000.0,
        "Other Non Operating Income Expenses": 2320000.0,
        "Operating Income": -19299000.0,
        "Operating Expense": 204061000.0,
        "Research And Development": 35215000.0,
        "Selling General And Administration": 40535000.0,
        "Gross Profit": 184762000.0,
        "Cost Of Revenue": -62226000.0,
        "Total Revenue": 122536000.0,
        "Operating Revenue": 122536000.0
    },
    "2025-03-31": {
        "Tax Effect Of Unusual Items": 0.0,
        "Tax Rate For Calcs": 0.21,
        "Normalized EBITDA": 13617000.0,
        "Net Income From Continuing Operation Net Minority Interest": 8539000.0,
        "Reconciled Depreciation": 345000.0,
        "Reconciled Cost Of Revenue": 61658000.0,
        "EBITDA": 13617000.0,
        "EBIT": 13272000.0,
        "Normalized Income": 8539000.0,
        "Net Income From Continuing And Discontinued Operation": 8539000.0,
        "Total Expenses": 124513000.0,
        "Total Operating Income As Reported": 13272000.0,
        "Diluted Average Shares": 76145617.0,
        "Basic Average Shares": 72647121.0,
        "Diluted EPS": 0.11,
        "Basic EPS": 0.12,
        "Diluted NI Availto Com Stockholders": 8539000.0,
        "Net Income Common Stockholders": 8539000.0,
        "Net Income": 8539000.0,
        "Net Income Including Noncontrolling Interests": 8539000.0,
        "Net Income Continuous Operations": 8539000.0,
        "Tax Provision": 7026000.0,
        "Pretax Income": 15565000.0,
        "Other Income Expense": 2293000.0,
        "Other Non Operating Income Expenses": 2293000.0,
        "Operating Income": 13272000.0,
        "Operating Expense": 62855000.0,
        "Research And Development": 19325000.0,
        "Selling General And Administration": 43530000.0,
        "Gross Profit": 76127000.0,
        "Cost Of Revenue": 61658000.0,
        "Total Revenue": 137785000.0,
        "Operating Revenue": 137785000.0
    },
    "2025-06-30": {
        "Tax Effect Of Unusual Items": 0.0,
        "Tax Rate For Calcs": 0.220527,
        "Normalized EBITDA": 20518000.0,
        "Net Income From Continuing Operation Net Minority Interest": 17832000.0,
        "Reconciled Depreciation": 358000.0,
        "Reconciled Cost Of Revenue": 71021000.0,
        "EBITDA": 20518000.0,
        "EBIT": 20160000.0,
        "Normalized Income": 17832000.0,
        "Net Income From Continuing And Discontinued Operation": 17832000.0,
        "Total Expenses": 136637000.0,
        "Total Operating Income As Reported": 20160000.0,
        "Diluted Average Shares": 77942082.0,
        "Basic Average Shares": 73438530.0,
        "Diluted EPS": 0.23,
        "Basic EPS": 0.24,
        "Diluted NI Availto Com Stockholders": 17832000.0,
        "Net Income Common Stockholders": 17832000.0,
        "Net Income": 17832000.0,
        "Net Income Including Noncontrolling Interests": 17832000.0,
        "Net Income Continuous Operations": 17832000.0,
        "Tax Provision": 5045000.0,
        "Pretax Income": 22877000.0,
        "Other Income Expense": 2717000.0,
        "Other Non Operating Income Expenses": 2717000.0,
        "Operating Income": 20160000.0,
        "Operating Expense": 65616000.0,
        "Research And Development": 18753000.0,
        "Selling General And Administration": 46863000.0,
        "Gross Profit": 85776000.0,
        "Cost Of Revenue": 71021000.0,
        "Total Revenue": 156797000.0,
        "Operating Revenue": 156797000.0
    }
}