{
    "2023-06-30": {
        "Tax Effect Of Unusual Items": 0.0,
        "Tax Rate For Calcs": 0.192198,
        "Net Income From Continuing Operation Net Minority Interest": 72791000.0,
        "EBIT": 92834000.0,
        "Net Interest Income": -2724000.0,
        "Interest Expense": 2724000.0,
        "Interest Income": 23614000.0,
        "Normalized Income": 72791000.0,
        "Net Income From Continuing And Discontinued Operation": 72791000.0,
        "Total Expenses": 205656000.0,
        "Diluted Average Shares": 23301000.0,
        "Basic Average Shares": 23040000.0,
        "Diluted EPS": 3.12,
        "Basic EPS": 3.16,
        "Diluted NI Availto Com Stockholders": 72791000.0,
        "Net Income Common Stockholders": 72791000.0,
        "Net Income": 72791000.0,
        "Net Income Including Noncontrolling Interests": 72791000.0,
        "Net Income Continuous Operations": 72791000.0,
        "Tax Provision": 17319000.0,
        "Pretax Income": 90110000.0,
        "Other Income Expense": 435000.0,
        "Net Non Operating Interest Income Expense": -2724000.0,
        "Interest Expense Non Operating": 2724000.0,
        "Other Operating Expenses": 417000.0,
        "Total Revenue": 295766000.0,
        "Operating Revenue": 295766000.0,
        "Loss Adjustment Expense": 147042000.0,
        "Net Policyholder Benefits And Claims": 147042000.0
    },
    "2023-03-31": {
        "Tax Effect Of Unusual Items": 0.0,
        "Tax Rate For Calcs": 0.184,
        "Net Income From Continuing Operation Net Minority Interest": 55800000.0,
        "EBIT": 70963000.0,
        "Net Interest Income": -2570000.0,
        "Interest Expense": 2570000.0,
        "Interest Income": 20596000.0,
        "Normalized Income": 55800000.0,
        "Net Income From Continuing And Discontinued Operation": 55800000.0,
        "Total Expenses": 194752000.0,
        "Diluted Average Shares": 23290000.0,
        "Basic Average Shares": 23008000.0,
        "Diluted EPS": 2.4,
        "Basic EPS": 2.43,
        "Diluted NI Availto Com Stockholders": 55800000.0,
        "Net Income Common Stockholders": 55800000.0,
        "Net Income": 55800000.0,
        "Net Income Including Noncontrolling Interests": 55800000.0,
        "Net Income Continuous Operations": 55800000.0,
        "Tax Provision": 12593000.0,
        "Pretax Income": 68393000.0,
        "Other Income Expense": 306000.0,
        "Net Non Operating Interest Income Expense": -2570000.0,
        "Interest Expense Non Operating": 2570000.0,
        "Other Operating Expenses": 402000.0,
        "Total Revenue": 263145000.0,
        "Operating Revenue": 263145000.0,
        "Loss Adjustment Expense": 139034000.0,
        "Net Policyholder Benefits And Claims": 139034000.0
    },
    "2022-12-31": {
        "Tax Effect Of Unusual Items": 0.0,
        "Tax Rate For Calcs": 0.200844,
        "Net Income From Continuing Operation Net Minority Interest": 67249000.0,
        "EBIT": 86128000.0,
        "Net Interest Income": -1978000.0,
        "Interest Expense": 1978000.0,
        "Interest Income": 18464000.0,
        "Normalized Income": 67249000.0,
        "Net Income From Continuing And Discontinued Operation": 67249000.0,
        "Total Expenses": 158814000.0,
        "Diluted Average Shares": 23208000.0,
        "Basic Average Shares": 22909000.0,
        "Diluted EPS": 2.9,
        "Basic EPS": 2.94,
        "Diluted NI Availto Com Stockholders": 67249000.0,
        "Net Income Common Stockholders": 67249000.0,
        "Net Income": 67249000.0,
        "Net Income Including Noncontrolling Interests": 67249000.0,
        "Net Income Continuous Operations": 67249000.0,
        "Tax Provision": 16901000.0,
        "Pretax Income": 84150000.0,
        "Other Income Expense": 316000.0,
        "Net Non Operating Interest Income Expense": -1978000.0,
        "Interest Expense Non Operating": 1978000.0,
        "Other Operating Expenses": 200000.0,
        "Total Revenue": 242964000.0,
        "Operating Revenue": 242964000.0
    },
    "2022-09-30": {
        "Tax Effect Of Unusual Items": 0.0,
        "Tax Rate For Calcs": 0.175,
        "Net Income From Continuing Operation Net Minority Interest": 32984000.0,
        "EBIT": 41816000.0,
        "Net Interest Income": -1716000.0,
        "Interest Expense": 1716000.0,
        "Interest Income": 14450000.0,
        "Normalized Income": 32984000.0,
        "Net Income From Continuing And Discontinued Operation": 32984000.0,
        "Total Expenses": 176861000.0,
        "Diluted Average Shares": 23114000.0,
        "Basic Average Shares": 22813000.0,
        "Diluted EPS": 1.43,
        "Basic EPS": 1.45,
        "Diluted NI Availto Com Stockholders": 32984000.0,
        "Net Income Common Stockholders": 32984000.0,
        "Net Income": 32984000.0,
        "Net Income Including Noncontrolling Interests": 32984000.0,
        "Net Income Continuous Operations": 32984000.0,
        "Tax Provision": 7116000.0,
        "Pretax Income": 40100000.0,
        "Other Income Expense": 112000.0,
        "Net Non Operating Interest Income Expense": -1716000.0,
        "Interest Expense Non Operating": 1716000.0,
        "Other Operating Expenses": 212000.0,
        "Total Revenue": 216961000.0,
        "Operating Revenue": 216961000.0
    },
    "2022-06-30": {
        "Tax Effect Of Unusual Items": 0.0,
        "Tax Rate For Calcs": 0.165,
        "Net Income From Continuing Operation Net Minority Interest": 27090000.0,
        "EBIT": NaN,
        "Net Interest Income": NaN,
        "Interest Expense": NaN,
        "Interest Income": NaN,
        "Normalized Income": 27090000.0,
        "Net Income From Continuing And Discontinued Operation": 27090000.0,
        "Total Expenses": 146515000.0,
        "Diluted Average Shares": 23301000.0,
        "Basic Average Shares": 22781000.0,
        "Diluted EPS": 1.17,
        "Basic EPS": 1.19,
        "Diluted NI Availto Com Stockholders": 27090000.0,
        "Net Income Common Stockholders": 27090000.0,
        "Net Income": 27090000.0,
        "Net Income Including Noncontrolling Interests": 27090000.0,
        "Net Income Continuous Operations": 27090000.0,
        "Tax Provision": 5352000.0,
        "Pretax Income": 32442000.0,
        "Other Income Expense": 145000.0,
        "Net Non Operating Interest Income Expense": NaN,
        "Interest Expense Non Operating": NaN,
        "Other Operating Expenses": 503000.0,
        "Total Revenue": 178957000.0,
        "Operating Revenue": 178957000.0
    },
    "2022-03-31": {
        "Diluted EPS": 1.38,
        "Total Revenue": 180,
        "Gross Profit": 39,
        "Operating Income": 39,
        "EBIT": 39,
        "Net Income": 32
    },
    "2021-12-31": {
        "Diluted EPS": 2.09,
        "Total Revenue": 184,
        "Gross Profit": 61,
        "Operating Income": 61,
        "EBIT": 61,
        "Net Income": 48
    },
    "2021-09-30": {
        "Diluted EPS": 1.59,
        "Total Revenue": 165,
        "Gross Profit": 46,
        "Operating Income": 46,
        "EBIT": 46,
        "Net Income": 37
    },
    "2021-06-30": {
        "Diluted EPS": 1.55,
        "Total Revenue": 153,
        "Gross Profit": 44,
        "Operating Income": 44,
        "EBIT": 44,
        "Net Income": 36
    },
    "2021-03-31": {
        "Diluted EPS": 1.39,
        "Total Revenue": 138,
        "Gross Profit": 40,
        "Operating Income": 39,
        "EBIT": 39,
        "Net Income": 32
    },
    "2020-12-31": {
        "Diluted EPS": 1.67,
        "Total Revenue": 139,
        "Gross Profit": 43,
        "Operating Income": 43,
        "EBIT": 43,
        "Net Income": 38
    },
    "2020-09-30": {
        "Diluted EPS": 0.65,
        "Total Revenue": 123,
        "Gross Profit": 17,
        "Operating Income": 16,
        "EBIT": 16,
        "Net Income": 15
    },
    "2020-06-30": {
        "Diluted EPS": 1.33,
        "Total Revenue": 118,
        "Gross Profit": 36,
        "Operating Income": 36,
        "EBIT": 36,
        "Net Income": 30
    },
    "2020-03-31": {
        "Diluted EPS": 0.22,
        "Total Revenue": 80,
        "Gross Profit": 5,
        "Operating Income": 5,
        "EBIT": 5,
        "Net Income": 5
    },
    "2019-12-31": {
        "Diluted EPS": 0.79,
        "Total Revenue": 93,
        "Gross Profit": 22,
        "Operating Income": 22,
        "EBIT": 22,
        "Net Income": 18
    },
    "2019-09-30": {
        "Diluted EPS": 0.58,
        "Total Revenue": 78,
        "Gross Profit": 15,
        "Operating Income": 15,
        "EBIT": 15,
        "Net Income": 13
    },
    "2019-06-30": {
        "Diluted EPS": 0.63,
        "Total Revenue": 73,
        "Gross Profit": 17,
        "Operating Income": 17,
        "EBIT": 17,
        "Net Income": 14
    },
    "2019-03-31": {
        "Diluted EPS": 0.86,
        "Total Revenue": 72,
        "Gross Profit": 23,
        "Operating Income": 23,
        "EBIT": 23,
        "Net Income": 19
    },
    "2018-12-31": {
        "Diluted EPS": 0.2,
        "Total Revenue": 57,
        "Gross Profit": 5,
        "Operating Income": 5,
        "EBIT": 5,
        "Net Income": 4
    },
    "2018-09-30": {
        "Diluted EPS": 0.55,
        "Total Revenue": 60,
        "Gross Profit": 14,
        "Operating Income": 14,
        "EBIT": 14,
        "Net Income": 12
    },
    "2018-06-30": {
        "Diluted EPS": 0.47,
        "Total Revenue": 55,
        "Gross Profit": 12,
        "Operating Income": 12,
        "EBIT": 12,
        "Net Income": 10
    },
    "2018-03-31": {
        "Diluted EPS": 0.34,
        "Total Revenue": 50,
        "Gross Profit": 9,
        "Operating Income": 9,
        "EBIT": 9,
        "Net Income": 7
    },
    "2017-12-31": {
        "Diluted EPS": 0.27,
        "Total Revenue": 51,
        "Gross Profit": 11,
        "Operating Income": 11,
        "EBIT": 11,
        "Net Income": 6
    },
    "2017-09-30": {
        "Diluted EPS": 0.2,
        "Total Revenue": 48,
        "Gross Profit": 5,
        "Operating Income": 5,
        "EBIT": 5,
        "Net Income": 4
    },
    "2017-06-30": {
        "Diluted EPS": 0.4,
        "Total Revenue": 46,
        "Gross Profit": 13,
        "Operating Income": 13,
        "EBIT": 13,
        "Net Income": 8
    },
    "2017-03-31": {
        "Diluted EPS": 0.29,
        "Total Revenue": 43,
        "Gross Profit": 9,
        "Operating Income": 9,
        "EBIT": 9,
        "Net Income": 6
    },
    "2016-12-31": {
        "Diluted EPS": -0.23,
        "Total Revenue": 40,
        "Gross Profit": 11,
        "Operating Income": 10,
        "EBIT": 10,
        "Net Income": 7
    },
    "2016-09-30": {
        "Diluted EPS": 0.22,
        "Total Revenue": 35,
        "Gross Profit": 13,
        "Operating Income": 12,
        "EBIT": 12,
        "Net Income": 8
    },
    "2016-06-30": {
        "Diluted EPS": 0.39,
        "Total Revenue": 34,
        "Gross Profit": 10,
        "Operating Income": 9,
        "EBIT": 9,
        "Net Income": 6
    },
    "2016-03-31": {
        "Diluted EPS": 0.34,
        "Total Revenue": 33,
        "Gross Profit": 8,
        "Operating Income": 8,
        "EBIT": 8,
        "Net Income": 5
    },
    "2015-12-31": {
        "Diluted EPS": 0.33,
        "Total Revenue": 24,
        "Gross Profit": 5,
        "Operating Income": 7,
        "EBIT": 7,
        "Net Income": 5
    },
    "2015-09-30": {
        "Diluted EPS": 0.39,
        "Total Revenue": 20,
        "Gross Profit": 9,
        "Operating Income": 9,
        "EBIT": 9,
        "Net Income": 6
    },
    "2015-06-30": {
        "Diluted EPS": 0.44,
        "Total Revenue": 19,
        "Gross Profit": 11,
        "Operating Income": 10,
        "EBIT": 10,
        "Net Income": 7
    },
    "2015-03-31": {
        "Diluted EPS": 0.34,
        "Total Revenue": 18,
        "Gross Profit": 8,
        "Operating Income": 8,
        "EBIT": 8,
        "Net Income": 5
    },
    "2014-12-31": {
        "Diluted EPS": 0.0,
        "Total Revenue": NaN,
        "Gross Profit": NaN,
        "Operating Income": NaN,
        "EBIT": NaN,
        "Net Income": NaN
    },
    "2013-12-31": {
        "Diluted EPS": 0.0,
        "Total Revenue": NaN,
        "Gross Profit": NaN,
        "Operating Income": NaN,
        "EBIT": NaN,
        "Net Income": NaN
    },
    "2023-09-30": {
        "Tax Effect Of Unusual Items": NaN,
        "Tax Rate For Calcs": NaN,
        "Net Income From Continuing Operation Net Minority Interest": NaN,
        "EBIT": NaN,
        "Net Interest Income": NaN,
        "Interest Expense": NaN,
        "Interest Income": NaN,
        "Normalized Income": NaN,
        "Net Income From Continuing And Discontinued Operation": NaN,
        "Total Expenses": NaN,
        "Diluted Average Shares": 23315000.0,
        "Basic Average Shares": 23058000.0,
        "Diluted EPS": 3.26,
        "Basic EPS": 3.3,
        "Diluted NI Availto Com Stockholders": NaN,
        "Net Income Common Stockholders": NaN,
        "Net Income": NaN,
        "Net Income Including Noncontrolling Interests": NaN,
        "Net Income Continuous Operations": NaN,
        "Tax Provision": NaN,
        "Pretax Income": NaN,
        "Other Income Expense": NaN,
        "Net Non Operating Interest Income Expense": NaN,
        "Interest Expense Non Operating": NaN,
        "Other Operating Expenses": NaN,
        "Total Revenue": NaN,
        "Operating Revenue": NaN,
        "Loss Adjustment Expense": NaN,
        "Net Policyholder Benefits And Claims": NaN
    },
    "2023-12-31": {
        "Tax Effect Of Unusual Items": 0.0,
        "Tax Rate For Calcs": 0.204844,
        "Net Income From Continuing Operation Net Minority Interest": 103387000.0,
        "EBIT": 132455000.0,
        "Net Interest Income": -2434000.0,
        "Interest Expense": 2434000.0,
        "Interest Income": 31140000.0,
        "Normalized Income": 103387000.0,
        "Net Income From Continuing And Discontinued Operation": 103387000.0,
        "Total Expenses": 221150000.0,
        "Diluted Average Shares": 23320000.0,
        "Basic Average Shares": 23071000.0,
        "Diluted EPS": 4.43,
        "Basic EPS": 4.48,
        "Diluted NI Availto Com Stockholders": 103387000.0,
        "Net Income Common Stockholders": 103387000.0,
        "Net Income": 103387000.0,
        "Net Income Including Noncontrolling Interests": 103387000.0,
        "Net Income Continuous Operations": 103387000.0,
        "Tax Provision": 26634000.0,
        "Pretax Income": 130021000.0,
        "Other Income Expense": 340000.0,
        "Net Non Operating Interest Income Expense": -2434000.0,
        "Interest Expense Non Operating": 2434000.0,
        "Other Operating Expenses": -278000.0,
        "Total Revenue": 351171000.0,
        "Operating Revenue": 351171000.0,
        "Loss Adjustment Expense": 158591000.0,
        "Net Policyholder Benefits And Claims": 158591000.0
    },
    "2024-03-31": {
        "Tax Effect Of Unusual Items": 0.0,
        "Tax Rate For Calcs": 0.146,
        "Net Income From Continuing Operation Net Minority Interest": 98941000.0,
        "EBIT": 118289000.0,
        "Net Interest Income": -2422000.0,
        "Interest Expense": 2422000.0,
        "Interest Income": 33749000.0,
        "Normalized Income": 98941000.0,
        "Net Income From Continuing And Discontinued Operation": 98941000.0,
        "Total Expenses": 256924000.0,
        "Diluted Average Shares": 23335000.0,
        "Basic Average Shares": 23108000.0,
        "Diluted EPS": 4.24,
        "Basic EPS": 4.28,
        "Diluted NI Availto Com Stockholders": 98941000.0,
        "Net Income Common Stockholders": 98941000.0,
        "Net Income": 98941000.0,
        "Net Income Including Noncontrolling Interests": 98941000.0,
        "Net Income Continuous Operations": 98941000.0,
        "Tax Provision": 16926000.0,
        "Pretax Income": 115867000.0,
        "Other Income Expense": 319000.0,
        "Net Non Operating Interest Income Expense": -2422000.0,
        "Interest Expense Non Operating": 2422000.0,
        "Other Operating Expenses": 1963000.0,
        "Total Revenue": 372791000.0,
        "Operating Revenue": 372791000.0,
        "Loss Adjustment Expense": 186786000.0,
        "Net Policyholder Benefits And Claims": 186786000.0
    },
    "2024-06-30": {
        "Tax Effect Of Unusual Items": 0.0,
        "Tax Rate For Calcs": 0.201,
        "Net Income From Continuing Operation Net Minority Interest": 92579000.0,
        "EBIT": 118364000.0,
        "Net Interest Income": -2564000.0,
        "Interest Expense": 2564000.0,
        "Interest Income": 36895000.0,
        "Normalized Income": 92579000.0,
        "Net Income From Continuing And Discontinued Operation": 92579000.0,
        "Total Expenses": 268753000.0,
        "Diluted Average Shares": 23329000.0,
        "Basic Average Shares": 23165000.0,
        "Diluted EPS": 3.97,
        "Basic EPS": 4.0,
        "Diluted NI Availto Com Stockholders": 92579000.0,
        "Net Income Common Stockholders": 92579000.0,
        "Net Income": 92579000.0,
        "Net Income Including Noncontrolling Interests": 92579000.0,
        "Net Income Continuous Operations": 92579000.0,
        "Tax Provision": 23221000.0,
        "Pretax Income": 115800000.0,
        "Other Income Expense": 740000.0,
        "Net Non Operating Interest Income Expense": -2564000.0,
        "Interest Expense Non Operating": 2564000.0,
        "Other Operating Expenses": 796000.0,
        "Total Revenue": 384553000.0,
        "Operating Revenue": 384553000.0,
        "Loss Adjustment Expense": 193325000.0,
        "Net Policyholder Benefits And Claims": 193325000.0
    },
    "2024-09-30": {
        "Tax Effect Of Unusual Items": 0.0,
        "Tax Rate For Calcs": 0.209,
        "Net Income From Continuing Operation Net Minority Interest": 114229000.0,
        "EBIT": 146987000.0,
        "Net Interest Income": -2589000.0,
        "Interest Expense": 2589000.0,
        "Interest Income": 40509000.0,
        "Normalized Income": 114229000.0,
        "Net Income From Continuing And Discontinued Operation": 114229000.0,
        "Total Expenses": 273660000.0,
        "Diluted Average Shares": 23335000.0,
        "Basic Average Shares": 23175000.0,
        "Diluted EPS": 4.9,
        "Basic EPS": 4.93,
        "Diluted NI Availto Com Stockholders": 114229000.0,
        "Net Income Common Stockholders": 114229000.0,
        "Net Income": 114229000.0,
        "Net Income Including Noncontrolling Interests": 114229000.0,
        "Net Income Continuous Operations": 114229000.0,
        "Tax Provision": 30169000.0,
        "Pretax Income": 144398000.0,
        "Other Income Expense": 518000.0,
        "Net Non Operating Interest Income Expense": -2589000.0,
        "Interest Expense Non Operating": 2589000.0,
        "Other Operating Expenses": 692000.0,
        "Total Revenue": 418058000.0,
        "Operating Revenue": 418058000.0,
        "Loss Adjustment Expense": 200240000.0,
        "Net Policyholder Benefits And Claims": 200240000.0
    },
    "2024-12-31": {
        "Tax Effect Of Unusual Items": 0.0,
        "Tax Rate For Calcs": 0.213176,
        "Net Income From Continuing Operation Net Minority Interest": 109094000.0,
        "EBIT": 141210000.0,
        "Net Interest Income": -2559000.0,
        "Interest Expense": 2559000.0,
        "Interest Income": 43135000.0,
        "Normalized Income": 109094000.0,
        "Net Income From Continuing And Discontinued Operation": 109094000.0,
        "Total Expenses": 273472000.0,
        "Diluted Average Shares": NaN,
        "Basic Average Shares": NaN,
        "Diluted EPS": NaN,
        "Basic EPS": NaN,
        "Diluted NI Availto Com Stockholders": 109094000.0,
        "Net Income Common Stockholders": 109094000.0,
        "Net Income": 109094000.0,
        "Net Income Including Noncontrolling Interests": 109094000.0,
        "Net Income Continuous Operations": 109094000.0,
        "Tax Provision": 29557000.0,
        "Pretax Income": 138651000.0,
        "Other Income Expense": 349000.0,
        "Net Non Operating Interest Income Expense": -2559000.0,
        "Interest Expense Non Operating": 2559000.0,
        "Other Operating Expenses": 517000.0,
        "Total Revenue": 412123000.0,
        "Operating Revenue": 412123000.0,
        "Loss Adjustment Expense": 192548000.0,
        "Net Policyholder Benefits And Claims": 192548000.0
    }
}