{
    "2023-03-31": {
        "Tax Effect Of Unusual Items": 0.0,
        "Tax Rate For Calcs": 0.0,
        "Normalized EBITDA": -34450000.0,
        "Total Unusual Items": NaN,
        "Total Unusual Items Excluding Goodwill": NaN,
        "Net Income From Continuing Operation Net Minority Interest": -32940000.0,
        "Reconciled Depreciation": 203000.0,
        "EBITDA": -34450000.0,
        "EBIT": -34653000.0,
        "Normalized Income": -32940000.0,
        "Net Income From Continuing And Discontinued Operation": -32940000.0,
        "Total Expenses": 34653000.0,
        "Total Operating Income As Reported": -34653000.0,
        "Diluted Average Shares": 45409572.0,
        "Basic Average Shares": 45409572.0,
        "Diluted EPS": -0.73,
        "Basic EPS": -0.73,
        "Diluted NI Availto Com Stockholders": -32940000.0,
        "Net Income Common Stockholders": -32940000.0,
        "Net Income": -32940000.0,
        "Net Income Including Noncontrolling Interests": -32940000.0,
        "Net Income Continuous Operations": -32940000.0,
        "Pretax Income": -32940000.0,
        "Other Income Expense": 1713000.0,
        "Other Non Operating Income Expenses": 1713000.0,
        "Special Income Charges": NaN,
        "Restructuring And Mergern Acquisition": NaN,
        "Operating Income": -34653000.0,
        "Operating Expense": 34653000.0,
        "Research And Development": 26559000.0,
        "Selling General And Administration": 8094000.0,
        "General And Administrative Expense": 8094000.0,
        "Other Gand A": 8094000.0,
        "Total Revenue": 0.0,
        "Operating Revenue": 0.0
    },
    "2022-12-31": {
        "Tax Effect Of Unusual Items": 0.0,
        "Tax Rate For Calcs": 0.0,
        "Normalized EBITDA": -32494000.0,
        "Total Unusual Items": NaN,
        "Total Unusual Items Excluding Goodwill": NaN,
        "Net Income From Continuing Operation Net Minority Interest": -31563000.0,
        "Reconciled Depreciation": 190000.0,
        "EBITDA": -32494000.0,
        "EBIT": -32684000.0,
        "Normalized Income": -31563000.0,
        "Net Income From Continuing And Discontinued Operation": -31563000.0,
        "Total Expenses": 32684000.0,
        "Total Operating Income As Reported": -32684000.0,
        "Diluted Average Shares": NaN,
        "Basic Average Shares": NaN,
        "Diluted EPS": NaN,
        "Basic EPS": NaN,
        "Diluted NI Availto Com Stockholders": -31563000.0,
        "Net Income Common Stockholders": -31563000.0,
        "Net Income": -31563000.0,
        "Minority Interests": 0.0,
        "Net Income Including Noncontrolling Interests": -31563000.0,
        "Net Income Continuous Operations": -31563000.0,
        "Pretax Income": -31563000.0,
        "Other Income Expense": 1121000.0,
        "Other Non Operating Income Expenses": 1121000.0,
        "Special Income Charges": NaN,
        "Restructuring And Mergern Acquisition": NaN,
        "Operating Income": -32684000.0,
        "Operating Expense": 32684000.0,
        "Research And Development": 25188000.0,
        "Selling General And Administration": 7496000.0,
        "General And Administrative Expense": 7496000.0,
        "Other Gand A": 7496000.0,
        "Total Revenue": 0.0,
        "Operating Revenue": 0.0
    },
    "2022-09-30": {
        "Tax Effect Of Unusual Items": 0.0,
        "Tax Rate For Calcs": 0.0,
        "Normalized EBITDA": -31188000.0,
        "Total Unusual Items": NaN,
        "Total Unusual Items Excluding Goodwill": NaN,
        "Net Income From Continuing Operation Net Minority Interest": -30737000.0,
        "Reconciled Depreciation": 184000.0,
        "EBITDA": -31188000.0,
        "EBIT": -31372000.0,
        "Normalized Income": -30737000.0,
        "Net Income From Continuing And Discontinued Operation": -30737000.0,
        "Total Expenses": 31372000.0,
        "Total Operating Income As Reported": -31372000.0,
        "Diluted Average Shares": 44151034.0,
        "Basic Average Shares": 44151034.0,
        "Diluted EPS": -0.7,
        "Basic EPS": -0.7,
        "Diluted NI Availto Com Stockholders": -30737000.0,
        "Net Income Common Stockholders": -30737000.0,
        "Net Income": -30737000.0,
        "Minority Interests": 0.0,
        "Net Income Including Noncontrolling Interests": -30737000.0,
        "Net Income Continuous Operations": -30737000.0,
        "Pretax Income": -30737000.0,
        "Other Income Expense": 635000.0,
        "Other Non Operating Income Expenses": 635000.0,
        "Special Income Charges": NaN,
        "Restructuring And Mergern Acquisition": NaN,
        "Operating Income": -31372000.0,
        "Operating Expense": 31372000.0,
        "Research And Development": 23548000.0,
        "Selling General And Administration": 7824000.0,
        "General And Administrative Expense": 7824000.0,
        "Other Gand A": 7824000.0,
        "Total Revenue": 0.0,
        "Operating Revenue": 0.0
    },
    "2022-06-30": {
        "Tax Effect Of Unusual Items": 0.0,
        "Tax Rate For Calcs": 0.0,
        "Normalized EBITDA": -27234000.0,
        "Net Income From Continuing Operation Net Minority Interest": -27069000.0,
        "Reconciled Depreciation": 172000.0,
        "EBITDA": -27234000.0,
        "EBIT": -27406000.0,
        "Normalized Income": -27069000.0,
        "Net Income From Continuing And Discontinued Operation": -27069000.0,
        "Total Expenses": 27406000.0,
        "Total Operating Income As Reported": -27406000.0,
        "Diluted Average Shares": 44002391.0,
        "Basic Average Shares": 44002391.0,
        "Diluted EPS": -0.62,
        "Basic EPS": -0.62,
        "Diluted NI Availto Com Stockholders": -27069000.0,
        "Net Income Common Stockholders": -27069000.0,
        "Net Income": -27069000.0,
        "Minority Interests": 0.0,
        "Net Income Including Noncontrolling Interests": -27069000.0,
        "Net Income Continuous Operations": -27069000.0,
        "Pretax Income": -27069000.0,
        "Other Income Expense": 337000.0,
        "Other Non Operating Income Expenses": 337000.0,
        "Operating Income": -27406000.0,
        "Operating Expense": 27406000.0,
        "Research And Development": 19767000.0,
        "Selling General And Administration": 7639000.0,
        "General And Administrative Expense": 7639000.0,
        "Other Gand A": 7639000.0,
        "Total Revenue": 0.0,
        "Operating Revenue": 0.0
    },
    "2022-03-31": {
        "Diluted EPS": -0.61,
        "Total Revenue": NaN,
        "Gross Profit": NaN,
        "Operating Income": -27,
        "EBIT": -27,
        "Net Income": -27
    },
    "2021-12-31": {
        "Diluted EPS": -0.6,
        "Total Revenue": NaN,
        "Gross Profit": NaN,
        "Operating Income": -26,
        "EBIT": -26,
        "Net Income": -26
    },
    "2021-09-30": {
        "Diluted EPS": -0.57,
        "Total Revenue": NaN,
        "Gross Profit": NaN,
        "Operating Income": -25,
        "EBIT": -24,
        "Net Income": -25
    },
    "2021-06-30": {
        "Diluted EPS": -0.49,
        "Total Revenue": NaN,
        "Gross Profit": NaN,
        "Operating Income": -22,
        "EBIT": -21,
        "Net Income": -21
    },
    "2021-03-31": {
        "Diluted EPS": -0.4,
        "Total Revenue": NaN,
        "Gross Profit": NaN,
        "Operating Income": -17,
        "EBIT": -17,
        "Net Income": -17
    },
    "2020-12-31": {
        "Diluted EPS": 0.64,
        "Total Revenue": NaN,
        "Gross Profit": NaN,
        "Operating Income": -14,
        "EBIT": -14,
        "Net Income": -14
    },
    "2020-09-30": {
        "Diluted EPS": -2.8,
        "Total Revenue": NaN,
        "Gross Profit": NaN,
        "Operating Income": -11,
        "EBIT": -10,
        "Net Income": -10
    },
    "2020-06-30": {
        "Diluted EPS": -2.05,
        "Total Revenue": NaN,
        "Gross Profit": NaN,
        "Operating Income": -8,
        "EBIT": -8,
        "Net Income": -8
    },
    "2020-03-31": {
        "Diluted EPS": -1.07,
        "Total Revenue": NaN,
        "Gross Profit": NaN,
        "Operating Income": -4,
        "EBIT": -4,
        "Net Income": -4
    },
    "2019-12-31": {
        "Diluted EPS": 0.0,
        "Total Revenue": NaN,
        "Gross Profit": NaN,
        "Operating Income": NaN,
        "EBIT": NaN,
        "Net Income": NaN
    },
    "2018-12-31": {
        "Diluted EPS": 0.0,
        "Total Revenue": NaN,
        "Gross Profit": NaN,
        "Operating Income": NaN,
        "EBIT": NaN,
        "Net Income": NaN
    },
    "2023-06-30": {
        "Tax Effect Of Unusual Items": 0.0,
        "Tax Rate For Calcs": 0.0,
        "Normalized EBITDA": -33934000.0,
        "Total Unusual Items": NaN,
        "Total Unusual Items Excluding Goodwill": NaN,
        "Net Income From Continuing Operation Net Minority Interest": -31918000.0,
        "Reconciled Depreciation": 201000.0,
        "EBITDA": -33934000.0,
        "EBIT": -34135000.0,
        "Normalized Income": -31918000.0,
        "Net Income From Continuing And Discontinued Operation": -31918000.0,
        "Total Expenses": 34135000.0,
        "Total Operating Income As Reported": -34135000.0,
        "Diluted Average Shares": 46655966.0,
        "Basic Average Shares": 46655966.0,
        "Diluted EPS": -0.68,
        "Basic EPS": -0.68,
        "Diluted NI Availto Com Stockholders": -31918000.0,
        "Net Income Common Stockholders": -31918000.0,
        "Net Income": -31918000.0,
        "Net Income Including Noncontrolling Interests": -31918000.0,
        "Net Income Continuous Operations": -31918000.0,
        "Pretax Income": -31918000.0,
        "Other Income Expense": 2217000.0,
        "Other Non Operating Income Expenses": 2217000.0,
        "Special Income Charges": NaN,
        "Restructuring And Mergern Acquisition": NaN,
        "Operating Income": -34135000.0,
        "Operating Expense": 34135000.0,
        "Research And Development": 26327000.0,
        "Selling General And Administration": 7808000.0,
        "General And Administrative Expense": 7808000.0,
        "Other Gand A": 7808000.0,
        "Total Revenue": 0.0,
        "Operating Revenue": 0.0
    },
    "2023-09-30": {
        "Tax Effect Of Unusual Items": 0.0,
        "Tax Rate For Calcs": 0.0,
        "Normalized EBITDA": -28946000.0,
        "Total Unusual Items": -1973000.0,
        "Total Unusual Items Excluding Goodwill": -1973000.0,
        "Net Income From Continuing Operation Net Minority Interest": -30733000.0,
        "Reconciled Depreciation": 197000.0,
        "EBITDA": -30919000.0,
        "EBIT": -31116000.0,
        "Normalized Income": -28760000.0,
        "Net Income From Continuing And Discontinued Operation": -30733000.0,
        "Total Expenses": 31116000.0,
        "Total Operating Income As Reported": -33089000.0,
        "Diluted Average Shares": 47094882.0,
        "Basic Average Shares": 47094882.0,
        "Diluted EPS": -0.65,
        "Basic EPS": -0.65,
        "Diluted NI Availto Com Stockholders": -30733000.0,
        "Net Income Common Stockholders": -30733000.0,
        "Net Income": -30733000.0,
        "Net Income Including Noncontrolling Interests": -30733000.0,
        "Net Income Continuous Operations": -30733000.0,
        "Pretax Income": -30733000.0,
        "Other Income Expense": 383000.0,
        "Other Non Operating Income Expenses": 2356000.0,
        "Special Income Charges": -1973000.0,
        "Restructuring And Mergern Acquisition": 1973000.0,
        "Operating Income": -31116000.0,
        "Operating Expense": 31116000.0,
        "Research And Development": 24511000.0,
        "Selling General And Administration": 6605000.0,
        "General And Administrative Expense": 6605000.0,
        "Other Gand A": 6605000.0,
        "Total Revenue": 0.0,
        "Operating Revenue": 0.0
    },
    "2023-12-31": {
        "Tax Effect Of Unusual Items": 0.0,
        "Tax Rate For Calcs": 0.0,
        "Normalized EBITDA": -18711000.0,
        "Total Unusual Items": -195000.0,
        "Total Unusual Items Excluding Goodwill": -195000.0,
        "Net Income From Continuing Operation Net Minority Interest": -17058000.0,
        "Reconciled Depreciation": 198000.0,
        "EBITDA": -18906000.0,
        "EBIT": -19104000.0,
        "Normalized Income": -16863000.0,
        "Net Income From Continuing And Discontinued Operation": -17058000.0,
        "Total Expenses": 19104000.0,
        "Total Operating Income As Reported": -19299000.0,
        "Diluted Average Shares": NaN,
        "Basic Average Shares": NaN,
        "Diluted EPS": NaN,
        "Basic EPS": NaN,
        "Diluted NI Availto Com Stockholders": -17058000.0,
        "Net Income Common Stockholders": -17058000.0,
        "Net Income": -17058000.0,
        "Net Income Including Noncontrolling Interests": -17058000.0,
        "Net Income Continuous Operations": -17058000.0,
        "Pretax Income": -17058000.0,
        "Other Income Expense": 2046000.0,
        "Other Non Operating Income Expenses": 2241000.0,
        "Special Income Charges": -195000.0,
        "Restructuring And Mergern Acquisition": 195000.0,
        "Operating Income": -19104000.0,
        "Operating Expense": 19104000.0,
        "Research And Development": 13370000.0,
        "Selling General And Administration": 5734000.0,
        "General And Administrative Expense": 5734000.0,
        "Other Gand A": 5734000.0,
        "Total Revenue": 0.0,
        "Operating Revenue": 0.0
    }
}