{
    "2023-03-31": {
        "Tax Effect Of Unusual Items": NaN,
        "Tax Rate For Calcs": NaN,
        "Normalized EBITDA": NaN,
        "Total Unusual Items": NaN,
        "Total Unusual Items Excluding Goodwill": NaN,
        "Net Income From Continuing Operation Net Minority Interest": NaN,
        "Reconciled Depreciation": NaN,
        "Reconciled Cost Of Revenue": NaN,
        "EBITDA": NaN,
        "EBIT": NaN,
        "Net Interest Income": NaN,
        "Interest Expense": NaN,
        "Interest Income": NaN,
        "Normalized Income": NaN,
        "Net Income From Continuing And Discontinued Operation": NaN,
        "Total Expenses": NaN,
        "Total Operating Income As Reported": NaN,
        "Diluted Average Shares": NaN,
        "Basic Average Shares": NaN,
        "Diluted EPS": NaN,
        "Basic EPS": NaN,
        "Diluted NI Availto Com Stockholders": NaN,
        "Net Income Common Stockholders": NaN,
        "Otherunder Preferred Stock Dividend": NaN,
        "Net Income": NaN,
        "Minority Interests": 0.0,
        "Net Income Including Noncontrolling Interests": NaN,
        "Net Income Continuous Operations": NaN,
        "Tax Provision": NaN,
        "Pretax Income": NaN,
        "Other Income Expense": NaN,
        "Special Income Charges": NaN,
        "Gain On Sale Of Ppe": NaN,
        "Gain On Sale Of Business": NaN,
        "Other Special Charges": NaN,
        "Earnings From Equity Interest": NaN,
        "Net Non Operating Interest Income Expense": NaN,
        "Total Other Finance Cost": NaN,
        "Interest Expense Non Operating": NaN,
        "Interest Income Non Operating": NaN,
        "Operating Income": NaN,
        "Operating Expense": NaN,
        "Other Operating Expenses": NaN,
        "Other Taxes": NaN,
        "Selling General And Administration": NaN,
        "General And Administrative Expense": NaN,
        "Other Gand A": NaN,
        "Gross Profit": NaN,
        "Cost Of Revenue": NaN,
        "Total Revenue": NaN,
        "Operating Revenue": NaN
    },
    "2022-12-31": {
        "Tax Effect Of Unusual Items": NaN,
        "Tax Rate For Calcs": NaN,
        "Normalized EBITDA": NaN,
        "Total Unusual Items": NaN,
        "Total Unusual Items Excluding Goodwill": NaN,
        "Net Income From Continuing Operation Net Minority Interest": NaN,
        "Reconciled Depreciation": NaN,
        "Reconciled Cost Of Revenue": NaN,
        "EBITDA": NaN,
        "EBIT": NaN,
        "Net Interest Income": NaN,
        "Interest Expense": NaN,
        "Interest Income": NaN,
        "Normalized Income": NaN,
        "Net Income From Continuing And Discontinued Operation": NaN,
        "Total Expenses": NaN,
        "Total Operating Income As Reported": NaN,
        "Diluted Average Shares": NaN,
        "Basic Average Shares": NaN,
        "Diluted EPS": NaN,
        "Basic EPS": NaN,
        "Diluted NI Availto Com Stockholders": NaN,
        "Net Income Common Stockholders": NaN,
        "Otherunder Preferred Stock Dividend": NaN,
        "Net Income": NaN,
        "Minority Interests": 0.0,
        "Net Income Including Noncontrolling Interests": NaN,
        "Net Income Continuous Operations": NaN,
        "Tax Provision": NaN,
        "Pretax Income": NaN,
        "Other Income Expense": NaN,
        "Other Non Operating Income Expenses": 0.0,
        "Special Income Charges": NaN,
        "Gain On Sale Of Ppe": NaN,
        "Gain On Sale Of Business": NaN,
        "Other Special Charges": 0.0,
        "Earnings From Equity Interest": NaN,
        "Gain On Sale Of Security": 0.0,
        "Net Non Operating Interest Income Expense": NaN,
        "Total Other Finance Cost": NaN,
        "Interest Expense Non Operating": NaN,
        "Interest Income Non Operating": NaN,
        "Operating Income": NaN,
        "Operating Expense": NaN,
        "Other Operating Expenses": NaN,
        "Other Taxes": NaN,
        "Selling General And Administration": NaN,
        "General And Administrative Expense": NaN,
        "Other Gand A": NaN,
        "Gross Profit": NaN,
        "Cost Of Revenue": NaN,
        "Total Revenue": NaN,
        "Operating Revenue": NaN
    },
    "2022-09-30": {
        "Tax Effect Of Unusual Items": NaN,
        "Tax Rate For Calcs": NaN,
        "Normalized EBITDA": NaN,
        "Total Unusual Items": NaN,
        "Total Unusual Items Excluding Goodwill": NaN,
        "Net Income From Continuing Operation Net Minority Interest": NaN,
        "Reconciled Depreciation": NaN,
        "Reconciled Cost Of Revenue": NaN,
        "EBITDA": NaN,
        "EBIT": NaN,
        "Net Interest Income": NaN,
        "Interest Expense": NaN,
        "Interest Income": NaN,
        "Normalized Income": NaN,
        "Net Income From Continuing And Discontinued Operation": NaN,
        "Total Expenses": NaN,
        "Total Operating Income As Reported": NaN,
        "Diluted Average Shares": NaN,
        "Basic Average Shares": NaN,
        "Diluted EPS": NaN,
        "Basic EPS": NaN,
        "Diluted NI Availto Com Stockholders": NaN,
        "Net Income Common Stockholders": NaN,
        "Otherunder Preferred Stock Dividend": NaN,
        "Net Income": NaN,
        "Minority Interests": NaN,
        "Net Income Including Noncontrolling Interests": NaN,
        "Net Income Continuous Operations": NaN,
        "Tax Provision": NaN,
        "Pretax Income": NaN,
        "Other Income Expense": NaN,
        "Other Non Operating Income Expenses": NaN,
        "Special Income Charges": NaN,
        "Gain On Sale Of Ppe": NaN,
        "Other Special Charges": NaN,
        "Earnings From Equity Interest": NaN,
        "Gain On Sale Of Security": 488000.0,
        "Net Non Operating Interest Income Expense": NaN,
        "Total Other Finance Cost": NaN,
        "Interest Expense Non Operating": NaN,
        "Interest Income Non Operating": NaN,
        "Operating Income": NaN,
        "Operating Expense": NaN,
        "Other Operating Expenses": NaN,
        "Other Taxes": NaN,
        "Selling General And Administration": NaN,
        "General And Administrative Expense": NaN,
        "Other Gand A": NaN,
        "Gross Profit": NaN,
        "Cost Of Revenue": NaN,
        "Total Revenue": NaN,
        "Operating Revenue": NaN
    },
    "2022-06-30": {
        "Tax Effect Of Unusual Items": 65912.4,
        "Tax Rate For Calcs": 0.0012,
        "Normalized EBITDA": 165462000.0,
        "Total Unusual Items": 54927000.0,
        "Total Unusual Items Excluding Goodwill": 54927000.0,
        "Net Income From Continuing Operation Net Minority Interest": 21946000.0,
        "Reconciled Depreciation": 66581000.0,
        "Reconciled Cost Of Revenue": 219295000.0,
        "EBITDA": 220389000.0,
        "EBIT": 153808000.0,
        "Net Interest Income": -25347000.0,
        "Interest Expense": 22198000.0,
        "Interest Income": 0.0,
        "Normalized Income": -32915087.6,
        "Net Income From Continuing And Discontinued Operation": 21946000.0,
        "Total Expenses": 286415000.0,
        "Total Operating Income As Reported": 40611000.0,
        "Diluted Average Shares": 39329000.0,
        "Basic Average Shares": 39297000.0,
        "Diluted EPS": 0.06,
        "Basic EPS": 0.06,
        "Diluted NI Availto Com Stockholders": 2254000.0,
        "Net Income Common Stockholders": 2254000.0,
        "Otherunder Preferred Stock Dividend": 19692000.0,
        "Net Income": 21946000.0,
        "Minority Interests": -109502000.0,
        "Net Income Including Noncontrolling Interests": 131448000.0,
        "Net Income Continuous Operations": 131448000.0,
        "Tax Provision": 162000.0,
        "Pretax Income": 131610000.0,
        "Other Income Expense": 107800000.0,
        "Other Non Operating Income Expenses": 5087000.0,
        "Special Income Charges": -36521000.0,
        "Gain On Sale Of Ppe": -8546000.0,
        "Other Special Charges": 27975000.0,
        "Earnings From Equity Interest": 47786000.0,
        "Gain On Sale Of Security": 91448000.0,
        "Net Non Operating Interest Income Expense": -25347000.0,
        "Total Other Finance Cost": 3149000.0,
        "Interest Expense Non Operating": 22198000.0,
        "Interest Income Non Operating": 0.0,
        "Operating Income": 49157000.0,
        "Operating Expense": 67120000.0,
        "Other Operating Expenses": 35280000.0,
        "Other Taxes": 5880000.0,
        "Selling General And Administration": 25960000.0,
        "General And Administrative Expense": 25960000.0,
        "Other Gand A": 25960000.0,
        "Gross Profit": 116277000.0,
        "Cost Of Revenue": 219295000.0,
        "Total Revenue": 335572000.0,
        "Operating Revenue": 331731000.0
    },
    "2022-03-31": {
        "Diluted EPS": 0.1,
        "Total Revenue": 257,
        "Gross Profit": 107,
        "Operating Income": 19,
        "EBIT": 84,
        "Net Income": 4
    },
    "2021-12-31": {
        "Diluted EPS": 0.0,
        "Total Revenue": 56,
        "Gross Profit": 36,
        "Operating Income": 24,
        "EBIT": 101,
        "Net Income": -31
    },
    "2021-09-30": {
        "Diluted EPS": 0.0,
        "Total Revenue": 167,
        "Gross Profit": 83,
        "Operating Income": 16,
        "EBIT": 77,
        "Net Income": NaN
    },
    "2021-06-30": {
        "Diluted EPS": 0.0,
        "Total Revenue": 136,
        "Gross Profit": 67,
        "Operating Income": 1,
        "EBIT": 62,
        "Net Income": NaN
    },
    "2021-03-31": {
        "Diluted EPS": 0.0,
        "Total Revenue": 148,
        "Gross Profit": 96,
        "Operating Income": 32,
        "EBIT": 91,
        "Net Income": NaN
    },
    "2020-12-31": {
        "Diluted EPS": 0.0,
        "Total Revenue": 35,
        "Gross Profit": 25,
        "Operating Income": 12,
        "EBIT": NaN,
        "Net Income": 9
    },
    "2020-09-30": {
        "Diluted EPS": 0.16,
        "Total Revenue": 40,
        "Gross Profit": 30,
        "Operating Income": 19,
        "EBIT": 23,
        "Net Income": 3
    },
    "2020-06-30": {
        "Diluted EPS": -0.13,
        "Total Revenue": 32,
        "Gross Profit": 22,
        "Operating Income": 12,
        "EBIT": 16,
        "Net Income": -1
    },
    "2020-03-31": {
        "Diluted EPS": -1.35,
        "Total Revenue": 41,
        "Gross Profit": 30,
        "Operating Income": 19,
        "EBIT": 23,
        "Net Income": -8
    },
    "2019-12-31": {
        "Diluted EPS": -46.91,
        "Total Revenue": 44,
        "Gross Profit": 31,
        "Operating Income": NaN,
        "EBIT": NaN,
        "Net Income": -352
    },
    "2019-09-30": {
        "Diluted EPS": -0.74,
        "Total Revenue": 34,
        "Gross Profit": 21,
        "Operating Income": -7,
        "EBIT": 5,
        "Net Income": -5
    },
    "2019-06-30": {
        "Diluted EPS": -0.31,
        "Total Revenue": 24,
        "Gross Profit": 10,
        "Operating Income": -5,
        "EBIT": 4,
        "Net Income": -2
    },
    "2019-03-31": {
        "Diluted EPS": 0.1,
        "Total Revenue": 34,
        "Gross Profit": 17,
        "Operating Income": 4,
        "EBIT": 12,
        "Net Income": 1
    },
    "2018-12-31": {
        "Diluted EPS": 0.35,
        "Total Revenue": 27,
        "Gross Profit": 12,
        "Operating Income": 3,
        "EBIT": 8,
        "Net Income": 1
    },
    "2018-09-30": {
        "Diluted EPS": 0.9,
        "Total Revenue": 25,
        "Gross Profit": 9,
        "Operating Income": 0,
        "EBIT": 6,
        "Net Income": 19
    },
    "2018-06-30": {
        "Diluted EPS": -0.6,
        "Total Revenue": 13,
        "Gross Profit": 1,
        "Operating Income": -7,
        "EBIT": -2,
        "Net Income": -12
    },
    "2018-03-31": {
        "Diluted EPS": -0.9,
        "Total Revenue": 12,
        "Gross Profit": 1,
        "Operating Income": -8,
        "EBIT": -4,
        "Net Income": -13
    },
    "2017-12-31": {
        "Diluted EPS": -2.3,
        "Total Revenue": NaN,
        "Gross Profit": NaN,
        "Operating Income": -25,
        "EBIT": -25,
        "Net Income": -18
    },
    "2017-09-30": {
        "Diluted EPS": 0.0,
        "Total Revenue": NaN,
        "Gross Profit": NaN,
        "Operating Income": 0,
        "EBIT": 0,
        "Net Income": 0
    },
    "2017-06-30": {
        "Diluted EPS": -0.7,
        "Total Revenue": NaN,
        "Gross Profit": NaN,
        "Operating Income": -1,
        "EBIT": -1,
        "Net Income": -1
    },
    "2017-03-31": {
        "Diluted EPS": 0.0,
        "Total Revenue": NaN,
        "Gross Profit": NaN,
        "Operating Income": NaN,
        "EBIT": NaN,
        "Net Income": NaN
    },
    "2016-12-31": {
        "Diluted EPS": 0.0,
        "Total Revenue": NaN,
        "Gross Profit": NaN,
        "Operating Income": NaN,
        "EBIT": NaN,
        "Net Income": NaN
    },
    "2016-09-30": {
        "Diluted EPS": 0.0,
        "Total Revenue": NaN,
        "Gross Profit": NaN,
        "Operating Income": -1,
        "EBIT": -1,
        "Net Income": -1
    },
    "2023-06-30": {
        "Tax Effect Of Unusual Items": NaN,
        "Tax Rate For Calcs": NaN,
        "Normalized EBITDA": NaN,
        "Total Unusual Items": NaN,
        "Total Unusual Items Excluding Goodwill": NaN,
        "Net Income From Continuing Operation Net Minority Interest": NaN,
        "Reconciled Depreciation": NaN,
        "Reconciled Cost Of Revenue": NaN,
        "EBITDA": NaN,
        "EBIT": NaN,
        "Net Interest Income": NaN,
        "Interest Expense": NaN,
        "Interest Income": NaN,
        "Normalized Income": NaN,
        "Net Income From Continuing And Discontinued Operation": NaN,
        "Total Expenses": NaN,
        "Total Operating Income As Reported": NaN,
        "Diluted Average Shares": NaN,
        "Basic Average Shares": NaN,
        "Diluted EPS": NaN,
        "Basic EPS": NaN,
        "Diluted NI Availto Com Stockholders": NaN,
        "Net Income Common Stockholders": NaN,
        "Otherunder Preferred Stock Dividend": NaN,
        "Net Income": NaN,
        "Minority Interests": 0.0,
        "Net Income Including Noncontrolling Interests": NaN,
        "Net Income Continuous Operations": NaN,
        "Tax Provision": NaN,
        "Pretax Income": NaN,
        "Other Income Expense": NaN,
        "Special Income Charges": NaN,
        "Gain On Sale Of Ppe": NaN,
        "Gain On Sale Of Business": 0.0,
        "Other Special Charges": NaN,
        "Earnings From Equity Interest": NaN,
        "Net Non Operating Interest Income Expense": NaN,
        "Total Other Finance Cost": NaN,
        "Interest Expense Non Operating": NaN,
        "Interest Income Non Operating": NaN,
        "Operating Income": NaN,
        "Operating Expense": NaN,
        "Other Operating Expenses": NaN,
        "Other Taxes": NaN,
        "Selling General And Administration": NaN,
        "General And Administrative Expense": NaN,
        "Other Gand A": NaN,
        "Gross Profit": NaN,
        "Cost Of Revenue": NaN,
        "Total Revenue": NaN,
        "Operating Revenue": NaN
    },
    "2023-09-30": {
        "Tax Effect Of Unusual Items": NaN,
        "Tax Rate For Calcs": NaN,
        "Normalized EBITDA": NaN,
        "Total Unusual Items": NaN,
        "Total Unusual Items Excluding Goodwill": NaN,
        "Net Income From Continuing Operation Net Minority Interest": NaN,
        "Reconciled Depreciation": NaN,
        "Reconciled Cost Of Revenue": NaN,
        "EBITDA": NaN,
        "EBIT": NaN,
        "Net Interest Income": NaN,
        "Interest Expense": NaN,
        "Interest Income": NaN,
        "Normalized Income": NaN,
        "Net Income From Continuing And Discontinued Operation": NaN,
        "Total Expenses": NaN,
        "Total Operating Income As Reported": NaN,
        "Diluted Average Shares": NaN,
        "Basic Average Shares": NaN,
        "Diluted EPS": NaN,
        "Basic EPS": NaN,
        "Diluted NI Availto Com Stockholders": NaN,
        "Net Income Common Stockholders": NaN,
        "Otherunder Preferred Stock Dividend": NaN,
        "Net Income": NaN,
        "Minority Interests": 0.0,
        "Net Income Including Noncontrolling Interests": NaN,
        "Net Income Continuous Operations": NaN,
        "Tax Provision": NaN,
        "Pretax Income": NaN,
        "Other Income Expense": NaN,
        "Special Income Charges": NaN,
        "Gain On Sale Of Ppe": NaN,
        "Gain On Sale Of Business": 0.0,
        "Other Special Charges": NaN,
        "Earnings From Equity Interest": NaN,
        "Net Non Operating Interest Income Expense": NaN,
        "Total Other Finance Cost": NaN,
        "Interest Expense Non Operating": NaN,
        "Interest Income Non Operating": NaN,
        "Operating Income": NaN,
        "Operating Expense": NaN,
        "Other Operating Expenses": NaN,
        "Other Taxes": NaN,
        "Selling General And Administration": NaN,
        "General And Administrative Expense": NaN,
        "Other Gand A": NaN,
        "Gross Profit": NaN,
        "Cost Of Revenue": NaN,
        "Total Revenue": NaN,
        "Operating Revenue": NaN
    },
    "2023-12-31": {
        "Tax Effect Of Unusual Items": NaN,
        "Tax Rate For Calcs": NaN,
        "Normalized EBITDA": NaN,
        "Total Unusual Items": NaN,
        "Total Unusual Items Excluding Goodwill": NaN,
        "Net Income From Continuing Operation Net Minority Interest": NaN,
        "Reconciled Depreciation": NaN,
        "Reconciled Cost Of Revenue": NaN,
        "EBITDA": NaN,
        "EBIT": NaN,
        "Net Interest Income": NaN,
        "Interest Expense": NaN,
        "Interest Income": NaN,
        "Normalized Income": NaN,
        "Net Income From Continuing And Discontinued Operation": NaN,
        "Total Expenses": NaN,
        "Total Operating Income As Reported": NaN,
        "Diluted Average Shares": NaN,
        "Basic Average Shares": NaN,
        "Diluted EPS": NaN,
        "Basic EPS": NaN,
        "Diluted NI Availto Com Stockholders": NaN,
        "Net Income Common Stockholders": NaN,
        "Otherunder Preferred Stock Dividend": NaN,
        "Net Income": NaN,
        "Minority Interests": 0.0,
        "Net Income Including Noncontrolling Interests": NaN,
        "Net Income Continuous Operations": NaN,
        "Tax Provision": NaN,
        "Pretax Income": NaN,
        "Other Income Expense": NaN,
        "Special Income Charges": NaN,
        "Gain On Sale Of Ppe": NaN,
        "Gain On Sale Of Business": NaN,
        "Other Special Charges": NaN,
        "Earnings From Equity Interest": NaN,
        "Net Non Operating Interest Income Expense": NaN,
        "Total Other Finance Cost": NaN,
        "Interest Expense Non Operating": NaN,
        "Interest Income Non Operating": NaN,
        "Operating Income": NaN,
        "Operating Expense": NaN,
        "Other Operating Expenses": NaN,
        "Other Taxes": NaN,
        "Selling General And Administration": NaN,
        "General And Administrative Expense": NaN,
        "Other Gand A": NaN,
        "Gross Profit": NaN,
        "Cost Of Revenue": NaN,
        "Total Revenue": NaN,
        "Operating Revenue": NaN
    },
    "2024-03-31": {
        "Tax Effect Of Unusual Items": -402526.968414,
        "Tax Rate For Calcs": 0.096622,
        "Normalized EBITDA": 162734000.0,
        "Total Unusual Items": -4166000.0,
        "Total Unusual Items Excluding Goodwill": -4166000.0,
        "Net Income From Continuing Operation Net Minority Interest": 35407000.0,
        "Reconciled Depreciation": 73606000.0,
        "Reconciled Cost Of Revenue": 227293000.0,
        "EBITDA": 158568000.0,
        "EBIT": 84962000.0,
        "Net Interest Income": -47376000.0,
        "Interest Expense": 45768000.0,
        "Interest Income": 91000.0,
        "Normalized Income": 39170473.031586,
        "Net Income From Continuing And Discontinued Operation": 35407000.0,
        "Total Expenses": 311127000.0,
        "Total Operating Income As Reported": 26101000.0,
        "Diluted Average Shares": 58392000.0,
        "Basic Average Shares": 57869000.0,
        "Diluted EPS": 0.12,
        "Basic EPS": 0.12,
        "Diluted NI Availto Com Stockholders": 7156000.0,
        "Net Income Common Stockholders": 7156000.0,
        "Otherunder Preferred Stock Dividend": 28251000.0,
        "Net Income": 35407000.0,
        "Minority Interests": NaN,
        "Net Income Including Noncontrolling Interests": 35407000.0,
        "Net Income Continuous Operations": 35407000.0,
        "Tax Provision": 3787000.0,
        "Pretax Income": 39194000.0,
        "Other Income Expense": 56303000.0,
        "Special Income Charges": -4166000.0,
        "Gain On Sale Of Ppe": -4166000.0,
        "Gain On Sale Of Business": NaN,
        "Other Special Charges": NaN,
        "Earnings From Equity Interest": 60469000.0,
        "Net Non Operating Interest Income Expense": -47376000.0,
        "Total Other Finance Cost": 1699000.0,
        "Interest Expense Non Operating": 45768000.0,
        "Interest Income Non Operating": 91000.0,
        "Operating Income": 30267000.0,
        "Operating Expense": 83834000.0,
        "Other Operating Expenses": 43406000.0,
        "Other Taxes": 6292000.0,
        "Selling General And Administration": 34136000.0,
        "General And Administrative Expense": 34136000.0,
        "Other Gand A": 34136000.0,
        "Gross Profit": 114101000.0,
        "Cost Of Revenue": 227293000.0,
        "Total Revenue": 341394000.0,
        "Operating Revenue": 338762000.0
    },
    "2024-06-30": {
        "Tax Effect Of Unusual Items": 4635930.0,
        "Tax Rate For Calcs": 0.078,
        "Normalized EBITDA": 185954000.0,
        "Total Unusual Items": 59435000.0,
        "Total Unusual Items Excluding Goodwill": 59435000.0,
        "Net Income From Continuing Operation Net Minority Interest": 108948000.0,
        "Reconciled Depreciation": 75061000.0,
        "Reconciled Cost Of Revenue": 221574000.0,
        "EBITDA": 245389000.0,
        "EBIT": 170328000.0,
        "Net Interest Income": -53740000.0,
        "Interest Expense": 52166000.0,
        "Interest Income": 309000.0,
        "Normalized Income": 54148930.0,
        "Net Income From Continuing And Discontinued Operation": 108948000.0,
        "Total Expenses": 302945000.0,
        "Total Operating Income As Reported": 56588000.0,
        "Diluted Average Shares": 60279000.0,
        "Basic Average Shares": 59792000.0,
        "Diluted EPS": 0.54,
        "Basic EPS": 0.54,
        "Diluted NI Availto Com Stockholders": 32579000.0,
        "Net Income Common Stockholders": 32579000.0,
        "Otherunder Preferred Stock Dividend": 76369000.0,
        "Net Income": 108948000.0,
        "Minority Interests": NaN,
        "Net Income Including Noncontrolling Interests": 108948000.0,
        "Net Income Continuous Operations": 108948000.0,
        "Tax Provision": 9214000.0,
        "Pretax Income": 118162000.0,
        "Other Income Expense": 115390000.0,
        "Special Income Charges": 59435000.0,
        "Gain On Sale Of Ppe": 76000.0,
        "Gain On Sale Of Business": 59884000.0,
        "Other Special Charges": 525000.0,
        "Earnings From Equity Interest": 55955000.0,
        "Net Non Operating Interest Income Expense": -53740000.0,
        "Total Other Finance Cost": 1883000.0,
        "Interest Expense Non Operating": 52166000.0,
        "Interest Income Non Operating": 309000.0,
        "Operating Income": 56512000.0,
        "Operating Expense": 81371000.0,
        "Other Operating Expenses": 44068000.0,
        "Other Taxes": 6212000.0,
        "Selling General And Administration": 31091000.0,
        "General And Administrative Expense": 31091000.0,
        "Other Gand A": 31091000.0,
        "Gross Profit": 137883000.0,
        "Cost Of Revenue": 221574000.0,
        "Total Revenue": 359457000.0,
        "Operating Revenue": 356517000.0
    },
    "2024-09-30": {
        "Tax Effect Of Unusual Items": 2692774.7,
        "Tax Rate For Calcs": 0.0899,
        "Normalized EBITDA": 213657000.0,
        "Total Unusual Items": 29953000.0,
        "Total Unusual Items Excluding Goodwill": 29953000.0,
        "Net Income From Continuing Operation Net Minority Interest": 83654000.0,
        "Reconciled Depreciation": 87583000.0,
        "Reconciled Cost Of Revenue": 232169000.0,
        "EBITDA": 243610000.0,
        "EBIT": 156027000.0,
        "Net Interest Income": -64157000.0,
        "Interest Expense": 64113000.0,
        "Interest Income": 1872000.0,
        "Normalized Income": 56393774.7,
        "Net Income From Continuing And Discontinued Operation": 83654000.0,
        "Total Expenses": 323488000.0,
        "Total Operating Income As Reported": 72874000.0,
        "Diluted Average Shares": 60424000.0,
        "Basic Average Shares": 59811000.0,
        "Diluted EPS": 0.35,
        "Basic EPS": 0.35,
        "Diluted NI Availto Com Stockholders": 21008000.0,
        "Net Income Common Stockholders": 21008000.0,
        "Otherunder Preferred Stock Dividend": 62646000.0,
        "Net Income": 83654000.0,
        "Minority Interests": NaN,
        "Net Income Including Noncontrolling Interests": 83654000.0,
        "Net Income Continuous Operations": 83654000.0,
        "Tax Provision": 8260000.0,
        "Pretax Income": 91914000.0,
        "Other Income Expense": 83197000.0,
        "Special Income Charges": 29953000.0,
        "Gain On Sale Of Ppe": 0.0,
        "Gain On Sale Of Business": 29953000.0,
        "Other Special Charges": NaN,
        "Earnings From Equity Interest": 53244000.0,
        "Net Non Operating Interest Income Expense": -64157000.0,
        "Total Other Finance Cost": 1916000.0,
        "Interest Expense Non Operating": 64113000.0,
        "Interest Income Non Operating": 1872000.0,
        "Operating Income": 72874000.0,
        "Operating Expense": 91319000.0,
        "Other Operating Expenses": 55804000.0,
        "Other Taxes": 5896000.0,
        "Selling General And Administration": 29619000.0,
        "General And Administrative Expense": 29619000.0,
        "Other Gand A": 29619000.0,
        "Gross Profit": 164193000.0,
        "Cost Of Revenue": 232169000.0,
        "Total Revenue": 396362000.0,
        "Operating Revenue": 393523000.0
    },
    "2024-12-31": {
        "Tax Effect Of Unusual Items": 1478.497611,
        "Tax Rate For Calcs": 0.098567,
        "Normalized EBITDA": 153679000.0,
        "Total Unusual Items": 15000.0,
        "Total Unusual Items Excluding Goodwill": 15000.0,
        "Net Income From Continuing Operation Net Minority Interest": 16224000.0,
        "Reconciled Depreciation": 87947000.0,
        "Reconciled Cost Of Revenue": 263779000.0,
        "EBITDA": 153694000.0,
        "EBIT": 65747000.0,
        "Net Interest Income": -49160000.0,
        "Interest Expense": 47749000.0,
        "Interest Income": 530000.0,
        "Normalized Income": 16210478.497611,
        "Net Income From Continuing And Discontinued Operation": 16224000.0,
        "Total Expenses": 362096000.0,
        "Total Operating Income As Reported": 23670000.0,
        "Diluted Average Shares": 60551000.0,
        "Basic Average Shares": 59783000.0,
        "Diluted EPS": 0.01,
        "Basic EPS": 0.01,
        "Diluted NI Availto Com Stockholders": 316000.0,
        "Net Income Common Stockholders": 316000.0,
        "Otherunder Preferred Stock Dividend": 15908000.0,
        "Net Income": 16224000.0,
        "Minority Interests": NaN,
        "Net Income Including Noncontrolling Interests": 16224000.0,
        "Net Income Continuous Operations": 16224000.0,
        "Tax Provision": 1774000.0,
        "Pretax Income": 17998000.0,
        "Other Income Expense": 43538000.0,
        "Special Income Charges": 15000.0,
        "Gain On Sale Of Ppe": 50000.0,
        "Gain On Sale Of Business": -35000.0,
        "Other Special Charges": 0.0,
        "Earnings From Equity Interest": 43523000.0,
        "Net Non Operating Interest Income Expense": -49160000.0,
        "Total Other Finance Cost": 1941000.0,
        "Interest Expense Non Operating": 47749000.0,
        "Interest Income Non Operating": 530000.0,
        "Operating Income": 23620000.0,
        "Operating Expense": 98317000.0,
        "Other Operating Expenses": 52692000.0,
        "Other Taxes": 6314000.0,
        "Selling General And Administration": 39311000.0,
        "General And Administrative Expense": 39311000.0,
        "Other Gand A": 39311000.0,
        "Gross Profit": 121937000.0,
        "Cost Of Revenue": 263779000.0,
        "Total Revenue": 385716000.0,
        "Operating Revenue": 382184000.0
    },
    "2025-03-31": {
        "Tax Effect Of Unusual Items": 4704.0,
        "Tax Rate For Calcs": 0.1176,
        "Normalized EBITDA": 168204000.0,
        "Total Unusual Items": 40000.0,
        "Total Unusual Items Excluding Goodwill": 40000.0,
        "Net Income From Continuing Operation Net Minority Interest": 19262000.0,
        "Reconciled Depreciation": 92673000.0,
        "Reconciled Cost Of Revenue": 316037000.0,
        "EBITDA": 168244000.0,
        "EBIT": 75571000.0,
        "Net Interest Income": -54929000.0,
        "Interest Expense": 53742000.0,
        "Interest Income": 785000.0,
        "Normalized Income": 19226704.0,
        "Net Income From Continuing And Discontinued Operation": 19262000.0,
        "Total Expenses": 424023000.0,
        "Total Operating Income As Reported": 19280000.0,
        "Diluted Average Shares": 61001000.0,
        "Basic Average Shares": 60162000.0,
        "Diluted EPS": 0.05,
        "Basic EPS": 0.05,
        "Diluted NI Availto Com Stockholders": 2768000.0,
        "Net Income Common Stockholders": 2768000.0,
        "Otherunder Preferred Stock Dividend": 16494000.0,
        "Net Income": 19262000.0,
        "Minority Interests": NaN,
        "Net Income Including Noncontrolling Interests": 19262000.0,
        "Net Income Continuous Operations": 19262000.0,
        "Tax Provision": 2567000.0,
        "Pretax Income": 21829000.0,
        "Other Income Expense": 57518000.0,
        "Special Income Charges": 40000.0,
        "Gain On Sale Of Ppe": 40000.0,
        "Gain On Sale Of Business": NaN,
        "Other Special Charges": NaN,
        "Earnings From Equity Interest": 57478000.0,
        "Net Non Operating Interest Income Expense": -54929000.0,
        "Total Other Finance Cost": 1972000.0,
        "Interest Expense Non Operating": 53742000.0,
        "Interest Income Non Operating": 785000.0,
        "Operating Income": 19240000.0,
        "Operating Expense": 107986000.0,
        "Other Operating Expenses": 63603000.0,
        "Other Taxes": 6791000.0,
        "Selling General And Administration": 37592000.0,
        "General And Administrative Expense": 37592000.0,
        "Other Gand A": 37592000.0,
        "Gross Profit": 127226000.0,
        "Cost Of Revenue": 316037000.0,
        "Total Revenue": 443263000.0,
        "Operating Revenue": 440431000.0
    },
    "2025-06-30": {
        "Tax Effect Of Unusual Items": -54656.0,
        "Tax Rate For Calcs": 0.0896,
        "Normalized EBITDA": 230618000.0,
        "Total Unusual Items": -610000.0,
        "Total Unusual Items Excluding Goodwill": -610000.0,
        "Net Income From Continuing Operation Net Minority Interest": 74416000.0,
        "Reconciled Depreciation": 93763000.0,
        "Reconciled Cost Of Revenue": 250460000.0,
        "EBITDA": 230008000.0,
        "EBIT": 136245000.0,
        "Net Interest Income": -53782000.0,
        "Interest Expense": 54502000.0,
        "Interest Income": 2732000.0,
        "Normalized Income": 74971344.0,
        "Net Income From Continuing And Discontinued Operation": 74416000.0,
        "Total Expenses": 349308000.0,
        "Total Operating Income As Reported": 77455000.0,
        "Diluted Average Shares": 62228000.0,
        "Basic Average Shares": 61721000.0,
        "Diluted EPS": 0.33,
        "Basic EPS": 0.33,
        "Diluted NI Availto Com Stockholders": 20239000.0,
        "Net Income Common Stockholders": 20239000.0,
        "Otherunder Preferred Stock Dividend": 54177000.0,
        "Net Income": 74416000.0,
        "Minority Interests": NaN,
        "Net Income Including Noncontrolling Interests": 74416000.0,
        "Net Income Continuous Operations": 74416000.0,
        "Tax Provision": 7327000.0,
        "Pretax Income": 81743000.0,
        "Other Income Expense": 58095000.0,
        "Special Income Charges": -610000.0,
        "Gain On Sale Of Ppe": 25000.0,
        "Gain On Sale Of Business": 0.0,
        "Other Special Charges": 635000.0,
        "Earnings From Equity Interest": 58705000.0,
        "Net Non Operating Interest Income Expense": -53782000.0,
        "Total Other Finance Cost": 2012000.0,
        "Interest Expense Non Operating": 54502000.0,
        "Interest Income Non Operating": 2732000.0,
        "Operating Income": 77430000.0,
        "Operating Expense": 98848000.0,
        "Other Operating Expenses": 68045000.0,
        "Other Taxes": 6559000.0,
        "Selling General And Administration": 24244000.0,
        "General And Administrative Expense": 24244000.0,
        "Other Gand A": 24244000.0,
        "Gross Profit": 176278000.0,
        "Cost Of Revenue": 250460000.0,
        "Total Revenue": 426738000.0,
        "Operating Revenue": 424244000.0
    }
}