{
    "2023-03-31": {
        "Tax Effect Of Unusual Items": NaN,
        "Tax Rate For Calcs": NaN,
        "Normalized EBITDA": NaN,
        "Total Unusual Items": NaN,
        "Total Unusual Items Excluding Goodwill": NaN,
        "Net Income From Continuing Operation Net Minority Interest": NaN,
        "Reconciled Depreciation": NaN,
        "Reconciled Cost Of Revenue": NaN,
        "EBITDA": NaN,
        "EBIT": NaN,
        "Net Interest Income": NaN,
        "Interest Expense": NaN,
        "Interest Income": 130000.0,
        "Normalized Income": NaN,
        "Net Income From Continuing And Discontinued Operation": NaN,
        "Total Expenses": NaN,
        "Total Operating Income As Reported": NaN,
        "Diluted Average Shares": 15304947.0,
        "Basic Average Shares": 15304947.0,
        "Diluted EPS": -1.2,
        "Basic EPS": -1.2,
        "Diluted NI Availto Com Stockholders": NaN,
        "Net Income Common Stockholders": NaN,
        "Net Income": NaN,
        "Net Income Including Noncontrolling Interests": NaN,
        "Net Income Continuous Operations": NaN,
        "Tax Provision": NaN,
        "Pretax Income": NaN,
        "Other Income Expense": NaN,
        "Other Non Operating Income Expenses": -5000.0,
        "Special Income Charges": NaN,
        "Impairment Of Capital Assets": NaN,
        "Gain On Sale Of Security": NaN,
        "Net Non Operating Interest Income Expense": NaN,
        "Interest Expense Non Operating": NaN,
        "Interest Income Non Operating": 130000.0,
        "Operating Income": NaN,
        "Operating Expense": NaN,
        "Depreciation Amortization Depletion Income Statement": NaN,
        "Depreciation And Amortization In Income Statement": NaN,
        "Selling General And Administration": NaN,
        "Gross Profit": NaN,
        "Cost Of Revenue": NaN,
        "Total Revenue": NaN,
        "Operating Revenue": NaN
    },
    "2022-12-31": {
        "Tax Effect Of Unusual Items": NaN,
        "Tax Rate For Calcs": NaN,
        "Normalized EBITDA": NaN,
        "Total Unusual Items": NaN,
        "Total Unusual Items Excluding Goodwill": NaN,
        "Net Income From Continuing Operation Net Minority Interest": NaN,
        "Reconciled Depreciation": NaN,
        "Reconciled Cost Of Revenue": NaN,
        "EBITDA": NaN,
        "EBIT": NaN,
        "Net Interest Income": NaN,
        "Interest Expense": NaN,
        "Interest Income": NaN,
        "Normalized Income": NaN,
        "Net Income From Continuing And Discontinued Operation": NaN,
        "Total Expenses": NaN,
        "Total Operating Income As Reported": NaN,
        "Diluted Average Shares": 76292241.0,
        "Basic Average Shares": 76292241.0,
        "Diluted EPS": -0.9,
        "Basic EPS": -0.9,
        "Diluted NI Availto Com Stockholders": NaN,
        "Net Income Common Stockholders": NaN,
        "Net Income": NaN,
        "Net Income Including Noncontrolling Interests": NaN,
        "Net Income Continuous Operations": NaN,
        "Tax Provision": NaN,
        "Pretax Income": NaN,
        "Other Income Expense": NaN,
        "Other Non Operating Income Expenses": NaN,
        "Special Income Charges": NaN,
        "Impairment Of Capital Assets": NaN,
        "Gain On Sale Of Security": NaN,
        "Net Non Operating Interest Income Expense": NaN,
        "Interest Expense Non Operating": NaN,
        "Interest Income Non Operating": NaN,
        "Operating Income": NaN,
        "Operating Expense": NaN,
        "Depreciation Amortization Depletion Income Statement": NaN,
        "Depreciation And Amortization In Income Statement": NaN,
        "Selling General And Administration": NaN,
        "Gross Profit": NaN,
        "Cost Of Revenue": NaN,
        "Total Revenue": NaN,
        "Operating Revenue": NaN
    },
    "2022-09-30": {
        "Tax Effect Of Unusual Items": NaN,
        "Tax Rate For Calcs": NaN,
        "Normalized EBITDA": NaN,
        "Total Unusual Items": NaN,
        "Total Unusual Items Excluding Goodwill": NaN,
        "Net Income From Continuing Operation Net Minority Interest": NaN,
        "Reconciled Depreciation": NaN,
        "Reconciled Cost Of Revenue": NaN,
        "EBITDA": NaN,
        "EBIT": NaN,
        "Net Interest Income": NaN,
        "Interest Expense": NaN,
        "Interest Income": NaN,
        "Normalized Income": NaN,
        "Net Income From Continuing And Discontinued Operation": NaN,
        "Total Expenses": NaN,
        "Total Operating Income As Reported": NaN,
        "Diluted Average Shares": NaN,
        "Basic Average Shares": NaN,
        "Diluted EPS": NaN,
        "Basic EPS": NaN,
        "Diluted NI Availto Com Stockholders": NaN,
        "Net Income Common Stockholders": NaN,
        "Otherunder Preferred Stock Dividend": 0.0,
        "Net Income": NaN,
        "Net Income Including Noncontrolling Interests": NaN,
        "Net Income Continuous Operations": NaN,
        "Tax Provision": NaN,
        "Pretax Income": NaN,
        "Other Income Expense": NaN,
        "Other Non Operating Income Expenses": NaN,
        "Special Income Charges": 0.0,
        "Impairment Of Capital Assets": 0.0,
        "Gain On Sale Of Security": NaN,
        "Net Non Operating Interest Income Expense": NaN,
        "Interest Expense Non Operating": NaN,
        "Interest Income Non Operating": NaN,
        "Operating Income": NaN,
        "Operating Expense": NaN,
        "Depreciation Amortization Depletion Income Statement": NaN,
        "Depreciation And Amortization In Income Statement": NaN,
        "Selling General And Administration": NaN,
        "Gross Profit": NaN,
        "Cost Of Revenue": NaN,
        "Total Revenue": NaN,
        "Operating Revenue": NaN
    },
    "2022-06-30": {
        "Tax Effect Of Unusual Items": 21094.0,
        "Tax Rate For Calcs": 0.199,
        "Normalized EBITDA": 7065000.0,
        "Total Unusual Items": 106000.0,
        "Total Unusual Items Excluding Goodwill": 106000.0,
        "Net Income From Continuing Operation Net Minority Interest": -11141000.0,
        "Reconciled Depreciation": 13774000.0,
        "Reconciled Cost Of Revenue": 33875000.0,
        "EBITDA": 7171000.0,
        "EBIT": -6603000.0,
        "Net Interest Income": -7297000.0,
        "Interest Expense": 7297000.0,
        "Normalized Income": -11225906.0,
        "Net Income From Continuing And Discontinued Operation": -11141000.0,
        "Total Expenses": 77062000.0,
        "Total Operating Income As Reported": -6709000.0,
        "Diluted Average Shares": 76239989.0,
        "Basic Average Shares": 76239989.0,
        "Diluted EPS": -0.14,
        "Basic EPS": -0.14,
        "Diluted NI Availto Com Stockholders": -11141000.0,
        "Net Income Common Stockholders": -11141000.0,
        "Otherunder Preferred Stock Dividend": NaN,
        "Net Income": -11141000.0,
        "Net Income Including Noncontrolling Interests": -11141000.0,
        "Net Income Continuous Operations": -11141000.0,
        "Tax Provision": -2759000.0,
        "Pretax Income": -13900000.0,
        "Other Income Expense": 106000.0,
        "Special Income Charges": NaN,
        "Impairment Of Capital Assets": NaN,
        "Gain On Sale Of Security": 106000.0,
        "Net Non Operating Interest Income Expense": -7297000.0,
        "Interest Expense Non Operating": 7297000.0,
        "Operating Income": -6709000.0,
        "Operating Expense": 43187000.0,
        "Depreciation Amortization Depletion Income Statement": 13774000.0,
        "Depreciation And Amortization In Income Statement": 13774000.0,
        "Selling General And Administration": 29413000.0,
        "Gross Profit": 36478000.0,
        "Cost Of Revenue": 33875000.0,
        "Total Revenue": 70353000.0,
        "Operating Revenue": 70353000.0
    },
    "2022-03-31": {
        "Diluted EPS": -0.16,
        "Total Revenue": 69,
        "Gross Profit": 34,
        "Operating Income": -7,
        "EBIT": 7,
        "Net Income": -12
    },
    "2021-12-31": {
        "Diluted EPS": -0.05,
        "Total Revenue": 65,
        "Gross Profit": 32,
        "Operating Income": -6,
        "EBIT": 7,
        "Net Income": -12
    },
    "2021-09-30": {
        "Diluted EPS": -0.26,
        "Total Revenue": 68,
        "Gross Profit": 33,
        "Operating Income": -6,
        "EBIT": 7,
        "Net Income": -8
    },
    "2021-06-30": {
        "Diluted EPS": -0.46,
        "Total Revenue": 61,
        "Gross Profit": 31,
        "Operating Income": -4,
        "EBIT": 9,
        "Net Income": -14
    },
    "2021-03-31": {
        "Diluted EPS": -0.27,
        "Total Revenue": 55,
        "Gross Profit": 31,
        "Operating Income": 0,
        "EBIT": 14,
        "Net Income": -8
    },
    "2020-12-31": {
        "Diluted EPS": 0.0,
        "Total Revenue": NaN,
        "Gross Profit": NaN,
        "Operating Income": NaN,
        "EBIT": NaN,
        "Net Income": NaN
    },
    "2020-09-30": {
        "Diluted EPS": -0.42,
        "Total Revenue": 55,
        "Gross Profit": 30,
        "Operating Income": -1,
        "EBIT": -1,
        "Net Income": -13
    },
    "2019-12-31": {
        "Diluted EPS": 0.0,
        "Total Revenue": NaN,
        "Gross Profit": NaN,
        "Operating Income": NaN,
        "EBIT": NaN,
        "Net Income": NaN
    },
    "2023-06-30": {
        "Tax Effect Of Unusual Items": NaN,
        "Tax Rate For Calcs": NaN,
        "Normalized EBITDA": NaN,
        "Total Unusual Items": NaN,
        "Total Unusual Items Excluding Goodwill": NaN,
        "Net Income From Continuing Operation Net Minority Interest": NaN,
        "Reconciled Depreciation": NaN,
        "Reconciled Cost Of Revenue": NaN,
        "EBITDA": NaN,
        "EBIT": NaN,
        "Net Interest Income": NaN,
        "Interest Expense": NaN,
        "Interest Income": 99000.0,
        "Normalized Income": NaN,
        "Net Income From Continuing And Discontinued Operation": NaN,
        "Total Expenses": NaN,
        "Total Operating Income As Reported": NaN,
        "Diluted Average Shares": 15969860.0,
        "Basic Average Shares": 15969860.0,
        "Diluted EPS": -1.22,
        "Basic EPS": -1.22,
        "Diluted NI Availto Com Stockholders": NaN,
        "Net Income Common Stockholders": NaN,
        "Net Income": NaN,
        "Net Income Including Noncontrolling Interests": NaN,
        "Net Income Continuous Operations": NaN,
        "Tax Provision": NaN,
        "Pretax Income": NaN,
        "Other Income Expense": NaN,
        "Other Non Operating Income Expenses": -208000.0,
        "Special Income Charges": 0.0,
        "Impairment Of Capital Assets": 0.0,
        "Gain On Sale Of Security": NaN,
        "Net Non Operating Interest Income Expense": NaN,
        "Interest Expense Non Operating": NaN,
        "Interest Income Non Operating": 99000.0,
        "Operating Income": NaN,
        "Operating Expense": NaN,
        "Depreciation Amortization Depletion Income Statement": NaN,
        "Depreciation And Amortization In Income Statement": NaN,
        "Selling General And Administration": NaN,
        "Gross Profit": NaN,
        "Cost Of Revenue": NaN,
        "Total Revenue": NaN,
        "Operating Revenue": NaN
    },
    "2023-09-30": {
        "Tax Effect Of Unusual Items": NaN,
        "Tax Rate For Calcs": NaN,
        "Normalized EBITDA": NaN,
        "Total Unusual Items": NaN,
        "Total Unusual Items Excluding Goodwill": NaN,
        "Net Income From Continuing Operation Net Minority Interest": NaN,
        "Reconciled Depreciation": NaN,
        "Reconciled Cost Of Revenue": NaN,
        "EBITDA": NaN,
        "EBIT": NaN,
        "Net Interest Income": NaN,
        "Interest Expense": NaN,
        "Interest Income": NaN,
        "Normalized Income": NaN,
        "Net Income From Continuing And Discontinued Operation": NaN,
        "Total Expenses": NaN,
        "Total Operating Income As Reported": NaN,
        "Diluted Average Shares": 17331056.0,
        "Basic Average Shares": 17331056.0,
        "Diluted EPS": -5.5,
        "Basic EPS": -5.5,
        "Diluted NI Availto Com Stockholders": NaN,
        "Net Income Common Stockholders": NaN,
        "Net Income": NaN,
        "Net Income Including Noncontrolling Interests": NaN,
        "Net Income Continuous Operations": NaN,
        "Tax Provision": NaN,
        "Pretax Income": NaN,
        "Other Income Expense": NaN,
        "Other Non Operating Income Expenses": NaN,
        "Special Income Charges": -78255000.0,
        "Impairment Of Capital Assets": 78255000.0,
        "Gain On Sale Of Security": NaN,
        "Net Non Operating Interest Income Expense": NaN,
        "Interest Expense Non Operating": NaN,
        "Interest Income Non Operating": NaN,
        "Operating Income": NaN,
        "Operating Expense": NaN,
        "Depreciation Amortization Depletion Income Statement": NaN,
        "Depreciation And Amortization In Income Statement": NaN,
        "Selling General And Administration": NaN,
        "Gross Profit": NaN,
        "Cost Of Revenue": NaN,
        "Total Revenue": NaN,
        "Operating Revenue": NaN
    },
    "2023-12-31": {
        "Tax Effect Of Unusual Items": NaN,
        "Tax Rate For Calcs": NaN,
        "Normalized EBITDA": NaN,
        "Total Unusual Items": NaN,
        "Total Unusual Items Excluding Goodwill": NaN,
        "Net Income From Continuing Operation Net Minority Interest": NaN,
        "Reconciled Depreciation": NaN,
        "Reconciled Cost Of Revenue": NaN,
        "EBITDA": NaN,
        "EBIT": NaN,
        "Net Interest Income": NaN,
        "Interest Expense": NaN,
        "Interest Income": NaN,
        "Normalized Income": NaN,
        "Net Income From Continuing And Discontinued Operation": NaN,
        "Total Expenses": NaN,
        "Total Operating Income As Reported": NaN,
        "Diluted Average Shares": NaN,
        "Basic Average Shares": NaN,
        "Diluted EPS": NaN,
        "Basic EPS": NaN,
        "Diluted NI Availto Com Stockholders": NaN,
        "Net Income Common Stockholders": NaN,
        "Net Income": NaN,
        "Net Income Including Noncontrolling Interests": NaN,
        "Net Income Continuous Operations": NaN,
        "Tax Provision": NaN,
        "Pretax Income": NaN,
        "Other Income Expense": NaN,
        "Other Non Operating Income Expenses": NaN,
        "Special Income Charges": -2609000.0,
        "Gain On Sale Of Ppe": NaN,
        "Impairment Of Capital Assets": 2000.0,
        "Gain On Sale Of Security": NaN,
        "Net Non Operating Interest Income Expense": NaN,
        "Interest Expense Non Operating": NaN,
        "Interest Income Non Operating": NaN,
        "Operating Income": NaN,
        "Operating Expense": NaN,
        "Depreciation Amortization Depletion Income Statement": NaN,
        "Depreciation And Amortization In Income Statement": NaN,
        "Selling General And Administration": NaN,
        "Gross Profit": NaN,
        "Cost Of Revenue": NaN,
        "Total Revenue": NaN,
        "Operating Revenue": NaN
    },
    "2024-03-31": {
        "Tax Effect Of Unusual Items": NaN,
        "Tax Rate For Calcs": NaN,
        "Normalized EBITDA": NaN,
        "Total Unusual Items": NaN,
        "Total Unusual Items Excluding Goodwill": NaN,
        "Net Income From Continuing Operation Net Minority Interest": NaN,
        "Reconciled Depreciation": NaN,
        "Reconciled Cost Of Revenue": NaN,
        "EBITDA": NaN,
        "EBIT": NaN,
        "Net Interest Income": NaN,
        "Interest Expense": NaN,
        "Interest Income": NaN,
        "Normalized Income": NaN,
        "Net Income From Continuing And Discontinued Operation": NaN,
        "Total Expenses": NaN,
        "Total Operating Income As Reported": NaN,
        "Diluted Average Shares": 18992075.0,
        "Basic Average Shares": 18992075.0,
        "Diluted EPS": -0.93,
        "Basic EPS": -0.93,
        "Diluted NI Availto Com Stockholders": NaN,
        "Net Income Common Stockholders": NaN,
        "Net Income": NaN,
        "Net Income Including Noncontrolling Interests": NaN,
        "Net Income Continuous Operations": NaN,
        "Tax Provision": NaN,
        "Pretax Income": NaN,
        "Other Income Expense": NaN,
        "Other Non Operating Income Expenses": NaN,
        "Special Income Charges": NaN,
        "Gain On Sale Of Ppe": NaN,
        "Impairment Of Capital Assets": NaN,
        "Gain On Sale Of Security": NaN,
        "Net Non Operating Interest Income Expense": NaN,
        "Interest Expense Non Operating": NaN,
        "Interest Income Non Operating": NaN,
        "Operating Income": NaN,
        "Operating Expense": NaN,
        "Depreciation Amortization Depletion Income Statement": NaN,
        "Depreciation And Amortization In Income Statement": NaN,
        "Selling General And Administration": NaN,
        "Gross Profit": NaN,
        "Cost Of Revenue": NaN,
        "Total Revenue": NaN,
        "Operating Revenue": NaN
    },
    "2024-06-30": {
        "Tax Effect Of Unusual Items": NaN,
        "Tax Rate For Calcs": NaN,
        "Normalized EBITDA": NaN,
        "Total Unusual Items": NaN,
        "Total Unusual Items Excluding Goodwill": NaN,
        "Net Income From Continuing Operation Net Minority Interest": NaN,
        "Reconciled Depreciation": NaN,
        "Reconciled Cost Of Revenue": NaN,
        "EBITDA": NaN,
        "EBIT": NaN,
        "Net Interest Income": NaN,
        "Interest Expense": NaN,
        "Interest Income": NaN,
        "Normalized Income": NaN,
        "Net Income From Continuing And Discontinued Operation": NaN,
        "Total Expenses": NaN,
        "Total Operating Income As Reported": NaN,
        "Diluted Average Shares": 19147677.0,
        "Basic Average Shares": 19147677.0,
        "Diluted EPS": -4.37,
        "Basic EPS": -4.37,
        "Diluted NI Availto Com Stockholders": NaN,
        "Net Income Common Stockholders": NaN,
        "Net Income": NaN,
        "Net Income Including Noncontrolling Interests": NaN,
        "Net Income Continuous Operations": NaN,
        "Tax Provision": NaN,
        "Pretax Income": NaN,
        "Other Income Expense": NaN,
        "Other Non Operating Income Expenses": NaN,
        "Special Income Charges": -65864000.0,
        "Gain On Sale Of Ppe": 0.0,
        "Impairment Of Capital Assets": 65864000.0,
        "Gain On Sale Of Security": NaN,
        "Net Non Operating Interest Income Expense": NaN,
        "Interest Expense Non Operating": NaN,
        "Interest Income Non Operating": NaN,
        "Operating Income": NaN,
        "Operating Expense": NaN,
        "Depreciation Amortization Depletion Income Statement": NaN,
        "Depreciation And Amortization In Income Statement": NaN,
        "Selling General And Administration": NaN,
        "Gross Profit": NaN,
        "Cost Of Revenue": NaN,
        "Total Revenue": NaN,
        "Operating Revenue": NaN
    },
    "2024-09-30": {
        "Tax Effect Of Unusual Items": -7077.0,
        "Tax Rate For Calcs": 0.021,
        "Normalized EBITDA": 8002000.0,
        "Total Unusual Items": -337000.0,
        "Total Unusual Items Excluding Goodwill": -337000.0,
        "Net Income From Continuing Operation Net Minority Interest": -19408000.0,
        "Reconciled Depreciation": 14214000.0,
        "Reconciled Cost Of Revenue": 30719000.0,
        "EBITDA": 7665000.0,
        "EBIT": -6549000.0,
        "Net Interest Income": -13059000.0,
        "Interest Expense": 13271000.0,
        "Interest Income": 212000.0,
        "Normalized Income": -19078077.0,
        "Net Income From Continuing And Discontinued Operation": -19408000.0,
        "Total Expenses": 74546000.0,
        "Total Operating Income As Reported": -5626000.0,
        "Diluted Average Shares": 19458102.0,
        "Basic Average Shares": 19458102.0,
        "Diluted EPS": -1.0,
        "Basic EPS": -1.0,
        "Diluted NI Availto Com Stockholders": -19408000.0,
        "Net Income Common Stockholders": -19408000.0,
        "Net Income": -19408000.0,
        "Net Income Including Noncontrolling Interests": -19408000.0,
        "Net Income Continuous Operations": -19408000.0,
        "Tax Provision": -412000.0,
        "Pretax Income": -19820000.0,
        "Other Income Expense": -1135000.0,
        "Other Non Operating Income Expenses": -798000.0,
        "Special Income Charges": 0.0,
        "Gain On Sale Of Ppe": 0.0,
        "Impairment Of Capital Assets": 0.0,
        "Gain On Sale Of Security": -337000.0,
        "Net Non Operating Interest Income Expense": -13059000.0,
        "Interest Expense Non Operating": 13271000.0,
        "Interest Income Non Operating": 212000.0,
        "Operating Income": -5626000.0,
        "Operating Expense": 43827000.0,
        "Depreciation Amortization Depletion Income Statement": 14214000.0,
        "Depreciation And Amortization In Income Statement": 14214000.0,
        "Selling General And Administration": 29613000.0,
        "Gross Profit": 38201000.0,
        "Cost Of Revenue": 30719000.0,
        "Total Revenue": 68920000.0,
        "Operating Revenue": 68920000.0
    },
    "2024-12-31": {
        "Tax Effect Of Unusual Items": -275373.057891,
        "Tax Rate For Calcs": 0.119416,
        "Normalized EBITDA": 662000.0,
        "Total Unusual Items": -2306000.0,
        "Total Unusual Items Excluding Goodwill": -2306000.0,
        "Net Income From Continuing Operation Net Minority Interest": -25448000.0,
        "Reconciled Depreciation": 13975000.0,
        "Reconciled Cost Of Revenue": 31984000.0,
        "EBITDA": -1644000.0,
        "EBIT": -15619000.0,
        "Net Interest Income": -13047000.0,
        "Interest Expense": 13280000.0,
        "Interest Income": 233000.0,
        "Normalized Income": -23417373.057891,
        "Net Income From Continuing And Discontinued Operation": -25448000.0,
        "Total Expenses": 86413000.0,
        "Total Operating Income As Reported": -13086000.0,
        "Diluted Average Shares": NaN,
        "Basic Average Shares": NaN,
        "Diluted EPS": NaN,
        "Basic EPS": NaN,
        "Diluted NI Availto Com Stockholders": -25448000.0,
        "Net Income Common Stockholders": -25448000.0,
        "Net Income": -25448000.0,
        "Net Income Including Noncontrolling Interests": -25448000.0,
        "Net Income Continuous Operations": -25448000.0,
        "Tax Provision": -3451000.0,
        "Pretax Income": -28899000.0,
        "Other Income Expense": -2763000.0,
        "Other Non Operating Income Expenses": -457000.0,
        "Special Income Charges": 3000.0,
        "Gain On Sale Of Ppe": NaN,
        "Impairment Of Capital Assets": -3000.0,
        "Gain On Sale Of Security": -2309000.0,
        "Net Non Operating Interest Income Expense": -13047000.0,
        "Interest Expense Non Operating": 13280000.0,
        "Interest Income Non Operating": 233000.0,
        "Operating Income": -13089000.0,
        "Operating Expense": 54429000.0,
        "Depreciation Amortization Depletion Income Statement": 13975000.0,
        "Depreciation And Amortization In Income Statement": 13975000.0,
        "Selling General And Administration": 40454000.0,
        "Gross Profit": 41340000.0,
        "Cost Of Revenue": 31984000.0,
        "Total Revenue": 73324000.0,
        "Operating Revenue": 73324000.0
    },
    "2025-03-31": {
        "Tax Effect Of Unusual Items": 378840.0,
        "Tax Rate For Calcs": 0.21,
        "Normalized EBITDA": 11285000.0,
        "Total Unusual Items": 1804000.0,
        "Total Unusual Items Excluding Goodwill": 1804000.0,
        "Net Income From Continuing Operation Net Minority Interest": -14908000.0,
        "Reconciled Depreciation": 13911000.0,
        "Reconciled Cost Of Revenue": 33022000.0,
        "EBITDA": 13089000.0,
        "EBIT": -822000.0,
        "Net Interest Income": -12833000.0,
        "Interest Expense": 12977000.0,
        "Interest Income": 144000.0,
        "Normalized Income": -16333160.0,
        "Net Income From Continuing And Discontinued Operation": -14908000.0,
        "Total Expenses": 74598000.0,
        "Total Operating Income As Reported": -2456000.0,
        "Diluted Average Shares": 19433080.0,
        "Basic Average Shares": 19433080.0,
        "Diluted EPS": -0.77,
        "Basic EPS": -0.77,
        "Diluted NI Availto Com Stockholders": -14908000.0,
        "Net Income Common Stockholders": -14908000.0,
        "Net Income": -14908000.0,
        "Net Income Including Noncontrolling Interests": -14908000.0,
        "Net Income Continuous Operations": -14908000.0,
        "Tax Provision": 1109000.0,
        "Pretax Income": -13799000.0,
        "Other Income Expense": 1490000.0,
        "Other Non Operating Income Expenses": -314000.0,
        "Special Income Charges": NaN,
        "Gain On Sale Of Ppe": NaN,
        "Impairment Of Capital Assets": NaN,
        "Gain On Sale Of Security": 1804000.0,
        "Net Non Operating Interest Income Expense": -12833000.0,
        "Interest Expense Non Operating": 12977000.0,
        "Interest Income Non Operating": 144000.0,
        "Operating Income": -2456000.0,
        "Operating Expense": 41576000.0,
        "Depreciation Amortization Depletion Income Statement": 13911000.0,
        "Depreciation And Amortization In Income Statement": 13911000.0,
        "Selling General And Administration": 27665000.0,
        "Gross Profit": 39120000.0,
        "Cost Of Revenue": 33022000.0,
        "Total Revenue": 72142000.0,
        "Operating Revenue": 72142000.0
    },
    "2025-06-30": {
        "Tax Effect Of Unusual Items": -193830.0,
        "Tax Rate For Calcs": 0.21,
        "Normalized EBITDA": 12346000.0,
        "Total Unusual Items": -923000.0,
        "Total Unusual Items Excluding Goodwill": -923000.0,
        "Net Income From Continuing Operation Net Minority Interest": -16878000.0,
        "Reconciled Depreciation": 13576000.0,
        "Reconciled Cost Of Revenue": 31910000.0,
        "EBITDA": 11423000.0,
        "EBIT": -2153000.0,
        "Net Interest Income": -13073000.0,
        "Interest Expense": 13239000.0,
        "Interest Income": 166000.0,
        "Normalized Income": -16148830.0,
        "Net Income From Continuing And Discontinued Operation": -16878000.0,
        "Total Expenses": 76474000.0,
        "Total Operating Income As Reported": -5224000.0,
        "Diluted Average Shares": 19580173.0,
        "Basic Average Shares": 19580173.0,
        "Diluted EPS": -0.86,
        "Basic EPS": -0.86,
        "Diluted NI Availto Com Stockholders": -16878000.0,
        "Net Income Common Stockholders": -16878000.0,
        "Net Income": -16878000.0,
        "Net Income Including Noncontrolling Interests": -16878000.0,
        "Net Income Continuous Operations": -16878000.0,
        "Tax Provision": 1486000.0,
        "Pretax Income": -15392000.0,
        "Other Income Expense": 2905000.0,
        "Other Non Operating Income Expenses": 3828000.0,
        "Special Income Charges": -1115000.0,
        "Gain On Sale Of Ppe": -1115000.0,
        "Impairment Of Capital Assets": 0.0,
        "Gain On Sale Of Security": 192000.0,
        "Net Non Operating Interest Income Expense": -13073000.0,
        "Interest Expense Non Operating": 13239000.0,
        "Interest Income Non Operating": 166000.0,
        "Operating Income": -5224000.0,
        "Operating Expense": 44564000.0,
        "Depreciation Amortization Depletion Income Statement": 13576000.0,
        "Depreciation And Amortization In Income Statement": 13576000.0,
        "Selling General And Administration": 30988000.0,
        "Gross Profit": 39340000.0,
        "Cost Of Revenue": 31910000.0,
        "Total Revenue": 71250000.0,
        "Operating Revenue": 71250000.0
    },
    "2025-09-30": {
        "Tax Effect Of Unusual Items": -19080.0,
        "Tax Rate For Calcs": 0.265,
        "Normalized EBITDA": 10017000.0,
        "Total Unusual Items": -72000.0,
        "Total Unusual Items Excluding Goodwill": -72000.0,
        "Net Income From Continuing Operation Net Minority Interest": -12707000.0,
        "Reconciled Depreciation": 13700000.0,
        "Reconciled Cost Of Revenue": 30743000.0,
        "EBITDA": 9945000.0,
        "EBIT": -3755000.0,
        "Net Interest Income": -13382000.0,
        "Interest Expense": 13541000.0,
        "Interest Income": 159000.0,
        "Normalized Income": -12654080.0,
        "Net Income From Continuing And Discontinued Operation": -12707000.0,
        "Total Expenses": 72900000.0,
        "Total Operating Income As Reported": -4208000.0,
        "Diluted Average Shares": 19899188.0,
        "Basic Average Shares": 19899188.0,
        "Diluted EPS": -0.64,
        "Basic EPS": -0.64,
        "Diluted NI Availto Com Stockholders": -12707000.0,
        "Net Income Common Stockholders": -12707000.0,
        "Net Income": -12707000.0,
        "Net Income Including Noncontrolling Interests": -12707000.0,
        "Net Income Continuous Operations": -12707000.0,
        "Tax Provision": -4589000.0,
        "Pretax Income": -17296000.0,
        "Other Income Expense": 294000.0,
        "Other Non Operating Income Expenses": 366000.0,
        "Special Income Charges": 0.0,
        "Gain On Sale Of Ppe": 0.0,
        "Impairment Of Capital Assets": 0.0,
        "Gain On Sale Of Security": -72000.0,
        "Net Non Operating Interest Income Expense": -13382000.0,
        "Interest Expense Non Operating": 13541000.0,
        "Interest Income Non Operating": 159000.0,
        "Operating Income": -4208000.0,
        "Operating Expense": 42157000.0,
        "Depreciation Amortization Depletion Income Statement": 13700000.0,
        "Depreciation And Amortization In Income Statement": 13700000.0,
        "Selling General And Administration": 28457000.0,
        "Gross Profit": 37949000.0,
        "Cost Of Revenue": 30743000.0,
        "Total Revenue": 68692000.0,
        "Operating Revenue": 68692000.0
    }
}