{
    "2023-03-31": {
        "Tax Effect Of Unusual Items": NaN,
        "Tax Rate For Calcs": NaN,
        "Normalized EBITDA": NaN,
        "Total Unusual Items": NaN,
        "Total Unusual Items Excluding Goodwill": NaN,
        "Net Income From Continuing Operation Net Minority Interest": NaN,
        "Reconciled Depreciation": NaN,
        "Reconciled Cost Of Revenue": NaN,
        "EBITDA": NaN,
        "EBIT": NaN,
        "Net Interest Income": NaN,
        "Interest Expense": NaN,
        "Interest Income": NaN,
        "Normalized Income": NaN,
        "Net Income From Continuing And Discontinued Operation": NaN,
        "Total Expenses": NaN,
        "Diluted Average Shares": NaN,
        "Basic Average Shares": NaN,
        "Diluted EPS": NaN,
        "Basic EPS": NaN,
        "Diluted NI Availto Com Stockholders": NaN,
        "Net Income Common Stockholders": NaN,
        "Net Income": NaN,
        "Net Income Including Noncontrolling Interests": NaN,
        "Net Income Continuous Operations": NaN,
        "Tax Provision": NaN,
        "Pretax Income": NaN,
        "Other Income Expense": NaN,
        "Other Non Operating Income Expenses": NaN,
        "Special Income Charges": NaN,
        "Gain On Sale Of Ppe": NaN,
        "Other Special Charges": NaN,
        "Restructuring And Mergern Acquisition": 0.0,
        "Gain On Sale Of Security": NaN,
        "Net Non Operating Interest Income Expense": NaN,
        "Total Other Finance Cost": NaN,
        "Interest Expense Non Operating": NaN,
        "Interest Income Non Operating": NaN,
        "Operating Income": NaN,
        "Operating Expense": NaN,
        "Other Operating Expenses": NaN,
        "Selling General And Administration": NaN,
        "General And Administrative Expense": NaN,
        "Other Gand A": NaN,
        "Insurance And Claims": 0.0,
        "Gross Profit": NaN,
        "Cost Of Revenue": NaN,
        "Total Revenue": NaN,
        "Operating Revenue": NaN
    },
    "2022-12-31": {
        "Tax Effect Of Unusual Items": NaN,
        "Tax Rate For Calcs": NaN,
        "Normalized EBITDA": NaN,
        "Total Unusual Items": NaN,
        "Total Unusual Items Excluding Goodwill": NaN,
        "Net Income From Continuing Operation Net Minority Interest": NaN,
        "Reconciled Depreciation": NaN,
        "Reconciled Cost Of Revenue": NaN,
        "EBITDA": NaN,
        "EBIT": NaN,
        "Net Interest Income": NaN,
        "Interest Expense": NaN,
        "Interest Income": NaN,
        "Normalized Income": NaN,
        "Net Income From Continuing And Discontinued Operation": NaN,
        "Total Expenses": NaN,
        "Diluted Average Shares": NaN,
        "Basic Average Shares": NaN,
        "Diluted EPS": NaN,
        "Basic EPS": NaN,
        "Diluted NI Availto Com Stockholders": NaN,
        "Net Income Common Stockholders": NaN,
        "Net Income": NaN,
        "Net Income Including Noncontrolling Interests": NaN,
        "Net Income Continuous Operations": NaN,
        "Tax Provision": NaN,
        "Pretax Income": NaN,
        "Other Income Expense": NaN,
        "Other Non Operating Income Expenses": NaN,
        "Special Income Charges": NaN,
        "Gain On Sale Of Ppe": NaN,
        "Other Special Charges": -7000000.0,
        "Restructuring And Mergern Acquisition": 0.0,
        "Gain On Sale Of Security": NaN,
        "Net Non Operating Interest Income Expense": NaN,
        "Total Other Finance Cost": NaN,
        "Interest Expense Non Operating": NaN,
        "Interest Income Non Operating": NaN,
        "Operating Income": NaN,
        "Operating Expense": NaN,
        "Other Operating Expenses": NaN,
        "Selling General And Administration": NaN,
        "General And Administrative Expense": NaN,
        "Other Gand A": NaN,
        "Insurance And Claims": -1003000.0,
        "Gross Profit": NaN,
        "Cost Of Revenue": NaN,
        "Total Revenue": NaN,
        "Operating Revenue": NaN
    },
    "2022-09-30": {
        "Tax Effect Of Unusual Items": NaN,
        "Tax Rate For Calcs": NaN,
        "Normalized EBITDA": NaN,
        "Total Unusual Items": NaN,
        "Total Unusual Items Excluding Goodwill": NaN,
        "Net Income From Continuing Operation Net Minority Interest": NaN,
        "Reconciled Depreciation": NaN,
        "Reconciled Cost Of Revenue": NaN,
        "EBITDA": NaN,
        "EBIT": NaN,
        "Net Interest Income": NaN,
        "Interest Expense": NaN,
        "Interest Income": NaN,
        "Normalized Income": NaN,
        "Net Income From Continuing And Discontinued Operation": NaN,
        "Total Expenses": NaN,
        "Diluted Average Shares": NaN,
        "Basic Average Shares": NaN,
        "Diluted EPS": NaN,
        "Basic EPS": NaN,
        "Diluted NI Availto Com Stockholders": NaN,
        "Net Income Common Stockholders": NaN,
        "Net Income": NaN,
        "Net Income Including Noncontrolling Interests": NaN,
        "Net Income Continuous Operations": NaN,
        "Tax Provision": NaN,
        "Pretax Income": NaN,
        "Other Income Expense": NaN,
        "Other Non Operating Income Expenses": NaN,
        "Special Income Charges": NaN,
        "Gain On Sale Of Ppe": NaN,
        "Other Special Charges": NaN,
        "Restructuring And Mergern Acquisition": 0.0,
        "Gain On Sale Of Security": NaN,
        "Net Non Operating Interest Income Expense": NaN,
        "Total Other Finance Cost": NaN,
        "Interest Expense Non Operating": NaN,
        "Interest Income Non Operating": NaN,
        "Operating Income": NaN,
        "Operating Expense": NaN,
        "Other Operating Expenses": NaN,
        "Selling General And Administration": NaN,
        "General And Administrative Expense": NaN,
        "Other Gand A": NaN,
        "Insurance And Claims": NaN,
        "Gross Profit": NaN,
        "Cost Of Revenue": NaN,
        "Total Revenue": NaN,
        "Operating Revenue": NaN
    },
    "2022-06-30": {
        "Tax Effect Of Unusual Items": -29478278.87572,
        "Tax Rate For Calcs": 0.396485,
        "Normalized EBITDA": 422152000.0,
        "Total Unusual Items": -74349000.0,
        "Total Unusual Items Excluding Goodwill": -74349000.0,
        "Net Income From Continuing Operation Net Minority Interest": 117173000.0,
        "Reconciled Depreciation": 124270000.0,
        "Reconciled Cost Of Revenue": 211868000.0,
        "EBITDA": 347803000.0,
        "EBIT": 223533000.0,
        "Net Interest Income": -29382000.0,
        "Interest Expense": 29382000.0,
        "Interest Income": 3344000.0,
        "Normalized Income": 162043721.12428,
        "Net Income From Continuing And Discontinued Operation": 117173000.0,
        "Total Expenses": 326057000.0,
        "Diluted Average Shares": 475645000.0,
        "Basic Average Shares": 455512000.0,
        "Diluted EPS": 0.25,
        "Basic EPS": 0.26,
        "Diluted NI Availto Com Stockholders": 117173000.0,
        "Net Income Common Stockholders": 117173000.0,
        "Net Income": 117173000.0,
        "Net Income Including Noncontrolling Interests": 117173000.0,
        "Net Income Continuous Operations": 117173000.0,
        "Tax Provision": 76978000.0,
        "Pretax Income": 194151000.0,
        "Other Income Expense": -70778000.0,
        "Other Non Operating Income Expenses": 3571000.0,
        "Special Income Charges": 855000.0,
        "Gain On Sale Of Ppe": 471000.0,
        "Other Special Charges": -384000.0,
        "Impairment Of Capital Assets": NaN,
        "Restructuring And Mergern Acquisition": -9000.0,
        "Gain On Sale Of Security": -75204000.0,
        "Net Non Operating Interest Income Expense": -29382000.0,
        "Total Other Finance Cost": 2591000.0,
        "Interest Expense Non Operating": 29382000.0,
        "Interest Income Non Operating": 3344000.0,
        "Operating Income": 294311000.0,
        "Operating Expense": 114189000.0,
        "Other Operating Expenses": 89565000.0,
        "Selling General And Administration": 24624000.0,
        "General And Administrative Expense": 24624000.0,
        "Other Gand A": 24624000.0,
        "Insurance And Claims": -384000.0,
        "Gross Profit": 408500000.0,
        "Cost Of Revenue": 211868000.0,
        "Total Revenue": 620368000.0,
        "Operating Revenue": 620368000.0
    },
    "2022-03-31": {
        "Diluted EPS": 0.0,
        "Total Revenue": 659,
        "Gross Profit": 522,
        "Operating Income": 331,
        "EBIT": 492,
        "Net Income": 1
    },
    "2021-12-31": {
        "Diluted EPS": 0.24,
        "Total Revenue": 573,
        "Gross Profit": 415,
        "Operating Income": 220,
        "EBIT": 398,
        "Net Income": 99
    },
    "2021-09-30": {
        "Diluted EPS": -0.07,
        "Total Revenue": 201,
        "Gross Profit": 126,
        "Operating Income": 37,
        "EBIT": 105,
        "Net Income": -29
    },
    "2021-06-30": {
        "Diluted EPS": -0.14,
        "Total Revenue": 384,
        "Gross Profit": 259,
        "Operating Income": 85,
        "EBIT": 239,
        "Net Income": -57
    },
    "2021-03-31": {
        "Diluted EPS": -0.22,
        "Total Revenue": 177,
        "Gross Profit": 123,
        "Operating Income": 23,
        "EBIT": 102,
        "Net Income": -91
    },
    "2020-12-31": {
        "Diluted EPS": 0.01,
        "Total Revenue": 366,
        "Gross Profit": 252,
        "Operating Income": 75,
        "EBIT": 237,
        "Net Income": 8
    },
    "2020-09-30": {
        "Diluted EPS": -0.09,
        "Total Revenue": 225,
        "Gross Profit": 127,
        "Operating Income": -5,
        "EBIT": 108,
        "Net Income": -37
    },
    "2020-06-30": {
        "Diluted EPS": -0.49,
        "Total Revenue": 127,
        "Gross Profit": 23,
        "Operating Income": -117,
        "EBIT": 7,
        "Net Income": -199
    },
    "2020-03-31": {
        "Diluted EPS": -0.45,
        "Total Revenue": 178,
        "Gross Profit": 72,
        "Operating Income": -51,
        "EBIT": 45,
        "Net Income": -183
    },
    "2019-12-31": {
        "Diluted EPS": -0.09,
        "Total Revenue": 460,
        "Gross Profit": 226,
        "Operating Income": 76,
        "EBIT": 226,
        "Net Income": -36
    },
    "2019-09-30": {
        "Diluted EPS": 0.04,
        "Total Revenue": 357,
        "Gross Profit": 239,
        "Operating Income": 55,
        "EBIT": 204,
        "Net Income": 16
    },
    "2019-06-30": {
        "Diluted EPS": 0.04,
        "Total Revenue": 396,
        "Gross Profit": 275,
        "Operating Income": 93,
        "EBIT": 247,
        "Net Income": 17
    },
    "2019-03-31": {
        "Diluted EPS": -0.13,
        "Total Revenue": 297,
        "Gross Profit": 187,
        "Operating Income": 53,
        "EBIT": 173,
        "Net Income": -53
    },
    "2018-12-31": {
        "Diluted EPS": 0.47,
        "Total Revenue": 310,
        "Gross Profit": 182,
        "Operating Income": 41,
        "EBIT": 165,
        "Net Income": 186
    },
    "2018-09-30": {
        "Diluted EPS": -0.31,
        "Total Revenue": 250,
        "Gross Profit": 47,
        "Operating Income": -71,
        "EBIT": 11,
        "Net Income": -126
    },
    "2018-06-30": {
        "Diluted EPS": -0.26,
        "Total Revenue": 215,
        "Gross Profit": 88,
        "Operating Income": -5,
        "EBIT": 72,
        "Net Income": -103
    },
    "2018-03-31": {
        "Diluted EPS": -0.13,
        "Total Revenue": 127,
        "Gross Profit": 59,
        "Operating Income": -25,
        "EBIT": 31,
        "Net Income": -50
    },
    "2017-12-31": {
        "Diluted EPS": -0.32,
        "Total Revenue": 187,
        "Gross Profit": 88,
        "Operating Income": -5,
        "EBIT": 72,
        "Net Income": -122
    },
    "2017-09-30": {
        "Diluted EPS": -0.16,
        "Total Revenue": 151,
        "Gross Profit": 75,
        "Operating Income": -15,
        "EBIT": 62,
        "Net Income": -63
    },
    "2017-06-30": {
        "Diluted EPS": -0.02,
        "Total Revenue": 147,
        "Gross Profit": 105,
        "Operating Income": 18,
        "EBIT": 93,
        "Net Income": -8
    },
    "2017-03-31": {
        "Diluted EPS": -0.07,
        "Total Revenue": 152,
        "Gross Profit": 26,
        "Operating Income": -27,
        "EBIT": 11,
        "Net Income": -29
    },
    "2016-12-31": {
        "Diluted EPS": -0.16,
        "Total Revenue": 211,
        "Gross Profit": 91,
        "Operating Income": -20,
        "EBIT": 57,
        "Net Income": -57
    },
    "2016-09-30": {
        "Diluted EPS": -0.15,
        "Total Revenue": 67,
        "Gross Profit": -13,
        "Operating Income": -59,
        "EBIT": -38,
        "Net Income": -60
    },
    "2016-06-30": {
        "Diluted EPS": -0.28,
        "Total Revenue": 46,
        "Gross Profit": -23,
        "Operating Income": -60,
        "EBIT": -41,
        "Net Income": -108
    },
    "2016-03-31": {
        "Diluted EPS": -0.15,
        "Total Revenue": 62,
        "Gross Profit": 9,
        "Operating Income": -40,
        "EBIT": -6,
        "Net Income": -59
    },
    "2015-12-31": {
        "Diluted EPS": 0.08,
        "Total Revenue": 122,
        "Gross Profit": 68,
        "Operating Income": -8,
        "EBIT": 40,
        "Net Income": 24
    },
    "2015-09-30": {
        "Diluted EPS": 0.15,
        "Total Revenue": 95,
        "Gross Profit": 53,
        "Operating Income": -9,
        "EBIT": 29,
        "Net Income": 60
    },
    "2015-06-30": {
        "Diluted EPS": -0.2,
        "Total Revenue": 122,
        "Gross Profit": 87,
        "Operating Income": 8,
        "EBIT": 48,
        "Net Income": -75
    },
    "2015-03-31": {
        "Diluted EPS": -0.21,
        "Total Revenue": 133,
        "Gross Profit": 2,
        "Operating Income": -74,
        "EBIT": -35,
        "Net Income": -79
    },
    "2014-12-31": {
        "Diluted EPS": 0.33,
        "Total Revenue": 178,
        "Gross Profit": 97,
        "Operating Income": 11,
        "EBIT": 59,
        "Net Income": 129
    },
    "2014-09-30": {
        "Diluted EPS": 0.05,
        "Total Revenue": 138,
        "Gross Profit": 102,
        "Operating Income": 30,
        "EBIT": 69,
        "Net Income": 19
    },
    "2014-06-30": {
        "Diluted EPS": 0.15,
        "Total Revenue": 329,
        "Gross Profit": 283,
        "Operating Income": 169,
        "EBIT": 241,
        "Net Income": 57
    },
    "2014-03-31": {
        "Diluted EPS": 0.19,
        "Total Revenue": 237,
        "Gross Profit": 208,
        "Operating Income": 134,
        "EBIT": 183,
        "Net Income": 75
    },
    "2013-12-31": {
        "Diluted EPS": 0.02,
        "Total Revenue": 215,
        "Gross Profit": 162,
        "Operating Income": 83,
        "EBIT": 133,
        "Net Income": 4
    },
    "2013-09-30": {
        "Diluted EPS": -0.12,
        "Total Revenue": 215,
        "Gross Profit": 107,
        "Operating Income": 8,
        "EBIT": 69,
        "Net Income": -44
    },
    "2013-06-30": {
        "Diluted EPS": -0.19,
        "Total Revenue": 194,
        "Gross Profit": 77,
        "Operating Income": -26,
        "EBIT": 35,
        "Net Income": -71
    },
    "2013-03-31": {
        "Diluted EPS": 0.05,
        "Total Revenue": 228,
        "Gross Profit": 180,
        "Operating Income": 79,
        "EBIT": 141,
        "Net Income": 20
    },
    "2012-12-31": {
        "Diluted EPS": 0.09,
        "Total Revenue": 219,
        "Gross Profit": 189,
        "Operating Income": 96,
        "EBIT": 155,
        "Net Income": 32
    },
    "2012-09-30": {
        "Diluted EPS": -0.1,
        "Total Revenue": 223,
        "Gross Profit": 140,
        "Operating Income": 34,
        "EBIT": 100,
        "Net Income": -36
    },
    "2012-06-30": {
        "Diluted EPS": -0.07,
        "Total Revenue": 113,
        "Gross Profit": 76,
        "Operating Income": 6,
        "EBIT": 41,
        "Net Income": -25
    },
    "2012-03-31": {
        "Diluted EPS": -0.1,
        "Total Revenue": 117,
        "Gross Profit": 70,
        "Operating Income": -4,
        "EBIT": 30,
        "Net Income": -38
    },
    "2011-12-31": {
        "Diluted EPS": -0.04,
        "Total Revenue": 222,
        "Gross Profit": 173,
        "Operating Income": 80,
        "EBIT": 133,
        "Net Income": 37
    },
    "2011-09-30": {
        "Diluted EPS": 0.13,
        "Total Revenue": 233,
        "Gross Profit": 198,
        "Operating Income": 114,
        "EBIT": 159,
        "Net Income": 49
    },
    "2011-06-30": {
        "Diluted EPS": 0.0,
        "Total Revenue": 127,
        "Gross Profit": 27,
        "Operating Income": -17,
        "EBIT": 8,
        "Net Income": -17
    },
    "2011-03-31": {
        "Diluted EPS": 0.0,
        "Total Revenue": 95,
        "Gross Profit": 67,
        "Operating Income": 21,
        "EBIT": 54,
        "Net Income": -71
    },
    "2010-12-31": {
        "Diluted EPS": 0.0,
        "Total Revenue": 3,
        "Gross Profit": -17,
        "Operating Income": -75,
        "EBIT": -66,
        "Net Income": -65
    },
    "2010-09-30": {
        "Diluted EPS": 0.0,
        "Total Revenue": 2,
        "Gross Profit": -17,
        "Operating Income": -53,
        "EBIT": -45,
        "Net Income": -99
    },
    "2010-06-30": {
        "Diluted EPS": 0.0,
        "Total Revenue": 2,
        "Gross Profit": -6,
        "Operating Income": -25,
        "EBIT": -18,
        "Net Income": -49
    },
    "2010-03-31": {
        "Diluted EPS": 0.0,
        "Total Revenue": 2,
        "Gross Profit": -24,
        "Operating Income": -41,
        "EBIT": -35,
        "Net Income": -81
    },
    "2009-12-31": {
        "Diluted EPS": 0.0,
        "Total Revenue": NaN,
        "Gross Profit": NaN,
        "Operating Income": NaN,
        "EBIT": NaN,
        "Net Income": NaN
    },
    "2023-06-30": {
        "Tax Effect Of Unusual Items": NaN,
        "Tax Rate For Calcs": NaN,
        "Normalized EBITDA": NaN,
        "Total Unusual Items": NaN,
        "Total Unusual Items Excluding Goodwill": NaN,
        "Net Income From Continuing Operation Net Minority Interest": NaN,
        "Reconciled Depreciation": NaN,
        "Reconciled Cost Of Revenue": NaN,
        "EBITDA": NaN,
        "EBIT": NaN,
        "Net Interest Income": NaN,
        "Interest Expense": NaN,
        "Interest Income": NaN,
        "Normalized Income": NaN,
        "Net Income From Continuing And Discontinued Operation": NaN,
        "Total Expenses": NaN,
        "Diluted Average Shares": NaN,
        "Basic Average Shares": NaN,
        "Diluted EPS": NaN,
        "Basic EPS": NaN,
        "Diluted NI Availto Com Stockholders": NaN,
        "Net Income Common Stockholders": NaN,
        "Net Income": NaN,
        "Net Income Including Noncontrolling Interests": NaN,
        "Net Income Continuous Operations": NaN,
        "Tax Provision": NaN,
        "Pretax Income": NaN,
        "Other Income Expense": NaN,
        "Other Non Operating Income Expenses": NaN,
        "Special Income Charges": NaN,
        "Gain On Sale Of Ppe": NaN,
        "Other Special Charges": NaN,
        "Restructuring And Mergern Acquisition": 0.0,
        "Gain On Sale Of Security": NaN,
        "Net Non Operating Interest Income Expense": NaN,
        "Total Other Finance Cost": NaN,
        "Interest Expense Non Operating": NaN,
        "Interest Income Non Operating": NaN,
        "Operating Income": NaN,
        "Operating Expense": NaN,
        "Other Operating Expenses": NaN,
        "Selling General And Administration": NaN,
        "General And Administrative Expense": NaN,
        "Other Gand A": NaN,
        "Insurance And Claims": 0.0,
        "Gross Profit": NaN,
        "Cost Of Revenue": NaN,
        "Total Revenue": NaN,
        "Operating Revenue": NaN
    },
    "2023-09-30": {
        "Tax Effect Of Unusual Items": NaN,
        "Tax Rate For Calcs": NaN,
        "Normalized EBITDA": NaN,
        "Total Unusual Items": NaN,
        "Total Unusual Items Excluding Goodwill": NaN,
        "Net Income From Continuing Operation Net Minority Interest": NaN,
        "Reconciled Depreciation": NaN,
        "Reconciled Cost Of Revenue": NaN,
        "EBITDA": NaN,
        "EBIT": NaN,
        "Net Interest Income": NaN,
        "Interest Expense": NaN,
        "Interest Income": NaN,
        "Normalized Income": NaN,
        "Net Income From Continuing And Discontinued Operation": NaN,
        "Total Expenses": NaN,
        "Diluted Average Shares": 481099000.0,
        "Basic Average Shares": 460108000.0,
        "Diluted EPS": 0.18,
        "Basic EPS": 0.19,
        "Diluted NI Availto Com Stockholders": NaN,
        "Net Income Common Stockholders": NaN,
        "Net Income": NaN,
        "Net Income Including Noncontrolling Interests": NaN,
        "Net Income Continuous Operations": NaN,
        "Tax Provision": NaN,
        "Pretax Income": NaN,
        "Other Income Expense": NaN,
        "Other Non Operating Income Expenses": NaN,
        "Special Income Charges": NaN,
        "Gain On Sale Of Ppe": NaN,
        "Other Special Charges": 1503000.0,
        "Gain On Sale Of Security": NaN,
        "Net Non Operating Interest Income Expense": NaN,
        "Total Other Finance Cost": NaN,
        "Interest Expense Non Operating": NaN,
        "Interest Income Non Operating": NaN,
        "Operating Income": NaN,
        "Operating Expense": NaN,
        "Other Operating Expenses": NaN,
        "Selling General And Administration": NaN,
        "General And Administrative Expense": NaN,
        "Other Gand A": NaN,
        "Insurance And Claims": 0.0,
        "Gross Profit": NaN,
        "Cost Of Revenue": NaN,
        "Total Revenue": NaN,
        "Operating Revenue": NaN
    },
    "2023-12-31": {
        "Tax Effect Of Unusual Items": -39037530.0,
        "Tax Rate For Calcs": 0.21,
        "Normalized EBITDA": 368032000.0,
        "Total Unusual Items": -185893000.0,
        "Total Unusual Items Excluding Goodwill": -185893000.0,
        "Net Income From Continuing Operation Net Minority Interest": 21681000.0,
        "Reconciled Depreciation": 115671000.0,
        "Reconciled Cost Of Revenue": 217093000.0,
        "EBITDA": 182139000.0,
        "EBIT": 66468000.0,
        "Net Interest Income": -21525000.0,
        "Interest Expense": 25089000.0,
        "Interest Income": 5942000.0,
        "Normalized Income": 168536470.0,
        "Net Income From Continuing And Discontinued Operation": 21681000.0,
        "Total Expenses": 249053000.0,
        "Diluted Average Shares": 483252000.0,
        "Basic Average Shares": 460129000.0,
        "Diluted EPS": 0.04,
        "Basic EPS": 0.05,
        "Diluted NI Availto Com Stockholders": 21681000.0,
        "Net Income Common Stockholders": 21681000.0,
        "Net Income": 21681000.0,
        "Net Income Including Noncontrolling Interests": 21681000.0,
        "Net Income Continuous Operations": 21681000.0,
        "Tax Provision": 19698000.0,
        "Pretax Income": 41379000.0,
        "Other Income Expense": -195808000.0,
        "Other Non Operating Income Expenses": -9915000.0,
        "Special Income Charges": -216927000.0,
        "Gain On Sale Of Ppe": 5351000.0,
        "Other Special Charges": 0.0,
        "Gain On Sale Of Security": 31034000.0,
        "Net Non Operating Interest Income Expense": -21525000.0,
        "Total Other Finance Cost": 2378000.0,
        "Interest Expense Non Operating": 25089000.0,
        "Interest Income Non Operating": 5942000.0,
        "Operating Income": 258712000.0,
        "Operating Expense": 31960000.0,
        "Other Operating Expenses": 10159000.0,
        "Selling General And Administration": 21801000.0,
        "General And Administrative Expense": 21801000.0,
        "Other Gand A": 21801000.0,
        "Insurance And Claims": 0.0,
        "Gross Profit": 290672000.0,
        "Cost Of Revenue": 217093000.0,
        "Total Revenue": 507765000.0,
        "Operating Revenue": 507765000.0
    },
    "2024-03-31": {
        "Tax Effect Of Unusual Items": -8383900.0,
        "Tax Rate For Calcs": 0.35,
        "Normalized EBITDA": 289912000.0,
        "Total Unusual Items": -23954000.0,
        "Total Unusual Items Excluding Goodwill": -23954000.0,
        "Net Income From Continuing Operation Net Minority Interest": 91686000.0,
        "Reconciled Depreciation": 103327000.0,
        "Reconciled Cost Of Revenue": 194546000.0,
        "EBITDA": 265958000.0,
        "EBIT": 162631000.0,
        "Net Interest Income": -16448000.0,
        "Interest Expense": 20662000.0,
        "Interest Income": 6613000.0,
        "Normalized Income": 107256100.0,
        "Net Income From Continuing And Discontinued Operation": 91686000.0,
        "Total Expenses": 234025000.0,
        "Diluted Average Shares": 482096000.0,
        "Basic Average Shares": 468042000.0,
        "Diluted EPS": 0.19,
        "Basic EPS": 0.2,
        "Diluted NI Availto Com Stockholders": 91686000.0,
        "Net Income Common Stockholders": 91686000.0,
        "Net Income": 91686000.0,
        "Net Income Including Noncontrolling Interests": 91686000.0,
        "Net Income Continuous Operations": 91686000.0,
        "Tax Provision": 50283000.0,
        "Pretax Income": 141969000.0,
        "Other Income Expense": -26661000.0,
        "Other Non Operating Income Expenses": -2707000.0,
        "Special Income Charges": -132000.0,
        "Gain On Sale Of Ppe": -132000.0,
        "Other Special Charges": NaN,
        "Gain On Sale Of Security": -23822000.0,
        "Net Non Operating Interest Income Expense": -16448000.0,
        "Total Other Finance Cost": 2399000.0,
        "Interest Expense Non Operating": 20662000.0,
        "Interest Income Non Operating": 6613000.0,
        "Operating Income": 185078000.0,
        "Operating Expense": 39479000.0,
        "Other Operating Expenses": 11214000.0,
        "Selling General And Administration": 28265000.0,
        "General And Administrative Expense": 28265000.0,
        "Other Gand A": 28265000.0,
        "Insurance And Claims": NaN,
        "Gross Profit": 224557000.0,
        "Cost Of Revenue": 194546000.0,
        "Total Revenue": 419103000.0,
        "Operating Revenue": 419103000.0
    },
    "2024-06-30": {
        "Tax Effect Of Unusual Items": -4110540.0,
        "Tax Rate For Calcs": 0.21,
        "Normalized EBITDA": 266783000.0,
        "Total Unusual Items": -19574000.0,
        "Total Unusual Items Excluding Goodwill": -19574000.0,
        "Net Income From Continuing Operation Net Minority Interest": 59770000.0,
        "Reconciled Depreciation": 92350000.0,
        "Reconciled Cost Of Revenue": 240827000.0,
        "EBITDA": 247209000.0,
        "EBIT": 154859000.0,
        "Net Interest Income": -14748000.0,
        "Interest Expense": 19735000.0,
        "Interest Income": 7243000.0,
        "Normalized Income": 75233460.0,
        "Net Income From Continuing And Discontinued Operation": 59770000.0,
        "Total Expenses": 276882000.0,
        "Diluted Average Shares": 480172000.0,
        "Basic Average Shares": 471599000.0,
        "Diluted EPS": 0.12,
        "Basic EPS": 0.13,
        "Diluted NI Availto Com Stockholders": 59770000.0,
        "Net Income Common Stockholders": 59770000.0,
        "Net Income": 59770000.0,
        "Net Income Including Noncontrolling Interests": 59770000.0,
        "Net Income Continuous Operations": 59770000.0,
        "Tax Provision": 75354000.0,
        "Pretax Income": 135124000.0,
        "Other Income Expense": -24146000.0,
        "Other Non Operating Income Expenses": -4572000.0,
        "Special Income Charges": -22426000.0,
        "Gain On Sale Of Ppe": 105000.0,
        "Other Special Charges": 22531000.0,
        "Gain On Sale Of Security": 2852000.0,
        "Net Non Operating Interest Income Expense": -14748000.0,
        "Total Other Finance Cost": 2256000.0,
        "Interest Expense Non Operating": 19735000.0,
        "Interest Income Non Operating": 7243000.0,
        "Operating Income": 174018000.0,
        "Operating Expense": 36055000.0,
        "Other Operating Expenses": 10894000.0,
        "Selling General And Administration": 25161000.0,
        "General And Administrative Expense": 25161000.0,
        "Other Gand A": 25161000.0,
        "Insurance And Claims": NaN,
        "Gross Profit": 210073000.0,
        "Cost Of Revenue": 240827000.0,
        "Total Revenue": 450900000.0,
        "Operating Revenue": 450900000.0
    },
    "2024-09-30": {
        "Tax Effect Of Unusual Items": 2701860.0,
        "Tax Rate For Calcs": 0.21,
        "Normalized EBITDA": 239973000.0,
        "Total Unusual Items": 12866000.0,
        "Total Unusual Items Excluding Goodwill": 12866000.0,
        "Net Income From Continuing Operation Net Minority Interest": 44974000.0,
        "Reconciled Depreciation": 122887000.0,
        "Reconciled Cost Of Revenue": 254199000.0,
        "EBITDA": 252839000.0,
        "EBIT": 129952000.0,
        "Net Interest Income": -19849000.0,
        "Interest Expense": 23400000.0,
        "Interest Income": 5710000.0,
        "Normalized Income": 34809860.0,
        "Net Income From Continuing And Discontinued Operation": 44974000.0,
        "Total Expenses": 292208000.0,
        "Diluted Average Shares": 479190000.0,
        "Basic Average Shares": 471816000.0,
        "Diluted EPS": 0.09,
        "Basic EPS": 0.1,
        "Diluted NI Availto Com Stockholders": 44974000.0,
        "Net Income Common Stockholders": 44974000.0,
        "Net Income": 44974000.0,
        "Net Income Including Noncontrolling Interests": 44974000.0,
        "Net Income Continuous Operations": 44974000.0,
        "Tax Provision": 61578000.0,
        "Pretax Income": 106552000.0,
        "Other Income Expense": 10815000.0,
        "Other Non Operating Income Expenses": -2051000.0,
        "Special Income Charges": -2388000.0,
        "Gain On Sale Of Ppe": -125000.0,
        "Other Special Charges": 2263000.0,
        "Gain On Sale Of Security": 15254000.0,
        "Net Non Operating Interest Income Expense": -19849000.0,
        "Total Other Finance Cost": 2159000.0,
        "Interest Expense Non Operating": 23400000.0,
        "Interest Income Non Operating": 5710000.0,
        "Operating Income": 115586000.0,
        "Operating Expense": 38009000.0,
        "Other Operating Expenses": 14711000.0,
        "Selling General And Administration": 23298000.0,
        "General And Administrative Expense": 23298000.0,
        "Other Gand A": 23298000.0,
        "Insurance And Claims": NaN,
        "Gross Profit": 153595000.0,
        "Cost Of Revenue": 254199000.0,
        "Total Revenue": 407794000.0,
        "Operating Revenue": 407794000.0
    },
    "2024-12-31": {
        "Tax Effect Of Unusual Items": -1388100.0,
        "Tax Rate For Calcs": 0.21,
        "Normalized EBITDA": 137596000.0,
        "Total Unusual Items": -6610000.0,
        "Total Unusual Items Excluding Goodwill": -6610000.0,
        "Net Income From Continuing Operation Net Minority Interest": -6579000.0,
        "Reconciled Depreciation": 146919000.0,
        "Reconciled Cost Of Revenue": 297716000.0,
        "EBITDA": 130986000.0,
        "EBIT": -15933000.0,
        "Net Interest Income": -12380000.0,
        "Interest Expense": 17900000.0,
        "Interest Income": 7415000.0,
        "Normalized Income": -1357100.0,
        "Net Income From Continuing And Discontinued Operation": -6579000.0,
        "Total Expenses": 401066000.0,
        "Diluted Average Shares": NaN,
        "Basic Average Shares": NaN,
        "Diluted EPS": NaN,
        "Basic EPS": NaN,
        "Diluted NI Availto Com Stockholders": -6579000.0,
        "Net Income Common Stockholders": -6579000.0,
        "Net Income": -6579000.0,
        "Net Income Including Noncontrolling Interests": -6579000.0,
        "Net Income Continuous Operations": -6579000.0,
        "Tax Provision": -27254000.0,
        "Pretax Income": -33833000.0,
        "Other Income Expense": -17948000.0,
        "Other Non Operating Income Expenses": -11338000.0,
        "Special Income Charges": -227000.0,
        "Gain On Sale Of Ppe": 152000.0,
        "Other Special Charges": 379000.0,
        "Gain On Sale Of Security": -6383000.0,
        "Net Non Operating Interest Income Expense": -12380000.0,
        "Total Other Finance Cost": 1895000.0,
        "Interest Expense Non Operating": 17900000.0,
        "Interest Income Non Operating": 7415000.0,
        "Operating Income": -3505000.0,
        "Operating Expense": 103350000.0,
        "Other Operating Expenses": 79919000.0,
        "Selling General And Administration": 23431000.0,
        "General And Administrative Expense": 23431000.0,
        "Other Gand A": 23431000.0,
        "Insurance And Claims": NaN,
        "Gross Profit": 99845000.0,
        "Cost Of Revenue": 297716000.0,
        "Total Revenue": 397561000.0,
        "Operating Revenue": 397561000.0
    }
}