{
    "2023-03-31": {
        "Tax Effect Of Unusual Items": NaN,
        "Tax Rate For Calcs": NaN,
        "Normalized EBITDA": NaN,
        "Total Unusual Items": NaN,
        "Total Unusual Items Excluding Goodwill": NaN,
        "Net Income From Continuing Operation Net Minority Interest": NaN,
        "Reconciled Depreciation": NaN,
        "Reconciled Cost Of Revenue": NaN,
        "EBITDA": NaN,
        "EBIT": NaN,
        "Net Interest Income": NaN,
        "Interest Expense": NaN,
        "Interest Income": NaN,
        "Normalized Income": NaN,
        "Net Income From Continuing And Discontinued Operation": NaN,
        "Total Expenses": NaN,
        "Total Operating Income As Reported": NaN,
        "Diluted Average Shares": NaN,
        "Basic Average Shares": NaN,
        "Diluted EPS": NaN,
        "Basic EPS": NaN,
        "Diluted NI Availto Com Stockholders": NaN,
        "Net Income Common Stockholders": NaN,
        "Net Income": NaN,
        "Net Income Including Noncontrolling Interests": NaN,
        "Net Income Continuous Operations": NaN,
        "Tax Provision": NaN,
        "Pretax Income": NaN,
        "Other Income Expense": NaN,
        "Special Income Charges": NaN,
        "Other Special Charges": 2391000.0,
        "Gain On Sale Of Security": NaN,
        "Net Non Operating Interest Income Expense": NaN,
        "Interest Expense Non Operating": NaN,
        "Interest Income Non Operating": NaN,
        "Operating Income": NaN,
        "Operating Expense": NaN,
        "Other Operating Expenses": NaN,
        "Selling General And Administration": 12646000.0,
        "General And Administrative Expense": 12646000.0,
        "Other Gand A": 5589000.0,
        "Salaries And Wages": 7057000.0,
        "Gross Profit": NaN,
        "Cost Of Revenue": NaN,
        "Total Revenue": NaN,
        "Operating Revenue": NaN
    },
    "2022-12-31": {
        "Tax Effect Of Unusual Items": NaN,
        "Tax Rate For Calcs": NaN,
        "Normalized EBITDA": NaN,
        "Total Unusual Items": NaN,
        "Total Unusual Items Excluding Goodwill": NaN,
        "Net Income From Continuing Operation Net Minority Interest": NaN,
        "Reconciled Depreciation": NaN,
        "Reconciled Cost Of Revenue": NaN,
        "EBITDA": NaN,
        "EBIT": NaN,
        "Net Interest Income": NaN,
        "Interest Expense": NaN,
        "Interest Income": NaN,
        "Normalized Income": NaN,
        "Net Income From Continuing And Discontinued Operation": NaN,
        "Total Expenses": NaN,
        "Total Operating Income As Reported": NaN,
        "Diluted Average Shares": NaN,
        "Basic Average Shares": NaN,
        "Diluted EPS": NaN,
        "Basic EPS": NaN,
        "Diluted NI Availto Com Stockholders": NaN,
        "Net Income Common Stockholders": NaN,
        "Net Income": NaN,
        "Net Income Including Noncontrolling Interests": NaN,
        "Net Income Continuous Operations": NaN,
        "Tax Provision": NaN,
        "Pretax Income": NaN,
        "Other Income Expense": NaN,
        "Special Income Charges": NaN,
        "Other Special Charges": NaN,
        "Write Off": 0.0,
        "Gain On Sale Of Security": NaN,
        "Net Non Operating Interest Income Expense": NaN,
        "Interest Expense Non Operating": NaN,
        "Interest Income Non Operating": NaN,
        "Operating Income": NaN,
        "Operating Expense": NaN,
        "Other Operating Expenses": NaN,
        "Selling General And Administration": 12962000.0,
        "General And Administrative Expense": 12962000.0,
        "Other Gand A": 6471000.0,
        "Salaries And Wages": 6491000.0,
        "Gross Profit": NaN,
        "Cost Of Revenue": NaN,
        "Total Revenue": NaN,
        "Operating Revenue": NaN
    },
    "2022-09-30": {
        "Tax Effect Of Unusual Items": NaN,
        "Tax Rate For Calcs": NaN,
        "Normalized EBITDA": NaN,
        "Total Unusual Items": NaN,
        "Total Unusual Items Excluding Goodwill": NaN,
        "Net Income From Continuing Operation Net Minority Interest": NaN,
        "Reconciled Depreciation": NaN,
        "Reconciled Cost Of Revenue": NaN,
        "EBITDA": NaN,
        "EBIT": NaN,
        "Net Interest Income": NaN,
        "Interest Expense": NaN,
        "Interest Income": NaN,
        "Normalized Income": NaN,
        "Net Income From Continuing And Discontinued Operation": NaN,
        "Total Expenses": NaN,
        "Total Operating Income As Reported": NaN,
        "Diluted Average Shares": NaN,
        "Basic Average Shares": NaN,
        "Diluted EPS": NaN,
        "Basic EPS": NaN,
        "Diluted NI Availto Com Stockholders": NaN,
        "Net Income Common Stockholders": NaN,
        "Net Income": NaN,
        "Net Income Including Noncontrolling Interests": NaN,
        "Net Income Continuous Operations": NaN,
        "Tax Provision": NaN,
        "Pretax Income": NaN,
        "Other Income Expense": NaN,
        "Special Income Charges": NaN,
        "Other Special Charges": NaN,
        "Write Off": 0.0,
        "Gain On Sale Of Security": NaN,
        "Net Non Operating Interest Income Expense": NaN,
        "Interest Expense Non Operating": NaN,
        "Interest Income Non Operating": NaN,
        "Operating Income": NaN,
        "Operating Expense": NaN,
        "Other Operating Expenses": NaN,
        "Selling General And Administration": NaN,
        "General And Administrative Expense": NaN,
        "Other Gand A": NaN,
        "Salaries And Wages": NaN,
        "Gross Profit": NaN,
        "Cost Of Revenue": NaN,
        "Total Revenue": NaN,
        "Operating Revenue": NaN
    },
    "2022-06-30": {
        "Tax Effect Of Unusual Items": 929200.0,
        "Tax Rate For Calcs": 0.4,
        "Normalized EBITDA": 21591000.0,
        "Total Unusual Items": 2323000.0,
        "Total Unusual Items Excluding Goodwill": 2323000.0,
        "Net Income From Continuing Operation Net Minority Interest": -9733000.0,
        "Reconciled Depreciation": 29788000.0,
        "Reconciled Cost Of Revenue": 44849000.0,
        "EBITDA": 23914000.0,
        "EBIT": -5874000.0,
        "Net Interest Income": -3794000.0,
        "Interest Expense": 3794000.0,
        "Interest Income": NaN,
        "Normalized Income": -11126800.0,
        "Net Income From Continuing And Discontinued Operation": -9733000.0,
        "Total Expenses": 61236000.0,
        "Total Operating Income As Reported": -8197000.0,
        "Diluted Average Shares": 3918000.0,
        "Basic Average Shares": 3918000.0,
        "Diluted EPS": -2.64,
        "Basic EPS": -2.64,
        "Diluted NI Availto Com Stockholders": -9733000.0,
        "Net Income Common Stockholders": -9733000.0,
        "Net Income": -9733000.0,
        "Net Income Including Noncontrolling Interests": -9733000.0,
        "Net Income Continuous Operations": -9733000.0,
        "Tax Provision": 65000.0,
        "Pretax Income": -9668000.0,
        "Other Income Expense": 2323000.0,
        "Special Income Charges": 0.0,
        "Other Special Charges": NaN,
        "Write Off": 0.0,
        "Gain On Sale Of Security": 2323000.0,
        "Net Non Operating Interest Income Expense": -3794000.0,
        "Interest Expense Non Operating": 3794000.0,
        "Interest Income Non Operating": NaN,
        "Operating Income": -8197000.0,
        "Operating Expense": 16387000.0,
        "Other Operating Expenses": 1554000.0,
        "Selling General And Administration": 14833000.0,
        "General And Administrative Expense": 14833000.0,
        "Other Gand A": 8363000.0,
        "Salaries And Wages": 6470000.0,
        "Gross Profit": 8190000.0,
        "Cost Of Revenue": 44849000.0,
        "Total Revenue": 53039000.0,
        "Operating Revenue": 53020000.0
    },
    "2022-03-31": {
        "Diluted EPS": -0.06,
        "Total Revenue": 60,
        "Gross Profit": 12,
        "Operating Income": -5,
        "EBIT": 29,
        "Net Income": -6
    },
    "2021-12-31": {
        "Diluted EPS": 0.15,
        "Total Revenue": 73,
        "Gross Profit": 21,
        "Operating Income": -1,
        "EBIT": 35,
        "Net Income": 7
    },
    "2021-09-30": {
        "Diluted EPS": 0.13,
        "Total Revenue": 72,
        "Gross Profit": 18,
        "Operating Income": -3,
        "EBIT": 34,
        "Net Income": 14
    },
    "2021-06-30": {
        "Diluted EPS": -0.17,
        "Total Revenue": 77,
        "Gross Profit": 22,
        "Operating Income": -9,
        "EBIT": 29,
        "Net Income": -8
    },
    "2021-03-31": {
        "Diluted EPS": 0.15,
        "Total Revenue": 81,
        "Gross Profit": 28,
        "Operating Income": 14,
        "EBIT": 51,
        "Net Income": 8
    },
    "2020-12-31": {
        "Diluted EPS": -0.61,
        "Total Revenue": 115,
        "Gross Profit": 37,
        "Operating Income": 15,
        "EBIT": 49,
        "Net Income": 2
    },
    "2020-09-30": {
        "Diluted EPS": 0.21,
        "Total Revenue": 71,
        "Gross Profit": 24,
        "Operating Income": 14,
        "EBIT": 46,
        "Net Income": 10
    },
    "2020-06-30": {
        "Diluted EPS": 0.09,
        "Total Revenue": 61,
        "Gross Profit": 18,
        "Operating Income": 9,
        "EBIT": 9,
        "Net Income": 5
    },
    "2020-03-31": {
        "Diluted EPS": 0.79,
        "Total Revenue": NaN,
        "Gross Profit": NaN,
        "Operating Income": 0,
        "EBIT": 0,
        "Net Income": 5
    },
    "2019-12-31": {
        "Diluted EPS": 0.0,
        "Total Revenue": NaN,
        "Gross Profit": NaN,
        "Operating Income": NaN,
        "EBIT": NaN,
        "Net Income": NaN
    },
    "2023-06-30": {
        "Tax Effect Of Unusual Items": NaN,
        "Tax Rate For Calcs": NaN,
        "Normalized EBITDA": NaN,
        "Total Unusual Items": NaN,
        "Total Unusual Items Excluding Goodwill": NaN,
        "Net Income From Continuing Operation Net Minority Interest": NaN,
        "Reconciled Depreciation": NaN,
        "Reconciled Cost Of Revenue": NaN,
        "EBITDA": NaN,
        "EBIT": NaN,
        "Net Interest Income": NaN,
        "Interest Expense": NaN,
        "Interest Income": NaN,
        "Normalized Income": NaN,
        "Net Income From Continuing And Discontinued Operation": NaN,
        "Total Expenses": NaN,
        "Total Operating Income As Reported": NaN,
        "Diluted Average Shares": NaN,
        "Basic Average Shares": NaN,
        "Diluted EPS": NaN,
        "Basic EPS": NaN,
        "Diluted NI Availto Com Stockholders": NaN,
        "Net Income Common Stockholders": NaN,
        "Net Income": NaN,
        "Net Income Including Noncontrolling Interests": NaN,
        "Net Income Continuous Operations": NaN,
        "Tax Provision": NaN,
        "Pretax Income": NaN,
        "Other Income Expense": NaN,
        "Special Income Charges": NaN,
        "Other Special Charges": NaN,
        "Gain On Sale Of Security": NaN,
        "Net Non Operating Interest Income Expense": NaN,
        "Interest Expense Non Operating": NaN,
        "Interest Income Non Operating": NaN,
        "Operating Income": NaN,
        "Operating Expense": NaN,
        "Other Operating Expenses": NaN,
        "Selling General And Administration": 10137000.0,
        "General And Administrative Expense": 10137000.0,
        "Other Gand A": 4369000.0,
        "Salaries And Wages": 5768000.0,
        "Gross Profit": NaN,
        "Cost Of Revenue": NaN,
        "Total Revenue": NaN,
        "Operating Revenue": NaN
    },
    "2023-09-30": {
        "Tax Effect Of Unusual Items": NaN,
        "Tax Rate For Calcs": NaN,
        "Normalized EBITDA": NaN,
        "Total Unusual Items": NaN,
        "Total Unusual Items Excluding Goodwill": NaN,
        "Net Income From Continuing Operation Net Minority Interest": NaN,
        "Reconciled Depreciation": NaN,
        "Reconciled Cost Of Revenue": NaN,
        "EBITDA": NaN,
        "EBIT": NaN,
        "Net Interest Income": NaN,
        "Interest Expense": NaN,
        "Interest Income": NaN,
        "Normalized Income": NaN,
        "Net Income From Continuing And Discontinued Operation": NaN,
        "Total Expenses": NaN,
        "Total Operating Income As Reported": NaN,
        "Diluted Average Shares": NaN,
        "Basic Average Shares": NaN,
        "Diluted EPS": NaN,
        "Basic EPS": NaN,
        "Diluted NI Availto Com Stockholders": NaN,
        "Net Income Common Stockholders": NaN,
        "Net Income": NaN,
        "Net Income Including Noncontrolling Interests": NaN,
        "Net Income Continuous Operations": NaN,
        "Tax Provision": NaN,
        "Pretax Income": NaN,
        "Other Income Expense": NaN,
        "Special Income Charges": NaN,
        "Other Special Charges": NaN,
        "Gain On Sale Of Security": NaN,
        "Net Non Operating Interest Income Expense": NaN,
        "Interest Expense Non Operating": NaN,
        "Interest Income Non Operating": NaN,
        "Operating Income": NaN,
        "Operating Expense": NaN,
        "Other Operating Expenses": NaN,
        "Selling General And Administration": 8950000.0,
        "General And Administrative Expense": 8950000.0,
        "Other Gand A": 3833000.0,
        "Salaries And Wages": 5117000.0,
        "Gross Profit": NaN,
        "Cost Of Revenue": NaN,
        "Total Revenue": NaN,
        "Operating Revenue": NaN
    },
    "2023-12-31": {
        "Tax Effect Of Unusual Items": NaN,
        "Tax Rate For Calcs": NaN,
        "Normalized EBITDA": NaN,
        "Total Unusual Items": NaN,
        "Total Unusual Items Excluding Goodwill": NaN,
        "Net Income From Continuing Operation Net Minority Interest": NaN,
        "Reconciled Depreciation": NaN,
        "Reconciled Cost Of Revenue": NaN,
        "EBITDA": NaN,
        "EBIT": NaN,
        "Net Interest Income": NaN,
        "Interest Expense": NaN,
        "Interest Income": NaN,
        "Normalized Income": NaN,
        "Net Income From Continuing And Discontinued Operation": NaN,
        "Total Expenses": NaN,
        "Total Operating Income As Reported": NaN,
        "Diluted Average Shares": NaN,
        "Basic Average Shares": NaN,
        "Diluted EPS": NaN,
        "Basic EPS": NaN,
        "Diluted NI Availto Com Stockholders": NaN,
        "Net Income Common Stockholders": NaN,
        "Net Income": NaN,
        "Net Income Including Noncontrolling Interests": NaN,
        "Net Income Continuous Operations": NaN,
        "Tax Provision": NaN,
        "Pretax Income": NaN,
        "Other Income Expense": NaN,
        "Special Income Charges": -7000000.0,
        "Other Special Charges": 7000000.0,
        "Gain On Sale Of Security": NaN,
        "Net Non Operating Interest Income Expense": NaN,
        "Interest Expense Non Operating": NaN,
        "Interest Income Non Operating": NaN,
        "Operating Income": NaN,
        "Operating Expense": NaN,
        "Other Operating Expenses": NaN,
        "Selling General And Administration": 8631000.0,
        "General And Administrative Expense": 8631000.0,
        "Other Gand A": 3841000.0,
        "Salaries And Wages": 4790000.0,
        "Gross Profit": NaN,
        "Cost Of Revenue": NaN,
        "Total Revenue": NaN,
        "Operating Revenue": NaN
    },
    "2024-03-31": {
        "Tax Effect Of Unusual Items": -34020.0,
        "Tax Rate For Calcs": 0.21,
        "Normalized EBITDA": 43862000.0,
        "Total Unusual Items": -162000.0,
        "Total Unusual Items Excluding Goodwill": -162000.0,
        "Net Income From Continuing Operation Net Minority Interest": -570000.0,
        "Reconciled Depreciation": 39738000.0,
        "Reconciled Cost Of Revenue": 48573000.0,
        "EBITDA": 43700000.0,
        "EBIT": 3962000.0,
        "Net Interest Income": -4203000.0,
        "Interest Expense": 4527000.0,
        "Interest Income": 324000.0,
        "Normalized Income": -442020.0,
        "Net Income From Continuing And Discontinued Operation": -570000.0,
        "Total Expenses": 61261000.0,
        "Total Operating Income As Reported": 3800000.0,
        "Diluted Average Shares": 4242000.0,
        "Basic Average Shares": 4242000.0,
        "Diluted EPS": -0.13,
        "Basic EPS": -0.13,
        "Diluted NI Availto Com Stockholders": -570000.0,
        "Net Income Common Stockholders": -570000.0,
        "Net Income": -570000.0,
        "Net Income Including Noncontrolling Interests": -570000.0,
        "Net Income Continuous Operations": -570000.0,
        "Tax Provision": 5000.0,
        "Pretax Income": -565000.0,
        "Other Income Expense": -162000.0,
        "Special Income Charges": 0.0,
        "Other Special Charges": NaN,
        "Gain On Sale Of Security": -162000.0,
        "Net Non Operating Interest Income Expense": -4203000.0,
        "Interest Expense Non Operating": 4527000.0,
        "Interest Income Non Operating": 324000.0,
        "Operating Income": 3800000.0,
        "Operating Expense": 12688000.0,
        "Other Operating Expenses": 12688000.0,
        "Selling General And Administration": NaN,
        "General And Administrative Expense": NaN,
        "Other Gand A": NaN,
        "Salaries And Wages": NaN,
        "Gross Profit": 16488000.0,
        "Cost Of Revenue": 48573000.0,
        "Total Revenue": 65061000.0,
        "Operating Revenue": 64142000.0
    },
    "2024-06-30": {
        "Tax Effect Of Unusual Items": 22890.0,
        "Tax Rate For Calcs": 0.21,
        "Normalized EBITDA": 26882000.0,
        "Total Unusual Items": 109000.0,
        "Total Unusual Items Excluding Goodwill": 109000.0,
        "Net Income From Continuing Operation Net Minority Interest": -6888000.0,
        "Reconciled Depreciation": 29144000.0,
        "Reconciled Cost Of Revenue": 48935000.0,
        "EBITDA": 26991000.0,
        "EBIT": -2153000.0,
        "Net Interest Income": -4315000.0,
        "Interest Expense": 4674000.0,
        "Interest Income": 359000.0,
        "Normalized Income": -6974110.0,
        "Net Income From Continuing And Discontinued Operation": -6888000.0,
        "Total Expenses": 61484000.0,
        "Total Operating Income As Reported": -2621000.0,
        "Diluted Average Shares": 4286000.0,
        "Basic Average Shares": 4286000.0,
        "Diluted EPS": -1.61,
        "Basic EPS": -1.61,
        "Diluted NI Availto Com Stockholders": -6888000.0,
        "Net Income Common Stockholders": -6888000.0,
        "Net Income": -6888000.0,
        "Net Income Including Noncontrolling Interests": -6888000.0,
        "Net Income Continuous Operations": -6888000.0,
        "Tax Provision": 61000.0,
        "Pretax Income": -6827000.0,
        "Other Income Expense": 109000.0,
        "Special Income Charges": 0.0,
        "Other Special Charges": NaN,
        "Gain On Sale Of Security": 109000.0,
        "Net Non Operating Interest Income Expense": -4315000.0,
        "Interest Expense Non Operating": 4674000.0,
        "Interest Income Non Operating": 359000.0,
        "Operating Income": -2621000.0,
        "Operating Expense": 12549000.0,
        "Other Operating Expenses": 12549000.0,
        "Selling General And Administration": NaN,
        "General And Administrative Expense": NaN,
        "Other Gand A": NaN,
        "Salaries And Wages": NaN,
        "Gross Profit": 9928000.0,
        "Cost Of Revenue": 48935000.0,
        "Total Revenue": 58863000.0,
        "Operating Revenue": 58196000.0
    },
    "2024-09-30": {
        "Tax Effect Of Unusual Items": 15750.0,
        "Tax Rate For Calcs": 0.21,
        "Normalized EBITDA": 30255000.0,
        "Total Unusual Items": 75000.0,
        "Total Unusual Items Excluding Goodwill": 75000.0,
        "Net Income From Continuing Operation Net Minority Interest": -8888000.0,
        "Reconciled Depreciation": 34370000.0,
        "Reconciled Cost Of Revenue": 48358000.0,
        "EBITDA": 30330000.0,
        "EBIT": -4040000.0,
        "Net Interest Income": -4469000.0,
        "Interest Expense": 4801000.0,
        "Interest Income": 332000.0,
        "Normalized Income": -8947250.0,
        "Net Income From Continuing And Discontinued Operation": -8888000.0,
        "Total Expenses": 64754000.0,
        "Total Operating Income As Reported": -4447000.0,
        "Diluted Average Shares": 4341000.0,
        "Basic Average Shares": 4341000.0,
        "Diluted EPS": -2.05,
        "Basic EPS": -2.05,
        "Diluted NI Availto Com Stockholders": -8888000.0,
        "Net Income Common Stockholders": -8888000.0,
        "Net Income": -8888000.0,
        "Net Income Including Noncontrolling Interests": -8888000.0,
        "Net Income Continuous Operations": -8888000.0,
        "Tax Provision": 47000.0,
        "Pretax Income": -8841000.0,
        "Other Income Expense": 75000.0,
        "Special Income Charges": 0.0,
        "Other Special Charges": NaN,
        "Gain On Sale Of Security": 75000.0,
        "Net Non Operating Interest Income Expense": -4469000.0,
        "Interest Expense Non Operating": 4801000.0,
        "Interest Income Non Operating": 332000.0,
        "Operating Income": -4447000.0,
        "Operating Expense": 16396000.0,
        "Other Operating Expenses": 16396000.0,
        "Selling General And Administration": NaN,
        "General And Administrative Expense": NaN,
        "Other Gand A": NaN,
        "Salaries And Wages": NaN,
        "Gross Profit": 11949000.0,
        "Cost Of Revenue": 48358000.0,
        "Total Revenue": 60307000.0,
        "Operating Revenue": 59609000.0
    },
    "2024-12-31": {
        "Tax Effect Of Unusual Items": -770910.0,
        "Tax Rate For Calcs": 0.21,
        "Normalized EBITDA": 36683000.0,
        "Total Unusual Items": -3671000.0,
        "Total Unusual Items Excluding Goodwill": -3671000.0,
        "Net Income From Continuing Operation Net Minority Interest": -9569000.0,
        "Reconciled Depreciation": 37702000.0,
        "Reconciled Cost Of Revenue": 55557000.0,
        "EBITDA": 33012000.0,
        "EBIT": -4690000.0,
        "Net Interest Income": -4701000.0,
        "Interest Expense": 4849000.0,
        "Interest Income": 148000.0,
        "Normalized Income": -6668910.0,
        "Net Income From Continuing And Discontinued Operation": -9569000.0,
        "Total Expenses": 64130000.0,
        "Total Operating Income As Reported": -4833000.0,
        "Diluted Average Shares": 4518000.0,
        "Basic Average Shares": 4518000.0,
        "Diluted EPS": -2.12,
        "Basic EPS": -2.12,
        "Diluted NI Availto Com Stockholders": -9569000.0,
        "Net Income Common Stockholders": -9569000.0,
        "Net Income": -9569000.0,
        "Net Income Including Noncontrolling Interests": -9569000.0,
        "Net Income Continuous Operations": -9569000.0,
        "Tax Provision": 30000.0,
        "Pretax Income": -9539000.0,
        "Other Income Expense": -3671000.0,
        "Special Income Charges": -3666000.0,
        "Other Special Charges": NaN,
        "Gain On Sale Of Security": -5000.0,
        "Net Non Operating Interest Income Expense": -4701000.0,
        "Interest Expense Non Operating": 4849000.0,
        "Interest Income Non Operating": 148000.0,
        "Operating Income": -1167000.0,
        "Operating Expense": 8573000.0,
        "Other Operating Expenses": -27570000.0,
        "Selling General And Administration": NaN,
        "General And Administrative Expense": NaN,
        "Other Gand A": NaN,
        "Salaries And Wages": NaN,
        "Gross Profit": 7406000.0,
        "Cost Of Revenue": 55557000.0,
        "Total Revenue": 62963000.0,
        "Operating Revenue": 62031000.0
    },
    "2025-03-31": {
        "Tax Effect Of Unusual Items": -7560.0,
        "Tax Rate For Calcs": 0.21,
        "Normalized EBITDA": 45621000.0,
        "Total Unusual Items": -36000.0,
        "Total Unusual Items Excluding Goodwill": -36000.0,
        "Net Income From Continuing Operation Net Minority Interest": -5688000.0,
        "Reconciled Depreciation": 46100000.0,
        "Reconciled Cost Of Revenue": 57597000.0,
        "EBITDA": 45585000.0,
        "EBIT": -515000.0,
        "Net Interest Income": -5087000.0,
        "Interest Expense": 5144000.0,
        "Interest Income": 57000.0,
        "Normalized Income": -5659560.0,
        "Net Income From Continuing And Discontinued Operation": -5688000.0,
        "Total Expenses": 72482000.0,
        "Total Operating Income As Reported": -536000.0,
        "Diluted Average Shares": 4618000.0,
        "Basic Average Shares": 4618000.0,
        "Diluted EPS": -1.23,
        "Basic EPS": -1.23,
        "Diluted NI Availto Com Stockholders": -5688000.0,
        "Net Income Common Stockholders": -5688000.0,
        "Net Income": -5688000.0,
        "Net Income Including Noncontrolling Interests": -5688000.0,
        "Net Income Continuous Operations": -5688000.0,
        "Tax Provision": 29000.0,
        "Pretax Income": -5659000.0,
        "Other Income Expense": -36000.0,
        "Special Income Charges": NaN,
        "Other Special Charges": NaN,
        "Gain On Sale Of Security": -36000.0,
        "Net Non Operating Interest Income Expense": -5087000.0,
        "Interest Expense Non Operating": 5144000.0,
        "Interest Income Non Operating": 57000.0,
        "Operating Income": -536000.0,
        "Operating Expense": 14885000.0,
        "Other Operating Expenses": 14885000.0,
        "Selling General And Administration": NaN,
        "General And Administrative Expense": NaN,
        "Other Gand A": NaN,
        "Salaries And Wages": NaN,
        "Gross Profit": 14349000.0,
        "Cost Of Revenue": 57597000.0,
        "Total Revenue": 71946000.0,
        "Operating Revenue": 71078000.0
    }
}