{
    "2023-03-31": {
        "Tax Effect Of Unusual Items": 0.0,
        "Tax Rate For Calcs": 0.21,
        "Normalized EBITDA": -20268000.0,
        "Net Income From Continuing Operation Net Minority Interest": -18931000.0,
        "Reconciled Depreciation": 3873000.0,
        "Reconciled Cost Of Revenue": 34706000.0,
        "EBITDA": -20268000.0,
        "EBIT": -24141000.0,
        "Net Interest Income": 5404000.0,
        "Interest Income": 5404000.0,
        "Normalized Income": -18931000.0,
        "Net Income From Continuing And Discontinued Operation": -18931000.0,
        "Total Expenses": 71919000.0,
        "Total Operating Income As Reported": -24141000.0,
        "Diluted Average Shares": 49887982.0,
        "Basic Average Shares": 49887982.0,
        "Diluted EPS": -0.38,
        "Basic EPS": -0.38,
        "Diluted NI Availto Com Stockholders": -18931000.0,
        "Net Income Common Stockholders": -18931000.0,
        "Net Income": -18931000.0,
        "Net Income Including Noncontrolling Interests": -18931000.0,
        "Net Income Continuous Operations": -18931000.0,
        "Tax Provision": 194000.0,
        "Pretax Income": -18737000.0,
        "Net Non Operating Interest Income Expense": 5404000.0,
        "Interest Income Non Operating": 5404000.0,
        "Operating Income": -24141000.0,
        "Operating Expense": 37213000.0,
        "Research And Development": 13082000.0,
        "Selling General And Administration": 24131000.0,
        "Selling And Marketing Expense": 15183000.0,
        "General And Administrative Expense": 8948000.0,
        "Other Gand A": 8948000.0,
        "Gross Profit": 13072000.0,
        "Cost Of Revenue": 34706000.0,
        "Total Revenue": 47778000.0,
        "Operating Revenue": 47778000.0
    },
    "2022-12-31": {
        "Tax Effect Of Unusual Items": 0.0,
        "Tax Rate For Calcs": 0.21,
        "Normalized EBITDA": -12310000.0,
        "Net Income From Continuing Operation Net Minority Interest": -35360000.0,
        "Reconciled Depreciation": 4399000.0,
        "Reconciled Cost Of Revenue": 41949000.0,
        "EBITDA": -12310000.0,
        "EBIT": -16709000.0,
        "Net Interest Income": 4456000.0,
        "Interest Income": 4721000.0,
        "Normalized Income": -35360000.0,
        "Net Income From Continuing And Discontinued Operation": -35360000.0,
        "Total Expenses": 80007000.0,
        "Total Operating Income As Reported": -16709000.0,
        "Diluted Average Shares": 49913898.0,
        "Basic Average Shares": 49913898.0,
        "Diluted EPS": -0.71,
        "Basic EPS": -0.71,
        "Diluted NI Availto Com Stockholders": -35360000.0,
        "Net Income Common Stockholders": -35360000.0,
        "Net Income": -35360000.0,
        "Net Income Including Noncontrolling Interests": -35360000.0,
        "Net Income Continuous Operations": -35360000.0,
        "Tax Provision": 23703000.0,
        "Pretax Income": -11657000.0,
        "Net Non Operating Interest Income Expense": 4456000.0,
        "Interest Income Non Operating": 4721000.0,
        "Operating Income": -16709000.0,
        "Operating Expense": 38058000.0,
        "Research And Development": 13251000.0,
        "Selling General And Administration": 24807000.0,
        "Selling And Marketing Expense": 16150000.0,
        "General And Administrative Expense": 8657000.0,
        "Other Gand A": 8657000.0,
        "Gross Profit": 21349000.0,
        "Cost Of Revenue": 41949000.0,
        "Total Revenue": 63298000.0,
        "Operating Revenue": 63298000.0
    },
    "2022-09-30": {
        "Tax Effect Of Unusual Items": 0.0,
        "Tax Rate For Calcs": 0.006784,
        "Normalized EBITDA": -18105000.0,
        "Net Income From Continuing Operation Net Minority Interest": -19032000.0,
        "Reconciled Depreciation": 3264000.0,
        "Reconciled Cost Of Revenue": 45358000.0,
        "EBITDA": -18105000.0,
        "EBIT": -21369000.0,
        "Net Interest Income": 2207000.0,
        "Interest Income": 2207000.0,
        "Normalized Income": -19032000.0,
        "Net Income From Continuing And Discontinued Operation": -19032000.0,
        "Total Expenses": 88160000.0,
        "Total Operating Income As Reported": -21369000.0,
        "Diluted Average Shares": 49834417.0,
        "Basic Average Shares": 49834417.0,
        "Diluted EPS": -0.38,
        "Basic EPS": -0.38,
        "Diluted NI Availto Com Stockholders": -19032000.0,
        "Net Income Common Stockholders": -19032000.0,
        "Net Income": -19032000.0,
        "Net Income Including Noncontrolling Interests": -19032000.0,
        "Net Income Continuous Operations": -19032000.0,
        "Tax Provision": -130000.0,
        "Pretax Income": -19162000.0,
        "Net Non Operating Interest Income Expense": 2207000.0,
        "Total Other Finance Cost": NaN,
        "Interest Income Non Operating": 2207000.0,
        "Operating Income": -21369000.0,
        "Operating Expense": 42802000.0,
        "Research And Development": 14684000.0,
        "Selling General And Administration": 28118000.0,
        "Selling And Marketing Expense": 17502000.0,
        "General And Administrative Expense": 10616000.0,
        "Other Gand A": 10616000.0,
        "Gross Profit": 21433000.0,
        "Cost Of Revenue": 45358000.0,
        "Total Revenue": 66791000.0,
        "Operating Revenue": 66791000.0
    },
    "2022-06-30": {
        "Tax Effect Of Unusual Items": 0.0,
        "Tax Rate For Calcs": 0.053414,
        "Normalized EBITDA": -21577000.0,
        "Net Income From Continuing Operation Net Minority Interest": -19476000.0,
        "Reconciled Depreciation": 3322000.0,
        "Reconciled Cost Of Revenue": 37604000.0,
        "EBITDA": -21577000.0,
        "EBIT": -24899000.0,
        "Net Interest Income": 4324000.0,
        "Interest Income": 4324000.0,
        "Normalized Income": -19476000.0,
        "Net Income From Continuing And Discontinued Operation": -19476000.0,
        "Total Expenses": 83035000.0,
        "Total Operating Income As Reported": -24899000.0,
        "Diluted Average Shares": 49756990.0,
        "Basic Average Shares": 49756990.0,
        "Diluted EPS": -0.39,
        "Basic EPS": -0.39,
        "Diluted NI Availto Com Stockholders": -19476000.0,
        "Net Income Common Stockholders": -19476000.0,
        "Net Income": -19476000.0,
        "Net Income Including Noncontrolling Interests": -19476000.0,
        "Net Income Continuous Operations": -19476000.0,
        "Tax Provision": -1099000.0,
        "Pretax Income": -20575000.0,
        "Net Non Operating Interest Income Expense": 4324000.0,
        "Total Other Finance Cost": NaN,
        "Interest Income Non Operating": 4324000.0,
        "Operating Income": -24899000.0,
        "Operating Expense": 45431000.0,
        "Research And Development": 14081000.0,
        "Selling General And Administration": 31350000.0,
        "Selling And Marketing Expense": 21100000.0,
        "General And Administrative Expense": 10250000.0,
        "Other Gand A": 10250000.0,
        "Gross Profit": 20532000.0,
        "Cost Of Revenue": 37604000.0,
        "Total Revenue": 58136000.0,
        "Operating Revenue": 58136000.0
    },
    "2023-06-30": {
        "Tax Effect Of Unusual Items": 0.0,
        "Tax Rate For Calcs": 0.21,
        "Normalized EBITDA": -17259000.0,
        "Net Income From Continuing Operation Net Minority Interest": -14325000.0,
        "Reconciled Depreciation": 3654000.0,
        "Reconciled Cost Of Revenue": 37506000.0,
        "EBITDA": -17259000.0,
        "EBIT": -20913000.0,
        "Net Interest Income": 7018000.0,
        "Interest Income": 7018000.0,
        "Normalized Income": -14325000.0,
        "Net Income From Continuing And Discontinued Operation": -14325000.0,
        "Total Expenses": 77112000.0,
        "Total Operating Income As Reported": -20913000.0,
        "Diluted Average Shares": 49554383.0,
        "Basic Average Shares": 49554383.0,
        "Diluted EPS": -0.29,
        "Basic EPS": -0.29,
        "Diluted NI Availto Com Stockholders": -14325000.0,
        "Net Income Common Stockholders": -14325000.0,
        "Net Income": -14325000.0,
        "Net Income Including Noncontrolling Interests": -14325000.0,
        "Net Income Continuous Operations": -14325000.0,
        "Tax Provision": 430000.0,
        "Pretax Income": -13895000.0,
        "Net Non Operating Interest Income Expense": 7018000.0,
        "Interest Income Non Operating": 7018000.0,
        "Operating Income": -20913000.0,
        "Operating Expense": 39606000.0,
        "Research And Development": 12907000.0,
        "Selling General And Administration": 26699000.0,
        "Selling And Marketing Expense": 18158000.0,
        "General And Administrative Expense": 8541000.0,
        "Other Gand A": 8541000.0,
        "Gross Profit": 18693000.0,
        "Cost Of Revenue": 37506000.0,
        "Total Revenue": 56199000.0,
        "Operating Revenue": 56199000.0
    },
    "2023-09-30": {
        "Tax Effect Of Unusual Items": NaN,
        "Tax Rate For Calcs": NaN,
        "Normalized EBITDA": NaN,
        "Net Income From Continuing Operation Net Minority Interest": NaN,
        "Reconciled Depreciation": NaN,
        "Reconciled Cost Of Revenue": NaN,
        "EBITDA": NaN,
        "EBIT": NaN,
        "Net Interest Income": NaN,
        "Interest Income": NaN,
        "Normalized Income": NaN,
        "Net Income From Continuing And Discontinued Operation": NaN,
        "Total Expenses": NaN,
        "Total Operating Income As Reported": NaN,
        "Diluted Average Shares": 48968244.0,
        "Basic Average Shares": 48968244.0,
        "Diluted EPS": -0.17,
        "Basic EPS": -0.17,
        "Diluted NI Availto Com Stockholders": NaN,
        "Net Income Common Stockholders": NaN,
        "Net Income": NaN,
        "Net Income Including Noncontrolling Interests": NaN,
        "Net Income Continuous Operations": NaN,
        "Tax Provision": NaN,
        "Pretax Income": NaN,
        "Net Non Operating Interest Income Expense": NaN,
        "Interest Income Non Operating": NaN,
        "Operating Income": NaN,
        "Operating Expense": NaN,
        "Research And Development": NaN,
        "Selling General And Administration": NaN,
        "Selling And Marketing Expense": NaN,
        "General And Administrative Expense": NaN,
        "Other Gand A": NaN,
        "Gross Profit": NaN,
        "Cost Of Revenue": NaN,
        "Total Revenue": NaN,
        "Operating Revenue": NaN
    },
    "2023-12-31": {
        "Tax Effect Of Unusual Items": 0.0,
        "Tax Rate For Calcs": 0.21,
        "Normalized EBITDA": -24532000.0,
        "Net Income From Continuing Operation Net Minority Interest": -22934000.0,
        "Reconciled Depreciation": 3287000.0,
        "Reconciled Cost Of Revenue": 42013000.0,
        "EBITDA": -24532000.0,
        "EBIT": -27819000.0,
        "Net Interest Income": 8627000.0,
        "Interest Income": 8863000.0,
        "Normalized Income": -22934000.0,
        "Net Income From Continuing And Discontinued Operation": -22934000.0,
        "Total Expenses": 84404000.0,
        "Total Operating Income As Reported": -27819000.0,
        "Diluted Average Shares": 48231916.0,
        "Basic Average Shares": 48231916.0,
        "Diluted EPS": -0.48,
        "Basic EPS": -0.48,
        "Diluted NI Availto Com Stockholders": -22934000.0,
        "Net Income Common Stockholders": -22934000.0,
        "Net Income": -22934000.0,
        "Net Income Including Noncontrolling Interests": -22934000.0,
        "Net Income Continuous Operations": -22934000.0,
        "Tax Provision": 539000.0,
        "Pretax Income": -22395000.0,
        "Net Non Operating Interest Income Expense": 8627000.0,
        "Interest Income Non Operating": 8863000.0,
        "Operating Income": -27819000.0,
        "Operating Expense": 42391000.0,
        "Research And Development": 12033000.0,
        "Selling General And Administration": 30358000.0,
        "Selling And Marketing Expense": 17909000.0,
        "General And Administrative Expense": 12449000.0,
        "Other Gand A": 12449000.0,
        "Gross Profit": 14572000.0,
        "Cost Of Revenue": 42013000.0,
        "Total Revenue": 56585000.0,
        "Operating Revenue": 56585000.0
    },
    "2024-03-31": {
        "Tax Effect Of Unusual Items": 0.0,
        "Tax Rate For Calcs": 0.21,
        "Normalized EBITDA": -14962000.0,
        "Net Income From Continuing Operation Net Minority Interest": -13199000.0,
        "Reconciled Depreciation": 3324000.0,
        "Reconciled Cost Of Revenue": 29637000.0,
        "EBITDA": -14962000.0,
        "EBIT": -18286000.0,
        "Net Interest Income": 5346000.0,
        "Interest Income": 5346000.0,
        "Normalized Income": -13199000.0,
        "Net Income From Continuing And Discontinued Operation": -13199000.0,
        "Total Expenses": 62062000.0,
        "Total Operating Income As Reported": -18286000.0,
        "Diluted Average Shares": 47611456.0,
        "Basic Average Shares": 47611456.0,
        "Diluted EPS": -0.28,
        "Basic EPS": -0.28,
        "Diluted NI Availto Com Stockholders": -13199000.0,
        "Net Income Common Stockholders": -13199000.0,
        "Net Income": -13199000.0,
        "Net Income Including Noncontrolling Interests": -13199000.0,
        "Net Income Continuous Operations": -13199000.0,
        "Tax Provision": 259000.0,
        "Pretax Income": -12940000.0,
        "Net Non Operating Interest Income Expense": 5346000.0,
        "Interest Income Non Operating": 5346000.0,
        "Operating Income": -18286000.0,
        "Operating Expense": 32425000.0,
        "Research And Development": 11352000.0,
        "Selling General And Administration": 21073000.0,
        "Selling And Marketing Expense": 13796000.0,
        "General And Administrative Expense": 7277000.0,
        "Other Gand A": 7277000.0,
        "Gross Profit": 14139000.0,
        "Cost Of Revenue": 29637000.0,
        "Total Revenue": 43776000.0,
        "Operating Revenue": 43776000.0
    },
    "2024-06-30": {
        "Tax Effect Of Unusual Items": 0.0,
        "Tax Rate For Calcs": 0.21,
        "Normalized EBITDA": -7505000.0,
        "Net Income From Continuing Operation Net Minority Interest": -4909000.0,
        "Reconciled Depreciation": 3191000.0,
        "Reconciled Cost Of Revenue": 26337000.0,
        "EBITDA": -7505000.0,
        "EBIT": -10696000.0,
        "Net Interest Income": 6435000.0,
        "Interest Income": 6435000.0,
        "Normalized Income": -4909000.0,
        "Net Income From Continuing And Discontinued Operation": -4909000.0,
        "Total Expenses": 59317000.0,
        "Total Operating Income As Reported": -10696000.0,
        "Diluted Average Shares": 47535212.0,
        "Basic Average Shares": 47535212.0,
        "Diluted EPS": -0.1,
        "Basic EPS": -0.1,
        "Diluted NI Availto Com Stockholders": -4909000.0,
        "Net Income Common Stockholders": -4909000.0,
        "Net Income": -4909000.0,
        "Net Income Including Noncontrolling Interests": -4909000.0,
        "Net Income Continuous Operations": -4909000.0,
        "Tax Provision": 648000.0,
        "Pretax Income": -4261000.0,
        "Net Non Operating Interest Income Expense": 6435000.0,
        "Interest Income Non Operating": 6435000.0,
        "Operating Income": -10696000.0,
        "Operating Expense": 32980000.0,
        "Research And Development": 10472000.0,
        "Selling General And Administration": 22508000.0,
        "Selling And Marketing Expense": 14976000.0,
        "General And Administrative Expense": 7532000.0,
        "Other Gand A": 7532000.0,
        "Gross Profit": 22284000.0,
        "Cost Of Revenue": 26337000.0,
        "Total Revenue": 48621000.0,
        "Operating Revenue": 48621000.0
    },
    "2024-09-30": {
        "Tax Effect Of Unusual Items": 0.0,
        "Tax Rate For Calcs": 0.21,
        "Normalized EBITDA": -3904000.0,
        "Net Income From Continuing Operation Net Minority Interest": -908000.0,
        "Reconciled Depreciation": 3219000.0,
        "Reconciled Cost Of Revenue": 26522000.0,
        "EBITDA": -3904000.0,
        "EBIT": -7123000.0,
        "Net Interest Income": 6720000.0,
        "Interest Income": 6720000.0,
        "Normalized Income": -908000.0,
        "Net Income From Continuing And Discontinued Operation": -908000.0,
        "Total Expenses": 57855000.0,
        "Total Operating Income As Reported": -7123000.0,
        "Diluted Average Shares": 47604224.0,
        "Basic Average Shares": 47604224.0,
        "Diluted EPS": -0.02,
        "Basic EPS": -0.02,
        "Diluted NI Availto Com Stockholders": -908000.0,
        "Net Income Common Stockholders": -908000.0,
        "Net Income": -908000.0,
        "Net Income Including Noncontrolling Interests": -908000.0,
        "Net Income Continuous Operations": -908000.0,
        "Tax Provision": 505000.0,
        "Pretax Income": -403000.0,
        "Net Non Operating Interest Income Expense": 6720000.0,
        "Interest Income Non Operating": 6720000.0,
        "Operating Income": -7123000.0,
        "Operating Expense": 31333000.0,
        "Research And Development": 9973000.0,
        "Selling General And Administration": 21360000.0,
        "Selling And Marketing Expense": 14441000.0,
        "General And Administrative Expense": 6919000.0,
        "Other Gand A": 6919000.0,
        "Gross Profit": 24210000.0,
        "Cost Of Revenue": 26522000.0,
        "Total Revenue": 50732000.0,
        "Operating Revenue": 50732000.0
    },
    "2024-12-31": {
        "Tax Effect Of Unusual Items": 0.0,
        "Tax Rate For Calcs": 0.160288,
        "Normalized EBITDA": 2103000.0,
        "Net Income From Continuing Operation Net Minority Interest": 2216000.0,
        "Reconciled Depreciation": 3313000.0,
        "Reconciled Cost Of Revenue": 29567000.0,
        "EBITDA": 2103000.0,
        "EBIT": -1210000.0,
        "Net Interest Income": 4713000.0,
        "Interest Income": 4960000.0,
        "Normalized Income": 2216000.0,
        "Net Income From Continuing And Discontinued Operation": 2216000.0,
        "Total Expenses": 61906000.0,
        "Total Operating Income As Reported": -1210000.0,
        "Diluted Average Shares": 48222449.0,
        "Basic Average Shares": 47180390.0,
        "Diluted EPS": 0.05,
        "Basic EPS": 0.05,
        "Diluted NI Availto Com Stockholders": 2216000.0,
        "Net Income Common Stockholders": 2216000.0,
        "Net Income": 2216000.0,
        "Net Income Including Noncontrolling Interests": 2216000.0,
        "Net Income Continuous Operations": 2216000.0,
        "Tax Provision": 423000.0,
        "Pretax Income": 2639000.0,
        "Net Non Operating Interest Income Expense": 4713000.0,
        "Interest Income Non Operating": 4960000.0,
        "Operating Income": -1210000.0,
        "Operating Expense": 32339000.0,
        "Research And Development": 9781000.0,
        "Selling General And Administration": 22558000.0,
        "Selling And Marketing Expense": 15200000.0,
        "General And Administrative Expense": 7358000.0,
        "Other Gand A": 7358000.0,
        "Gross Profit": 31129000.0,
        "Cost Of Revenue": 29567000.0,
        "Total Revenue": 60696000.0,
        "Operating Revenue": 60696000.0
    },
    "2025-03-31": {
        "Tax Effect Of Unusual Items": 0.0,
        "Tax Rate For Calcs": 0.21,
        "Normalized EBITDA": -9225000.0,
        "Net Income From Continuing Operation Net Minority Interest": -5059000.0,
        "Reconciled Depreciation": 2846000.0,
        "Reconciled Cost Of Revenue": 26657000.0,
        "EBITDA": -9225000.0,
        "EBIT": -12071000.0,
        "Net Interest Income": 7383000.0,
        "Interest Income": 7383000.0,
        "Normalized Income": -5059000.0,
        "Net Income From Continuing And Discontinued Operation": -5059000.0,
        "Total Expenses": 58528000.0,
        "Total Operating Income As Reported": -12071000.0,
        "Diluted Average Shares": 45801003.0,
        "Basic Average Shares": 45801003.0,
        "Diluted EPS": -0.11,
        "Basic EPS": -0.11,
        "Diluted NI Availto Com Stockholders": -5059000.0,
        "Net Income Common Stockholders": -5059000.0,
        "Net Income": -5059000.0,
        "Net Income Including Noncontrolling Interests": -5059000.0,
        "Net Income Continuous Operations": -5059000.0,
        "Tax Provision": 371000.0,
        "Pretax Income": -4688000.0,
        "Net Non Operating Interest Income Expense": 7383000.0,
        "Interest Income Non Operating": 7383000.0,
        "Operating Income": -12071000.0,
        "Operating Expense": 31871000.0,
        "Research And Development": 9278000.0,
        "Selling General And Administration": 22593000.0,
        "Selling And Marketing Expense": 14949000.0,
        "General And Administrative Expense": 7644000.0,
        "Other Gand A": 7644000.0,
        "Gross Profit": 19800000.0,
        "Cost Of Revenue": 26657000.0,
        "Total Revenue": 46457000.0,
        "Operating Revenue": 46457000.0
    },
    "2025-06-30": {
        "Tax Effect Of Unusual Items": 0.0,
        "Tax Rate For Calcs": 0.21,
        "Normalized EBITDA": -7936000.0,
        "Net Income From Continuing Operation Net Minority Interest": -7518000.0,
        "Reconciled Depreciation": 2930000.0,
        "Reconciled Cost Of Revenue": 29010000.0,
        "EBITDA": -7936000.0,
        "EBIT": -10866000.0,
        "Net Interest Income": 3465000.0,
        "Interest Income": 3465000.0,
        "Normalized Income": -7518000.0,
        "Net Income From Continuing And Discontinued Operation": -7518000.0,
        "Total Expenses": 60620000.0,
        "Total Operating Income As Reported": -10866000.0,
        "Diluted Average Shares": 45164493.0,
        "Basic Average Shares": 45164493.0,
        "Diluted EPS": -0.17,
        "Basic EPS": -0.17,
        "Diluted NI Availto Com Stockholders": -7518000.0,
        "Net Income Common Stockholders": -7518000.0,
        "Net Income": -7518000.0,
        "Net Income Including Noncontrolling Interests": -7518000.0,
        "Net Income Continuous Operations": -7518000.0,
        "Tax Provision": 117000.0,
        "Pretax Income": -7401000.0,
        "Net Non Operating Interest Income Expense": 3465000.0,
        "Interest Income Non Operating": 3465000.0,
        "Operating Income": -10866000.0,
        "Operating Expense": 31610000.0,
        "Research And Development": 9143000.0,
        "Selling General And Administration": 22467000.0,
        "Selling And Marketing Expense": 14993000.0,
        "General And Administrative Expense": 7474000.0,
        "Other Gand A": 7474000.0,
        "Gross Profit": 20744000.0,
        "Cost Of Revenue": 29010000.0,
        "Total Revenue": 49754000.0,
        "Operating Revenue": 49754000.0
    },
    "2025-09-30": {
        "Tax Effect Of Unusual Items": 0.0,
        "Tax Rate For Calcs": 0.21,
        "Normalized EBITDA": -5121000.0,
        "Net Income From Continuing Operation Net Minority Interest": -2592000.0,
        "Reconciled Depreciation": 2931000.0,
        "Reconciled Cost Of Revenue": 30045000.0,
        "EBITDA": -5121000.0,
        "EBIT": -8052000.0,
        "Net Interest Income": 5540000.0,
        "Interest Income": 5540000.0,
        "Normalized Income": -2592000.0,
        "Net Income From Continuing And Discontinued Operation": -2592000.0,
        "Total Expenses": 61186000.0,
        "Total Operating Income As Reported": -8052000.0,
        "Diluted Average Shares": 44908580.0,
        "Basic Average Shares": 44908580.0,
        "Diluted EPS": -0.06,
        "Basic EPS": -0.06,
        "Diluted NI Availto Com Stockholders": -2592000.0,
        "Net Income Common Stockholders": -2592000.0,
        "Net Income": -2592000.0,
        "Net Income Including Noncontrolling Interests": -2592000.0,
        "Net Income Continuous Operations": -2592000.0,
        "Tax Provision": 80000.0,
        "Pretax Income": -2512000.0,
        "Net Non Operating Interest Income Expense": 5540000.0,
        "Interest Income Non Operating": 5540000.0,
        "Operating Income": -8052000.0,
        "Operating Expense": 31141000.0,
        "Research And Development": 9013000.0,
        "Selling General And Administration": 22128000.0,
        "Selling And Marketing Expense": 14221000.0,
        "General And Administrative Expense": 7907000.0,
        "Other Gand A": 7907000.0,
        "Gross Profit": 23089000.0,
        "Cost Of Revenue": 30045000.0,
        "Total Revenue": 53134000.0,
        "Operating Revenue": 53134000.0
    }
}