{
    "2023-03-31": {
        "Tax Effect Of Unusual Items": NaN,
        "Tax Rate For Calcs": NaN,
        "Normalized EBITDA": NaN,
        "Total Unusual Items": NaN,
        "Total Unusual Items Excluding Goodwill": NaN,
        "Net Income From Continuing Operation Net Minority Interest": NaN,
        "Reconciled Depreciation": NaN,
        "Reconciled Cost Of Revenue": NaN,
        "EBITDA": NaN,
        "EBIT": NaN,
        "Net Interest Income": NaN,
        "Interest Expense": NaN,
        "Interest Income": NaN,
        "Normalized Income": NaN,
        "Net Income From Continuing And Discontinued Operation": NaN,
        "Total Expenses": NaN,
        "Total Operating Income As Reported": NaN,
        "Diluted Average Shares": NaN,
        "Basic Average Shares": NaN,
        "Diluted EPS": NaN,
        "Basic EPS": NaN,
        "Diluted NI Availto Com Stockholders": NaN,
        "Net Income Common Stockholders": NaN,
        "Net Income": NaN,
        "Net Income Including Noncontrolling Interests": NaN,
        "Net Income Continuous Operations": NaN,
        "Tax Provision": NaN,
        "Pretax Income": NaN,
        "Other Income Expense": NaN,
        "Other Non Operating Income Expenses": -900000.0,
        "Gain On Sale Of Security": NaN,
        "Net Non Operating Interest Income Expense": NaN,
        "Interest Expense Non Operating": NaN,
        "Interest Income Non Operating": NaN,
        "Operating Income": NaN,
        "Operating Expense": NaN,
        "Other Operating Expenses": NaN,
        "Selling General And Administration": NaN,
        "General And Administrative Expense": NaN,
        "Other Gand A": NaN,
        "Salaries And Wages": NaN,
        "Gross Profit": NaN,
        "Cost Of Revenue": NaN,
        "Total Revenue": NaN,
        "Operating Revenue": NaN
    },
    "2022-12-31": {
        "Tax Effect Of Unusual Items": NaN,
        "Tax Rate For Calcs": NaN,
        "Normalized EBITDA": NaN,
        "Total Unusual Items": NaN,
        "Total Unusual Items Excluding Goodwill": NaN,
        "Net Income From Continuing Operation Net Minority Interest": NaN,
        "Reconciled Depreciation": NaN,
        "Reconciled Cost Of Revenue": NaN,
        "EBITDA": NaN,
        "EBIT": NaN,
        "Net Interest Income": NaN,
        "Interest Expense": NaN,
        "Interest Income": NaN,
        "Normalized Income": NaN,
        "Net Income From Continuing And Discontinued Operation": NaN,
        "Total Expenses": NaN,
        "Total Operating Income As Reported": NaN,
        "Diluted Average Shares": NaN,
        "Basic Average Shares": NaN,
        "Diluted EPS": NaN,
        "Basic EPS": NaN,
        "Diluted NI Availto Com Stockholders": NaN,
        "Net Income Common Stockholders": NaN,
        "Net Income": NaN,
        "Net Income Including Noncontrolling Interests": NaN,
        "Net Income Continuous Operations": NaN,
        "Tax Provision": NaN,
        "Pretax Income": NaN,
        "Other Income Expense": NaN,
        "Other Non Operating Income Expenses": -3700000.0,
        "Gain On Sale Of Security": NaN,
        "Net Non Operating Interest Income Expense": NaN,
        "Interest Expense Non Operating": NaN,
        "Interest Income Non Operating": NaN,
        "Operating Income": NaN,
        "Operating Expense": NaN,
        "Other Operating Expenses": NaN,
        "Selling General And Administration": NaN,
        "General And Administrative Expense": NaN,
        "Other Gand A": NaN,
        "Salaries And Wages": NaN,
        "Gross Profit": NaN,
        "Cost Of Revenue": NaN,
        "Total Revenue": NaN,
        "Operating Revenue": NaN
    },
    "2022-09-30": {
        "Tax Effect Of Unusual Items": NaN,
        "Tax Rate For Calcs": NaN,
        "Normalized EBITDA": NaN,
        "Total Unusual Items": NaN,
        "Total Unusual Items Excluding Goodwill": NaN,
        "Net Income From Continuing Operation Net Minority Interest": NaN,
        "Reconciled Depreciation": NaN,
        "Reconciled Cost Of Revenue": NaN,
        "EBITDA": NaN,
        "EBIT": NaN,
        "Net Interest Income": NaN,
        "Interest Expense": NaN,
        "Interest Income": NaN,
        "Normalized Income": NaN,
        "Net Income From Continuing And Discontinued Operation": NaN,
        "Total Expenses": NaN,
        "Total Operating Income As Reported": NaN,
        "Diluted Average Shares": NaN,
        "Basic Average Shares": NaN,
        "Diluted EPS": NaN,
        "Basic EPS": NaN,
        "Diluted NI Availto Com Stockholders": NaN,
        "Net Income Common Stockholders": NaN,
        "Net Income": NaN,
        "Net Income Including Noncontrolling Interests": NaN,
        "Net Income Continuous Operations": NaN,
        "Tax Provision": NaN,
        "Pretax Income": NaN,
        "Other Income Expense": NaN,
        "Other Non Operating Income Expenses": -2900000.0,
        "Gain On Sale Of Security": NaN,
        "Net Non Operating Interest Income Expense": NaN,
        "Interest Expense Non Operating": NaN,
        "Interest Income Non Operating": NaN,
        "Operating Income": NaN,
        "Operating Expense": NaN,
        "Other Operating Expenses": NaN,
        "Selling General And Administration": NaN,
        "General And Administrative Expense": NaN,
        "Other Gand A": NaN,
        "Salaries And Wages": NaN,
        "Gross Profit": NaN,
        "Cost Of Revenue": NaN,
        "Total Revenue": NaN,
        "Operating Revenue": NaN
    },
    "2022-06-30": {
        "Tax Effect Of Unusual Items": 3462273.476112,
        "Tax Rate For Calcs": 0.243822,
        "Normalized EBITDA": 64900000.0,
        "Total Unusual Items": 14200000.0,
        "Total Unusual Items Excluding Goodwill": 14200000.0,
        "Net Income From Continuing Operation Net Minority Interest": 45900000.0,
        "Reconciled Depreciation": 14100000.0,
        "Reconciled Cost Of Revenue": 444800000.0,
        "EBITDA": 79100000.0,
        "EBIT": 65000000.0,
        "Net Interest Income": -3700000.0,
        "Interest Expense": 4300000.0,
        "Interest Income": 600000.0,
        "Normalized Income": 35162273.476112,
        "Net Income From Continuing And Discontinued Operation": 45900000.0,
        "Total Expenses": 512000000.0,
        "Total Operating Income As Reported": 65200000.0,
        "Diluted Average Shares": 115500000.0,
        "Basic Average Shares": 115500000.0,
        "Diluted EPS": 0.4,
        "Basic EPS": 0.4,
        "Diluted NI Availto Com Stockholders": 45900000.0,
        "Net Income Common Stockholders": 45900000.0,
        "Net Income": 45900000.0,
        "Net Income Including Noncontrolling Interests": 45900000.0,
        "Net Income Continuous Operations": 45900000.0,
        "Tax Provision": 14800000.0,
        "Pretax Income": 60700000.0,
        "Other Income Expense": 11100000.0,
        "Other Non Operating Income Expenses": -3100000.0,
        "Gain On Sale Of Security": 14200000.0,
        "Net Non Operating Interest Income Expense": -3700000.0,
        "Interest Expense Non Operating": 4300000.0,
        "Interest Income Non Operating": 600000.0,
        "Operating Income": 53300000.0,
        "Operating Expense": 67200000.0,
        "Other Operating Expenses": 4000000.0,
        "Selling General And Administration": 63200000.0,
        "General And Administrative Expense": 66300000.0,
        "Other Gand A": 63200000.0,
        "Salaries And Wages": 3100000.0,
        "Gross Profit": 120500000.0,
        "Cost Of Revenue": 444800000.0,
        "Total Revenue": 565300000.0,
        "Operating Revenue": 565300000.0
    },
    "2023-06-30": {
        "Tax Effect Of Unusual Items": NaN,
        "Tax Rate For Calcs": NaN,
        "Normalized EBITDA": NaN,
        "Total Unusual Items": NaN,
        "Total Unusual Items Excluding Goodwill": NaN,
        "Net Income From Continuing Operation Net Minority Interest": NaN,
        "Reconciled Depreciation": NaN,
        "Reconciled Cost Of Revenue": NaN,
        "EBITDA": NaN,
        "EBIT": NaN,
        "Net Interest Income": NaN,
        "Interest Expense": NaN,
        "Interest Income": NaN,
        "Normalized Income": NaN,
        "Net Income From Continuing And Discontinued Operation": NaN,
        "Total Expenses": NaN,
        "Total Operating Income As Reported": NaN,
        "Diluted Average Shares": 115100000.0,
        "Basic Average Shares": 115100000.0,
        "Diluted EPS": -0.07,
        "Basic EPS": -0.07,
        "Diluted NI Availto Com Stockholders": NaN,
        "Net Income Common Stockholders": NaN,
        "Net Income": NaN,
        "Net Income Including Noncontrolling Interests": NaN,
        "Net Income Continuous Operations": NaN,
        "Tax Provision": NaN,
        "Pretax Income": NaN,
        "Other Income Expense": NaN,
        "Other Non Operating Income Expenses": -2200000.0,
        "Gain On Sale Of Security": NaN,
        "Net Non Operating Interest Income Expense": NaN,
        "Interest Expense Non Operating": NaN,
        "Interest Income Non Operating": NaN,
        "Operating Income": NaN,
        "Operating Expense": NaN,
        "Other Operating Expenses": NaN,
        "Selling General And Administration": NaN,
        "General And Administrative Expense": NaN,
        "Other Gand A": NaN,
        "Salaries And Wages": NaN,
        "Gross Profit": NaN,
        "Cost Of Revenue": NaN,
        "Total Revenue": NaN,
        "Operating Revenue": NaN
    },
    "2022-03-31": {
        "Diluted EPS": 0.5,
        "Total Revenue": 563,
        "Gross Profit": 149,
        "Operating Income": 83,
        "EBIT": 98,
        "Net Income": 58
    },
    "2021-12-31": {
        "Diluted EPS": 0.28,
        "Total Revenue": 496,
        "Gross Profit": 119,
        "Operating Income": 52,
        "EBIT": 67,
        "Net Income": 32
    },
    "2021-09-30": {
        "Diluted EPS": 0.31,
        "Total Revenue": 500,
        "Gross Profit": 123,
        "Operating Income": 57,
        "EBIT": 72,
        "Net Income": 36
    },
    "2021-06-30": {
        "Diluted EPS": 0.22,
        "Total Revenue": 479,
        "Gross Profit": 109,
        "Operating Income": 44,
        "EBIT": 58,
        "Net Income": 26
    },
    "2021-03-31": {
        "Diluted EPS": 0.17,
        "Total Revenue": 465,
        "Gross Profit": 96,
        "Operating Income": 34,
        "EBIT": 48,
        "Net Income": 20
    },
    "2020-12-31": {
        "Diluted EPS": 0.09,
        "Total Revenue": 415,
        "Gross Profit": 87,
        "Operating Income": 20,
        "EBIT": 37,
        "Net Income": 10
    },
    "2020-09-30": {
        "Diluted EPS": 0.07,
        "Total Revenue": 417,
        "Gross Profit": 81,
        "Operating Income": 19,
        "EBIT": 35,
        "Net Income": 8
    },
    "2020-06-30": {
        "Diluted EPS": 0.16,
        "Total Revenue": 386,
        "Gross Profit": 96,
        "Operating Income": 33,
        "EBIT": 49,
        "Net Income": 19
    },
    "2020-03-31": {
        "Diluted EPS": 0.23,
        "Total Revenue": 421,
        "Gross Profit": 88,
        "Operating Income": 44,
        "EBIT": 60,
        "Net Income": 27
    },
    "2019-12-31": {
        "Diluted EPS": 0.08,
        "Total Revenue": 373,
        "Gross Profit": 80,
        "Operating Income": 17,
        "EBIT": 33,
        "Net Income": 9
    },
    "2019-09-30": {
        "Diluted EPS": 0.16,
        "Total Revenue": 437,
        "Gross Profit": 88,
        "Operating Income": 33,
        "EBIT": 47,
        "Net Income": 18
    },
    "2019-06-30": {
        "Diluted EPS": 0.25,
        "Total Revenue": 485,
        "Gross Profit": 110,
        "Operating Income": 47,
        "EBIT": 60,
        "Net Income": 30
    },
    "2019-03-31": {
        "Diluted EPS": 0.26,
        "Total Revenue": 437,
        "Gross Profit": 109,
        "Operating Income": 49,
        "EBIT": 61,
        "Net Income": 30
    },
    "2018-12-31": {
        "Diluted EPS": 0.21,
        "Total Revenue": 349,
        "Gross Profit": 97,
        "Operating Income": 45,
        "EBIT": 57,
        "Net Income": 24
    },
    "2018-09-30": {
        "Diluted EPS": 0.28,
        "Total Revenue": 410,
        "Gross Profit": 119,
        "Operating Income": 58,
        "EBIT": 71,
        "Net Income": 33
    },
    "2018-06-30": {
        "Diluted EPS": 0.67,
        "Total Revenue": 472,
        "Gross Profit": 172,
        "Operating Income": 120,
        "EBIT": 132,
        "Net Income": 78
    },
    "2018-03-31": {
        "Diluted EPS": 0.61,
        "Total Revenue": 430,
        "Gross Profit": 175,
        "Operating Income": 108,
        "EBIT": 120,
        "Net Income": 71
    },
    "2017-12-31": {
        "Diluted EPS": 0.4,
        "Total Revenue": 453,
        "Gross Profit": 176,
        "Operating Income": 121,
        "EBIT": 132,
        "Net Income": 47
    },
    "2017-09-30": {
        "Diluted EPS": 0.64,
        "Total Revenue": 465,
        "Gross Profit": 155,
        "Operating Income": 96,
        "EBIT": 107,
        "Net Income": 74
    },
    "2017-06-30": {
        "Diluted EPS": 1.7,
        "Total Revenue": 441,
        "Gross Profit": 132,
        "Operating Income": 74,
        "EBIT": 84,
        "Net Income": 197
    },
    "2017-03-31": {
        "Diluted EPS": 0.32,
        "Total Revenue": 370,
        "Gross Profit": 106,
        "Operating Income": 56,
        "EBIT": 67,
        "Net Income": 37
    },
    "2016-12-31": {
        "Diluted EPS": 0.2,
        "Total Revenue": 334,
        "Gross Profit": 93,
        "Operating Income": 55,
        "EBIT": 65,
        "Net Income": 23
    },
    "2016-09-30": {
        "Diluted EPS": 0.19,
        "Total Revenue": 356,
        "Gross Profit": 76,
        "Operating Income": 28,
        "EBIT": 38,
        "Net Income": 22
    },
    "2016-06-30": {
        "Diluted EPS": 0.01,
        "Total Revenue": 356,
        "Gross Profit": 56,
        "Operating Income": 11,
        "EBIT": 21,
        "Net Income": 2
    },
    "2016-03-31": {
        "Diluted EPS": -0.03,
        "Total Revenue": 318,
        "Gross Profit": 40,
        "Operating Income": 0,
        "EBIT": 10,
        "Net Income": -4
    },
    "2015-12-31": {
        "Diluted EPS": -0.18,
        "Total Revenue": 287,
        "Gross Profit": 25,
        "Operating Income": -20,
        "EBIT": -10,
        "Net Income": -20
    },
    "2015-09-30": {
        "Diluted EPS": -0.1,
        "Total Revenue": 337,
        "Gross Profit": 43,
        "Operating Income": -3,
        "EBIT": 7,
        "Net Income": -12
    },
    "2015-06-30": {
        "Diluted EPS": -1.38,
        "Total Revenue": 360,
        "Gross Profit": 47,
        "Operating Income": -10,
        "EBIT": 0,
        "Net Income": -160
    },
    "2015-03-31": {
        "Diluted EPS": 0.16,
        "Total Revenue": 365,
        "Gross Profit": 77,
        "Operating Income": 32,
        "EBIT": 43,
        "Net Income": 18
    },
    "2014-12-31": {
        "Diluted EPS": 0.17,
        "Total Revenue": 374,
        "Gross Profit": 80,
        "Operating Income": 32,
        "EBIT": 43,
        "Net Income": 20
    },
    "2014-09-30": {
        "Diluted EPS": 0.28,
        "Total Revenue": 415,
        "Gross Profit": 96,
        "Operating Income": 48,
        "EBIT": 60,
        "Net Income": 32
    },
    "2014-06-30": {
        "Diluted EPS": 0.29,
        "Total Revenue": 444,
        "Gross Profit": 94,
        "Operating Income": 44,
        "EBIT": 57,
        "Net Income": 33
    },
    "2014-03-31": {
        "Diluted EPS": 0.12,
        "Total Revenue": 420,
        "Gross Profit": 81,
        "Operating Income": 26,
        "EBIT": 39,
        "Net Income": 14
    },
    "2013-12-31": {
        "Diluted EPS": 0.02,
        "Total Revenue": 369,
        "Gross Profit": 52,
        "Operating Income": -1,
        "EBIT": 12,
        "Net Income": 3
    },
    "2013-09-30": {
        "Diluted EPS": -0.26,
        "Total Revenue": 419,
        "Gross Profit": 47,
        "Operating Income": -37,
        "EBIT": -24,
        "Net Income": -30
    },
    "2013-06-30": {
        "Diluted EPS": -0.29,
        "Total Revenue": 481,
        "Gross Profit": 10,
        "Operating Income": -48,
        "EBIT": -35,
        "Net Income": -34
    },
    "2013-03-31": {
        "Diluted EPS": -0.35,
        "Total Revenue": 464,
        "Gross Profit": 4,
        "Operating Income": -47,
        "EBIT": -34,
        "Net Income": -41
    },
    "2012-12-31": {
        "Diluted EPS": -0.15,
        "Total Revenue": 397,
        "Gross Profit": 50,
        "Operating Income": 1,
        "EBIT": 14,
        "Net Income": -18
    },
    "2012-09-30": {
        "Diluted EPS": 0.3,
        "Total Revenue": 473,
        "Gross Profit": 86,
        "Operating Income": 39,
        "EBIT": 50,
        "Net Income": 35
    },
    "2012-06-30": {
        "Diluted EPS": 0.56,
        "Total Revenue": 545,
        "Gross Profit": 163,
        "Operating Income": 111,
        "EBIT": 123,
        "Net Income": 65
    },
    "2012-03-31": {
        "Diluted EPS": 1.18,
        "Total Revenue": 561,
        "Gross Profit": 262,
        "Operating Income": 209,
        "EBIT": 221,
        "Net Income": 137
    },
    "2011-12-31": {
        "Diluted EPS": 0.74,
        "Total Revenue": 437,
        "Gross Profit": 194,
        "Operating Income": 143,
        "EBIT": 155,
        "Net Income": 86
    },
    "2011-09-30": {
        "Diluted EPS": 0.74,
        "Total Revenue": 548,
        "Gross Profit": 211,
        "Operating Income": 157,
        "EBIT": 169,
        "Net Income": 86
    },
    "2011-06-30": {
        "Diluted EPS": 0.77,
        "Total Revenue": 538,
        "Gross Profit": 197,
        "Operating Income": 144,
        "EBIT": 156,
        "Net Income": 89
    },
    "2011-03-31": {
        "Diluted EPS": 0.52,
        "Total Revenue": 420,
        "Gross Profit": 146,
        "Operating Income": 102,
        "EBIT": 114,
        "Net Income": 60
    },
    "2010-12-31": {
        "Diluted EPS": 0.33,
        "Total Revenue": 373,
        "Gross Profit": 103,
        "Operating Income": 61,
        "EBIT": 72,
        "Net Income": 36
    },
    "2010-09-30": {
        "Diluted EPS": 0.33,
        "Total Revenue": 377,
        "Gross Profit": 96,
        "Operating Income": 57,
        "EBIT": 68,
        "Net Income": 32
    },
    "2010-06-30": {
        "Diluted EPS": 0.2,
        "Total Revenue": 380,
        "Gross Profit": 85,
        "Operating Income": 39,
        "EBIT": 50,
        "Net Income": 19
    },
    "2010-03-31": {
        "Diluted EPS": 0.44,
        "Total Revenue": 320,
        "Gross Profit": 61,
        "Operating Income": 22,
        "EBIT": 33,
        "Net Income": 43
    },
    "2009-12-31": {
        "Diluted EPS": 0.06,
        "Total Revenue": 302,
        "Gross Profit": 53,
        "Operating Income": 11,
        "EBIT": 24,
        "Net Income": 5
    },
    "2009-09-30": {
        "Diluted EPS": 0.09,
        "Total Revenue": 310,
        "Gross Profit": 60,
        "Operating Income": 21,
        "EBIT": 33,
        "Net Income": 9
    },
    "2009-06-30": {
        "Diluted EPS": -0.23,
        "Total Revenue": 282,
        "Gross Profit": 14,
        "Operating Income": -22,
        "EBIT": -11,
        "Net Income": -22
    },
    "2009-03-31": {
        "Diluted EPS": -0.27,
        "Total Revenue": 248,
        "Gross Profit": 4,
        "Operating Income": -26,
        "EBIT": -15,
        "Net Income": -27
    },
    "2023-09-30": {
        "Tax Effect Of Unusual Items": NaN,
        "Tax Rate For Calcs": NaN,
        "Normalized EBITDA": NaN,
        "Total Unusual Items": NaN,
        "Total Unusual Items Excluding Goodwill": NaN,
        "Net Income From Continuing Operation Net Minority Interest": NaN,
        "Reconciled Depreciation": NaN,
        "Reconciled Cost Of Revenue": NaN,
        "EBITDA": NaN,
        "EBIT": NaN,
        "Net Interest Income": NaN,
        "Interest Expense": NaN,
        "Interest Income": NaN,
        "Normalized Income": NaN,
        "Net Income From Continuing And Discontinued Operation": NaN,
        "Total Expenses": NaN,
        "Total Operating Income As Reported": NaN,
        "Diluted Average Shares": NaN,
        "Basic Average Shares": NaN,
        "Diluted EPS": NaN,
        "Basic EPS": NaN,
        "Diluted NI Availto Com Stockholders": NaN,
        "Net Income Common Stockholders": NaN,
        "Net Income": NaN,
        "Net Income Including Noncontrolling Interests": NaN,
        "Net Income Continuous Operations": NaN,
        "Tax Provision": NaN,
        "Pretax Income": NaN,
        "Other Income Expense": NaN,
        "Other Non Operating Income Expenses": NaN,
        "Special Income Charges": NaN,
        "Other Special Charges": NaN,
        "Gain On Sale Of Security": NaN,
        "Net Non Operating Interest Income Expense": NaN,
        "Interest Expense Non Operating": NaN,
        "Interest Income Non Operating": NaN,
        "Operating Income": NaN,
        "Operating Expense": NaN,
        "Other Operating Expenses": NaN,
        "Selling General And Administration": NaN,
        "General And Administrative Expense": NaN,
        "Other Gand A": NaN,
        "Salaries And Wages": 1000000.0,
        "Gross Profit": NaN,
        "Cost Of Revenue": NaN,
        "Total Revenue": NaN,
        "Operating Revenue": NaN
    },
    "2023-12-31": {
        "Tax Effect Of Unusual Items": NaN,
        "Tax Rate For Calcs": NaN,
        "Normalized EBITDA": NaN,
        "Total Unusual Items": NaN,
        "Total Unusual Items Excluding Goodwill": NaN,
        "Net Income From Continuing Operation Net Minority Interest": NaN,
        "Reconciled Depreciation": NaN,
        "Reconciled Cost Of Revenue": NaN,
        "EBITDA": NaN,
        "EBIT": NaN,
        "Net Interest Income": NaN,
        "Interest Expense": NaN,
        "Interest Income": NaN,
        "Normalized Income": NaN,
        "Net Income From Continuing And Discontinued Operation": NaN,
        "Total Expenses": NaN,
        "Total Operating Income As Reported": NaN,
        "Diluted Average Shares": NaN,
        "Basic Average Shares": NaN,
        "Diluted EPS": NaN,
        "Basic EPS": NaN,
        "Diluted NI Availto Com Stockholders": NaN,
        "Net Income Common Stockholders": NaN,
        "Net Income": NaN,
        "Net Income Including Noncontrolling Interests": NaN,
        "Net Income Continuous Operations": NaN,
        "Tax Provision": NaN,
        "Pretax Income": NaN,
        "Other Income Expense": NaN,
        "Other Non Operating Income Expenses": NaN,
        "Special Income Charges": NaN,
        "Other Special Charges": NaN,
        "Gain On Sale Of Security": NaN,
        "Net Non Operating Interest Income Expense": NaN,
        "Interest Expense Non Operating": NaN,
        "Interest Income Non Operating": NaN,
        "Operating Income": NaN,
        "Operating Expense": NaN,
        "Other Operating Expenses": NaN,
        "Selling General And Administration": NaN,
        "General And Administrative Expense": NaN,
        "Other Gand A": NaN,
        "Salaries And Wages": 1600000.0,
        "Gross Profit": NaN,
        "Cost Of Revenue": NaN,
        "Total Revenue": NaN,
        "Operating Revenue": NaN
    },
    "2024-03-31": {
        "Tax Effect Of Unusual Items": NaN,
        "Tax Rate For Calcs": NaN,
        "Normalized EBITDA": NaN,
        "Total Unusual Items": NaN,
        "Total Unusual Items Excluding Goodwill": NaN,
        "Net Income From Continuing Operation Net Minority Interest": NaN,
        "Reconciled Depreciation": NaN,
        "Reconciled Cost Of Revenue": NaN,
        "EBITDA": NaN,
        "EBIT": NaN,
        "Net Interest Income": NaN,
        "Interest Expense": NaN,
        "Interest Income": NaN,
        "Normalized Income": NaN,
        "Net Income From Continuing And Discontinued Operation": NaN,
        "Total Expenses": NaN,
        "Total Operating Income As Reported": NaN,
        "Diluted Average Shares": NaN,
        "Basic Average Shares": NaN,
        "Diluted EPS": NaN,
        "Basic EPS": NaN,
        "Diluted NI Availto Com Stockholders": NaN,
        "Net Income Common Stockholders": NaN,
        "Net Income": NaN,
        "Net Income Including Noncontrolling Interests": NaN,
        "Net Income Continuous Operations": NaN,
        "Tax Provision": NaN,
        "Pretax Income": NaN,
        "Other Income Expense": NaN,
        "Other Non Operating Income Expenses": NaN,
        "Special Income Charges": NaN,
        "Other Special Charges": NaN,
        "Gain On Sale Of Security": NaN,
        "Net Non Operating Interest Income Expense": NaN,
        "Interest Expense Non Operating": NaN,
        "Interest Income Non Operating": NaN,
        "Operating Income": NaN,
        "Operating Expense": NaN,
        "Other Operating Expenses": NaN,
        "Selling General And Administration": NaN,
        "General And Administrative Expense": NaN,
        "Other Gand A": NaN,
        "Salaries And Wages": 300000.0,
        "Gross Profit": NaN,
        "Cost Of Revenue": NaN,
        "Total Revenue": NaN,
        "Operating Revenue": NaN
    },
    "2024-06-30": {
        "Tax Effect Of Unusual Items": NaN,
        "Tax Rate For Calcs": NaN,
        "Normalized EBITDA": NaN,
        "Total Unusual Items": NaN,
        "Total Unusual Items Excluding Goodwill": NaN,
        "Net Income From Continuing Operation Net Minority Interest": NaN,
        "Reconciled Depreciation": NaN,
        "Reconciled Cost Of Revenue": NaN,
        "EBITDA": NaN,
        "EBIT": NaN,
        "Net Interest Income": NaN,
        "Interest Expense": NaN,
        "Interest Income": NaN,
        "Normalized Income": NaN,
        "Net Income From Continuing And Discontinued Operation": NaN,
        "Total Expenses": NaN,
        "Total Operating Income As Reported": NaN,
        "Diluted Average Shares": NaN,
        "Basic Average Shares": NaN,
        "Diluted EPS": NaN,
        "Basic EPS": NaN,
        "Diluted NI Availto Com Stockholders": NaN,
        "Net Income Common Stockholders": NaN,
        "Net Income": NaN,
        "Net Income Including Noncontrolling Interests": NaN,
        "Net Income Continuous Operations": NaN,
        "Tax Provision": NaN,
        "Pretax Income": NaN,
        "Other Income Expense": NaN,
        "Other Non Operating Income Expenses": NaN,
        "Special Income Charges": -300000.0,
        "Other Special Charges": 300000.0,
        "Gain On Sale Of Security": NaN,
        "Net Non Operating Interest Income Expense": NaN,
        "Interest Expense Non Operating": NaN,
        "Interest Income Non Operating": NaN,
        "Operating Income": NaN,
        "Operating Expense": NaN,
        "Other Operating Expenses": NaN,
        "Selling General And Administration": NaN,
        "General And Administrative Expense": 57900000.0,
        "Other Gand A": 57900000.0,
        "Salaries And Wages": 300000.0,
        "Gross Profit": NaN,
        "Cost Of Revenue": NaN,
        "Total Revenue": NaN,
        "Operating Revenue": NaN
    },
    "2024-09-30": {
        "Tax Effect Of Unusual Items": 1225079.365079,
        "Tax Rate For Calcs": 0.240212,
        "Normalized EBITDA": 119100000.0,
        "Total Unusual Items": 5100000.0,
        "Total Unusual Items Excluding Goodwill": 5100000.0,
        "Net Income From Continuing Operation Net Minority Interest": 71800000.0,
        "Reconciled Depreciation": 17900000.0,
        "Reconciled Cost Of Revenue": 383500000.0,
        "EBITDA": 124200000.0,
        "EBIT": 106300000.0,
        "Net Interest Income": -10700000.0,
        "Interest Expense": 11800000.0,
        "Interest Income": 1100000.0,
        "Normalized Income": 67925079.365079,
        "Net Income From Continuing And Discontinued Operation": 71800000.0,
        "Total Expenses": 448700000.0,
        "Total Operating Income As Reported": 38900000.0,
        "Diluted Average Shares": 115000000.0,
        "Basic Average Shares": 115000000.0,
        "Diluted EPS": 0.62,
        "Basic EPS": 0.62,
        "Diluted NI Availto Com Stockholders": 71800000.0,
        "Net Income Common Stockholders": 71800000.0,
        "Net Income": 71800000.0,
        "Net Income Including Noncontrolling Interests": 71800000.0,
        "Net Income Continuous Operations": 71800000.0,
        "Tax Provision": 22700000.0,
        "Pretax Income": 94500000.0,
        "Other Income Expense": 69200000.0,
        "Other Non Operating Income Expenses": 64100000.0,
        "Special Income Charges": -400000.0,
        "Other Special Charges": 400000.0,
        "Gain On Sale Of Security": 5100000.0,
        "Net Non Operating Interest Income Expense": -10700000.0,
        "Interest Expense Non Operating": 11800000.0,
        "Interest Income Non Operating": 1100000.0,
        "Operating Income": 36000000.0,
        "Operating Expense": 65200000.0,
        "Other Operating Expenses": 2900000.0,
        "Selling General And Administration": 62300000.0,
        "General And Administrative Expense": 62300000.0,
        "Other Gand A": 62300000.0,
        "Salaries And Wages": 400000.0,
        "Gross Profit": 101200000.0,
        "Cost Of Revenue": 383500000.0,
        "Total Revenue": 484700000.0,
        "Operating Revenue": 484700000.0
    },
    "2024-12-31": {
        "Tax Effect Of Unusual Items": -987000.0,
        "Tax Rate For Calcs": 0.21,
        "Normalized EBITDA": 47400000.0,
        "Total Unusual Items": -4700000.0,
        "Total Unusual Items Excluding Goodwill": -4700000.0,
        "Net Income From Continuing Operation Net Minority Interest": -13200000.0,
        "Reconciled Depreciation": 15100000.0,
        "Reconciled Cost Of Revenue": 336700000.0,
        "EBITDA": 42700000.0,
        "EBIT": 27600000.0,
        "Net Interest Income": -11100000.0,
        "Interest Expense": 12100000.0,
        "Interest Income": 1000000.0,
        "Normalized Income": -9487000.0,
        "Net Income From Continuing And Discontinued Operation": -13200000.0,
        "Total Expenses": 391200000.0,
        "Total Operating Income As Reported": 28600000.0,
        "Diluted Average Shares": 115000000.0,
        "Basic Average Shares": 115000000.0,
        "Diluted EPS": -0.12,
        "Basic EPS": -0.12,
        "Diluted NI Availto Com Stockholders": -13200000.0,
        "Net Income Common Stockholders": -13200000.0,
        "Net Income": -13200000.0,
        "Net Income Including Noncontrolling Interests": -13200000.0,
        "Net Income Continuous Operations": -13200000.0,
        "Tax Provision": 28700000.0,
        "Pretax Income": 15500000.0,
        "Other Income Expense": -5300000.0,
        "Other Non Operating Income Expenses": -600000.0,
        "Special Income Charges": -600000.0,
        "Other Special Charges": 600000.0,
        "Gain On Sale Of Security": -4700000.0,
        "Net Non Operating Interest Income Expense": -11100000.0,
        "Interest Expense Non Operating": 12100000.0,
        "Interest Income Non Operating": 1000000.0,
        "Operating Income": 31900000.0,
        "Operating Expense": 54500000.0,
        "Other Operating Expenses": 3300000.0,
        "Selling General And Administration": 51200000.0,
        "General And Administrative Expense": NaN,
        "Other Gand A": NaN,
        "Salaries And Wages": NaN,
        "Gross Profit": 86400000.0,
        "Cost Of Revenue": 336700000.0,
        "Total Revenue": 423100000.0,
        "Operating Revenue": 423100000.0
    },
    "2025-03-31": {
        "Tax Effect Of Unusual Items": -1567315.175097,
        "Tax Rate For Calcs": 0.29572,
        "Normalized EBITDA": 57500000.0,
        "Total Unusual Items": -5300000.0,
        "Total Unusual Items Excluding Goodwill": -5300000.0,
        "Net Income From Continuing Operation Net Minority Interest": 18100000.0,
        "Reconciled Depreciation": 14900000.0,
        "Reconciled Cost Of Revenue": 383000000.0,
        "EBITDA": 52200000.0,
        "EBIT": 37300000.0,
        "Net Interest Income": -11200000.0,
        "Interest Expense": 11600000.0,
        "Interest Income": 400000.0,
        "Normalized Income": 21832684.824903,
        "Net Income From Continuing And Discontinued Operation": 18100000.0,
        "Total Expenses": 447100000.0,
        "Total Operating Income As Reported": 38400000.0,
        "Diluted Average Shares": 115000000.0,
        "Basic Average Shares": 115000000.0,
        "Diluted EPS": 0.16,
        "Basic EPS": 0.16,
        "Diluted NI Availto Com Stockholders": 18100000.0,
        "Net Income Common Stockholders": 18100000.0,
        "Net Income": 18100000.0,
        "Net Income Including Noncontrolling Interests": 18100000.0,
        "Net Income Continuous Operations": 18100000.0,
        "Tax Provision": 7600000.0,
        "Pretax Income": 25700000.0,
        "Other Income Expense": -5800000.0,
        "Other Non Operating Income Expenses": -500000.0,
        "Special Income Charges": -500000.0,
        "Other Special Charges": 500000.0,
        "Gain On Sale Of Security": -5300000.0,
        "Net Non Operating Interest Income Expense": -11200000.0,
        "Interest Expense Non Operating": 11600000.0,
        "Interest Income Non Operating": 400000.0,
        "Operating Income": 42700000.0,
        "Operating Expense": 64100000.0,
        "Other Operating Expenses": 2500000.0,
        "Selling General And Administration": 61600000.0,
        "General And Administrative Expense": 61600000.0,
        "Other Gand A": 61600000.0,
        "Salaries And Wages": NaN,
        "Gross Profit": 106800000.0,
        "Cost Of Revenue": 383000000.0,
        "Total Revenue": 489800000.0,
        "Operating Revenue": 489800000.0
    },
    "2025-06-30": {
        "Tax Effect Of Unusual Items": 1974000.0,
        "Tax Rate For Calcs": 0.21,
        "Normalized EBITDA": 13800000.0,
        "Total Unusual Items": 9400000.0,
        "Total Unusual Items Excluding Goodwill": 9400000.0,
        "Net Income From Continuing Operation Net Minority Interest": -9200000.0,
        "Reconciled Depreciation": 16100000.0,
        "Reconciled Cost Of Revenue": 431600000.0,
        "EBITDA": 23200000.0,
        "EBIT": 7100000.0,
        "Net Interest Income": -12500000.0,
        "Interest Expense": 12800000.0,
        "Interest Income": 300000.0,
        "Normalized Income": -16626000.0,
        "Net Income From Continuing And Discontinued Operation": -9200000.0,
        "Total Expenses": 496400000.0,
        "Total Operating Income As Reported": 7400000.0,
        "Diluted Average Shares": 115000000.0,
        "Basic Average Shares": 115000000.0,
        "Diluted EPS": -0.08,
        "Basic EPS": -0.08,
        "Diluted NI Availto Com Stockholders": -9200000.0,
        "Net Income Common Stockholders": -9200000.0,
        "Net Income": -9200000.0,
        "Net Income Including Noncontrolling Interests": -9200000.0,
        "Net Income Continuous Operations": -9200000.0,
        "Tax Provision": 3500000.0,
        "Pretax Income": -5700000.0,
        "Other Income Expense": 8800000.0,
        "Other Non Operating Income Expenses": -600000.0,
        "Special Income Charges": NaN,
        "Other Special Charges": NaN,
        "Gain On Sale Of Security": 9400000.0,
        "Net Non Operating Interest Income Expense": -12500000.0,
        "Interest Expense Non Operating": 12800000.0,
        "Interest Income Non Operating": 300000.0,
        "Operating Income": -2000000.0,
        "Operating Expense": 64800000.0,
        "Other Operating Expenses": 2700000.0,
        "Selling General And Administration": 62100000.0,
        "General And Administrative Expense": 62100000.0,
        "Other Gand A": 62100000.0,
        "Salaries And Wages": NaN,
        "Gross Profit": 62800000.0,
        "Cost Of Revenue": 431600000.0,
        "Total Revenue": 494400000.0,
        "Operating Revenue": 494400000.0
    },
    "2025-09-30": {
        "Tax Effect Of Unusual Items": 546000.0,
        "Tax Rate For Calcs": 0.21,
        "Normalized EBITDA": -800000.0,
        "Total Unusual Items": 2600000.0,
        "Total Unusual Items Excluding Goodwill": 2600000.0,
        "Net Income From Continuing Operation Net Minority Interest": -37000000.0,
        "Reconciled Depreciation": 16800000.0,
        "Reconciled Cost Of Revenue": 409900000.0,
        "EBITDA": 1800000.0,
        "EBIT": -15000000.0,
        "Net Interest Income": -13900000.0,
        "Interest Expense": 14100000.0,
        "Interest Income": 200000.0,
        "Normalized Income": -39054000.0,
        "Net Income From Continuing And Discontinued Operation": -37000000.0,
        "Total Expenses": 474200000.0,
        "Total Operating Income As Reported": -19200000.0,
        "Diluted Average Shares": 115000000.0,
        "Basic Average Shares": 115000000.0,
        "Diluted EPS": -0.32,
        "Basic EPS": -0.32,
        "Diluted NI Availto Com Stockholders": -37000000.0,
        "Net Income Common Stockholders": -37000000.0,
        "Net Income": -37000000.0,
        "Net Income Including Noncontrolling Interests": -37000000.0,
        "Net Income Continuous Operations": -37000000.0,
        "Tax Provision": 7900000.0,
        "Pretax Income": -29100000.0,
        "Other Income Expense": 2100000.0,
        "Other Non Operating Income Expenses": -500000.0,
        "Special Income Charges": 4600000.0,
        "Other Special Charges": -4600000.0,
        "Gain On Sale Of Security": -2000000.0,
        "Net Non Operating Interest Income Expense": -13900000.0,
        "Interest Expense Non Operating": 14100000.0,
        "Interest Income Non Operating": 200000.0,
        "Operating Income": -17300000.0,
        "Operating Expense": 64300000.0,
        "Other Operating Expenses": 2700000.0,
        "Selling General And Administration": 61600000.0,
        "General And Administrative Expense": 61600000.0,
        "Other Gand A": 61600000.0,
        "Salaries And Wages": NaN,
        "Gross Profit": 47000000.0,
        "Cost Of Revenue": 409900000.0,
        "Total Revenue": 456900000.0,
        "Operating Revenue": 456900000.0
    }
}