{
    "2023-09-30": {
        "Tax Effect Of Unusual Items": NaN,
        "Tax Rate For Calcs": NaN,
        "Normalized EBITDA": NaN,
        "Net Income From Continuing Operation Net Minority Interest": NaN,
        "Reconciled Depreciation": NaN,
        "EBITDA": NaN,
        "EBIT": NaN,
        "Normalized Income": NaN,
        "Net Income From Continuing And Discontinued Operation": NaN,
        "Total Expenses": NaN,
        "Total Operating Income As Reported": NaN,
        "Diluted Average Shares": 8001283.0,
        "Basic Average Shares": 8001283.0,
        "Diluted EPS": -2.311129,
        "Basic EPS": -2.311129,
        "Diluted NI Availto Com Stockholders": NaN,
        "Net Income Common Stockholders": NaN,
        "Net Income": NaN,
        "Net Income Including Noncontrolling Interests": NaN,
        "Net Income Continuous Operations": NaN,
        "Tax Provision": NaN,
        "Pretax Income": NaN,
        "Other Income Expense": NaN,
        "Other Non Operating Income Expenses": NaN,
        "Operating Income": NaN,
        "Operating Expense": NaN,
        "Research And Development": NaN,
        "Selling General And Administration": NaN,
        "General And Administrative Expense": NaN,
        "Other Gand A": NaN,
        "Salaries And Wages": NaN,
        "Total Revenue": NaN,
        "Operating Revenue": NaN
    },
    "2024-03-31": {
        "Tax Effect Of Unusual Items": 0.0,
        "Tax Rate For Calcs": 0.21,
        "Normalized EBITDA": -20727000.0,
        "Net Income From Continuing Operation Net Minority Interest": -19557000.0,
        "Reconciled Depreciation": 726000.0,
        "EBITDA": -20727000.0,
        "EBIT": -21453000.0,
        "Normalized Income": -19557000.0,
        "Net Income From Continuing And Discontinued Operation": -19557000.0,
        "Total Expenses": 21453000.0,
        "Total Operating Income As Reported": -21453000.0,
        "Diluted Average Shares": 8019626.0,
        "Basic Average Shares": 8019626.0,
        "Diluted EPS": -2.44,
        "Basic EPS": -2.44,
        "Diluted NI Availto Com Stockholders": -19557000.0,
        "Net Income Common Stockholders": -19557000.0,
        "Net Income": -19557000.0,
        "Net Income Including Noncontrolling Interests": -19557000.0,
        "Net Income Continuous Operations": -19557000.0,
        "Tax Provision": 17000.0,
        "Pretax Income": -19540000.0,
        "Other Income Expense": 1913000.0,
        "Other Non Operating Income Expenses": 1913000.0,
        "Operating Income": -21453000.0,
        "Operating Expense": 21453000.0,
        "Research And Development": 13572000.0,
        "Selling General And Administration": 7881000.0,
        "General And Administrative Expense": 7881000.0,
        "Other Gand A": 4547000.0,
        "Salaries And Wages": 3334000.0,
        "Total Revenue": 0.0,
        "Operating Revenue": 0.0
    },
    "2023-06-30": {
        "Tax Effect Of Unusual Items": NaN,
        "Tax Rate For Calcs": NaN,
        "Normalized EBITDA": NaN,
        "Net Income From Continuing Operation Net Minority Interest": NaN,
        "Reconciled Depreciation": NaN,
        "EBITDA": NaN,
        "EBIT": NaN,
        "Normalized Income": NaN,
        "Net Income From Continuing And Discontinued Operation": NaN,
        "Total Expenses": NaN,
        "Total Operating Income As Reported": NaN,
        "Diluted Average Shares": 8001283.0,
        "Basic Average Shares": 8001283.0,
        "Diluted EPS": -2.205771,
        "Basic EPS": -2.205771,
        "Diluted NI Availto Com Stockholders": NaN,
        "Net Income Common Stockholders": NaN,
        "Net Income": NaN,
        "Net Income Including Noncontrolling Interests": NaN,
        "Net Income Continuous Operations": NaN,
        "Tax Provision": NaN,
        "Pretax Income": NaN,
        "Other Income Expense": NaN,
        "Other Non Operating Income Expenses": NaN,
        "Operating Income": NaN,
        "Operating Expense": NaN,
        "Research And Development": NaN,
        "Selling General And Administration": NaN,
        "General And Administrative Expense": NaN,
        "Other Gand A": NaN,
        "Salaries And Wages": NaN,
        "Total Revenue": NaN,
        "Operating Revenue": NaN
    },
    "2023-03-31": {
        "Tax Effect Of Unusual Items": 0.0,
        "Tax Rate For Calcs": 0.0,
        "Normalized EBITDA": -19277000.0,
        "Net Income From Continuing Operation Net Minority Interest": -19605000.0,
        "Reconciled Depreciation": 809000.0,
        "EBITDA": -19277000.0,
        "EBIT": -20086000.0,
        "Normalized Income": -19605000.0,
        "Net Income From Continuing And Discontinued Operation": -19605000.0,
        "Total Expenses": 20086000.0,
        "Total Operating Income As Reported": -20086000.0,
        "Diluted Average Shares": 8001283.0,
        "Basic Average Shares": 8001283.0,
        "Diluted EPS": -2.450232,
        "Basic EPS": -2.450232,
        "Diluted NI Availto Com Stockholders": -19605000.0,
        "Net Income Common Stockholders": -19605000.0,
        "Net Income": -19605000.0,
        "Net Income Including Noncontrolling Interests": -19605000.0,
        "Net Income Continuous Operations": -19605000.0,
        "Tax Provision": 0.0,
        "Pretax Income": -19605000.0,
        "Other Income Expense": 481000.0,
        "Other Non Operating Income Expenses": 481000.0,
        "Operating Income": -20086000.0,
        "Operating Expense": 20086000.0,
        "Research And Development": 14694000.0,
        "Selling General And Administration": 5392000.0,
        "General And Administrative Expense": 5392000.0,
        "Other Gand A": 2727000.0,
        "Salaries And Wages": 2665000.0,
        "Total Revenue": 0.0,
        "Operating Revenue": 0.0
    },
    "2024-06-30": {
        "Tax Effect Of Unusual Items": 0.0,
        "Tax Rate For Calcs": 0.21,
        "Normalized EBITDA": -23404000.0,
        "Net Income From Continuing Operation Net Minority Interest": -21826000.0,
        "Reconciled Depreciation": 721000.0,
        "EBITDA": -23404000.0,
        "EBIT": -24125000.0,
        "Normalized Income": -21826000.0,
        "Net Income From Continuing And Discontinued Operation": -21826000.0,
        "Total Expenses": 24125000.0,
        "Total Operating Income As Reported": -24125000.0,
        "Diluted Average Shares": 8986545.0,
        "Basic Average Shares": 8986545.0,
        "Diluted EPS": -2.43,
        "Basic EPS": -2.43,
        "Diluted NI Availto Com Stockholders": -21826000.0,
        "Net Income Common Stockholders": -21826000.0,
        "Net Income": -21826000.0,
        "Net Income Including Noncontrolling Interests": -21826000.0,
        "Net Income Continuous Operations": -21826000.0,
        "Tax Provision": 30000.0,
        "Pretax Income": -21796000.0,
        "Other Income Expense": 2329000.0,
        "Other Non Operating Income Expenses": 2329000.0,
        "Operating Income": -24125000.0,
        "Operating Expense": 24125000.0,
        "Research And Development": 17138000.0,
        "Selling General And Administration": 6987000.0,
        "General And Administrative Expense": 6987000.0,
        "Other Gand A": 3978000.0,
        "Salaries And Wages": 3009000.0,
        "Total Revenue": 0.0,
        "Operating Revenue": 0.0
    },
    "2024-09-30": {
        "Tax Effect Of Unusual Items": 0.0,
        "Tax Rate For Calcs": 0.000428,
        "Normalized EBITDA": -22427000.0,
        "Net Income From Continuing Operation Net Minority Interest": -20999000.0,
        "Reconciled Depreciation": 865000.0,
        "EBITDA": -22427000.0,
        "EBIT": -23292000.0,
        "Normalized Income": -20999000.0,
        "Net Income From Continuing And Discontinued Operation": -20999000.0,
        "Total Expenses": 23292000.0,
        "Total Operating Income As Reported": -23292000.0,
        "Diluted Average Shares": 9303218.0,
        "Basic Average Shares": 9303218.0,
        "Diluted EPS": -2.26,
        "Basic EPS": -2.26,
        "Diluted NI Availto Com Stockholders": -20999000.0,
        "Net Income Common Stockholders": -20999000.0,
        "Net Income": -20999000.0,
        "Net Income Including Noncontrolling Interests": -20999000.0,
        "Net Income Continuous Operations": -20999000.0,
        "Tax Provision": -9000.0,
        "Pretax Income": -21008000.0,
        "Other Income Expense": 2284000.0,
        "Other Non Operating Income Expenses": 2284000.0,
        "Operating Income": -23292000.0,
        "Operating Expense": 23292000.0,
        "Research And Development": 15964000.0,
        "Selling General And Administration": 7328000.0,
        "General And Administrative Expense": 7328000.0,
        "Other Gand A": 4165000.0,
        "Salaries And Wages": 3163000.0,
        "Total Revenue": 0.0,
        "Operating Revenue": 0.0
    },
    "2023-12-31": {
        "Tax Effect Of Unusual Items": 0.0,
        "Tax Rate For Calcs": 0.0,
        "Normalized EBITDA": -25908000.0,
        "Net Income From Continuing Operation Net Minority Interest": -25426000.0,
        "Reconciled Depreciation": 985000.0,
        "EBITDA": -25908000.0,
        "EBIT": -26893000.0,
        "Normalized Income": -25426000.0,
        "Net Income From Continuing And Discontinued Operation": -25426000.0,
        "Total Expenses": 26893000.0,
        "Total Operating Income As Reported": -26893000.0,
        "Diluted Average Shares": NaN,
        "Basic Average Shares": NaN,
        "Diluted EPS": NaN,
        "Basic EPS": NaN,
        "Diluted NI Availto Com Stockholders": -25426000.0,
        "Net Income Common Stockholders": -25426000.0,
        "Net Income": -25426000.0,
        "Net Income Including Noncontrolling Interests": -25426000.0,
        "Net Income Continuous Operations": -25426000.0,
        "Tax Provision": 0.0,
        "Pretax Income": -25426000.0,
        "Other Income Expense": 1467000.0,
        "Other Non Operating Income Expenses": 1467000.0,
        "Operating Income": -26893000.0,
        "Operating Expense": 26893000.0,
        "Research And Development": 15422000.0,
        "Selling General And Administration": 11471000.0,
        "General And Administrative Expense": 11471000.0,
        "Other Gand A": 5065000.0,
        "Salaries And Wages": 6406000.0,
        "Total Revenue": 0.0,
        "Operating Revenue": 0.0
    },
    "2024-12-31": {
        "Tax Effect Of Unusual Items": 0.0,
        "Tax Rate For Calcs": 0.21,
        "Normalized EBITDA": -21787000.0,
        "Net Income From Continuing Operation Net Minority Interest": -21199000.0,
        "Reconciled Depreciation": 1253000.0,
        "EBITDA": -21787000.0,
        "EBIT": -23040000.0,
        "Normalized Income": -21199000.0,
        "Net Income From Continuing And Discontinued Operation": -21199000.0,
        "Total Expenses": 25311000.0,
        "Total Operating Income As Reported": -23040000.0,
        "Diluted Average Shares": NaN,
        "Basic Average Shares": NaN,
        "Diluted EPS": NaN,
        "Basic EPS": NaN,
        "Diluted NI Availto Com Stockholders": -21199000.0,
        "Net Income Common Stockholders": -21199000.0,
        "Net Income": -21199000.0,
        "Net Income Including Noncontrolling Interests": -21199000.0,
        "Net Income Continuous Operations": -21199000.0,
        "Tax Provision": 103000.0,
        "Pretax Income": -21096000.0,
        "Other Income Expense": 1944000.0,
        "Other Non Operating Income Expenses": 1944000.0,
        "Operating Income": -23040000.0,
        "Operating Expense": 25311000.0,
        "Research And Development": 16962000.0,
        "Selling General And Administration": 8349000.0,
        "General And Administrative Expense": 8349000.0,
        "Other Gand A": 4696000.0,
        "Salaries And Wages": 3653000.0,
        "Total Revenue": 2271000.0,
        "Operating Revenue": 2271000.0
    },
    "2025-03-31": {
        "Tax Effect Of Unusual Items": 0.0,
        "Tax Rate For Calcs": 0.0,
        "Normalized EBITDA": -23795000.0,
        "Net Income From Continuing Operation Net Minority Interest": -23387000.0,
        "Reconciled Depreciation": 1225000.0,
        "EBITDA": -23795000.0,
        "EBIT": -25020000.0,
        "Normalized Income": -23387000.0,
        "Net Income From Continuing And Discontinued Operation": -23387000.0,
        "Total Expenses": 27570000.0,
        "Total Operating Income As Reported": -25020000.0,
        "Diluted Average Shares": 9384266.0,
        "Basic Average Shares": 9384266.0,
        "Diluted EPS": -2.49,
        "Basic EPS": -2.49,
        "Diluted NI Availto Com Stockholders": -23387000.0,
        "Net Income Common Stockholders": -23387000.0,
        "Net Income": -23387000.0,
        "Net Income Including Noncontrolling Interests": -23387000.0,
        "Net Income Continuous Operations": -23387000.0,
        "Tax Provision": 0.0,
        "Pretax Income": -23387000.0,
        "Other Income Expense": 1633000.0,
        "Other Non Operating Income Expenses": 1633000.0,
        "Operating Income": -25020000.0,
        "Operating Expense": 27570000.0,
        "Research And Development": 19739000.0,
        "Selling General And Administration": 7831000.0,
        "General And Administrative Expense": 7831000.0,
        "Other Gand A": 3789000.0,
        "Salaries And Wages": 4042000.0,
        "Total Revenue": 2550000.0,
        "Operating Revenue": 2550000.0
    }
}