{
    "2023-03-31": {
        "Tax Effect Of Unusual Items": NaN,
        "Tax Rate For Calcs": NaN,
        "Normalized EBITDA": NaN,
        "Total Unusual Items": NaN,
        "Total Unusual Items Excluding Goodwill": NaN,
        "Net Income From Continuing Operation Net Minority Interest": NaN,
        "Reconciled Depreciation": NaN,
        "Reconciled Cost Of Revenue": NaN,
        "EBITDA": NaN,
        "EBIT": NaN,
        "Net Interest Income": NaN,
        "Interest Expense": NaN,
        "Interest Income": NaN,
        "Normalized Income": NaN,
        "Net Income From Continuing And Discontinued Operation": NaN,
        "Total Expenses": NaN,
        "Total Operating Income As Reported": NaN,
        "Diluted Average Shares": NaN,
        "Basic Average Shares": NaN,
        "Diluted EPS": NaN,
        "Basic EPS": NaN,
        "Diluted NI Availto Com Stockholders": NaN,
        "Net Income Common Stockholders": NaN,
        "Net Income": NaN,
        "Minority Interests": NaN,
        "Net Income Including Noncontrolling Interests": NaN,
        "Net Income Continuous Operations": NaN,
        "Tax Provision": NaN,
        "Pretax Income": NaN,
        "Other Income Expense": NaN,
        "Other Non Operating Income Expenses": NaN,
        "Special Income Charges": NaN,
        "Impairment Of Capital Assets": 82000.0,
        "Gain On Sale Of Security": NaN,
        "Net Non Operating Interest Income Expense": NaN,
        "Interest Expense Non Operating": NaN,
        "Interest Income Non Operating": NaN,
        "Operating Income": NaN,
        "Operating Expense": NaN,
        "Selling General And Administration": NaN,
        "Selling And Marketing Expense": NaN,
        "General And Administrative Expense": NaN,
        "Other Gand A": NaN,
        "Gross Profit": NaN,
        "Cost Of Revenue": NaN,
        "Total Revenue": NaN,
        "Operating Revenue": NaN
    },
    "2022-12-31": {
        "Tax Effect Of Unusual Items": 15579.893747,
        "Tax Rate For Calcs": 0.072129,
        "Normalized EBITDA": 15586000.0,
        "Total Unusual Items": 216000.0,
        "Total Unusual Items Excluding Goodwill": 216000.0,
        "Net Income From Continuing Operation Net Minority Interest": 4541000.0,
        "Reconciled Depreciation": 6475000.0,
        "Reconciled Cost Of Revenue": 63002000.0,
        "EBITDA": 15802000.0,
        "EBIT": 9327000.0,
        "Net Interest Income": -375000.0,
        "Interest Expense": NaN,
        "Interest Income": NaN,
        "Normalized Income": 4340579.893747,
        "Net Income From Continuing And Discontinued Operation": 4541000.0,
        "Total Expenses": 87855000.0,
        "Total Operating Income As Reported": 4812000.0,
        "Diluted Average Shares": 19936954.0,
        "Basic Average Shares": 19872681.0,
        "Diluted EPS": 0.23,
        "Basic EPS": 0.23,
        "Diluted NI Availto Com Stockholders": 4541000.0,
        "Net Income Common Stockholders": 4541000.0,
        "Net Income": 4541000.0,
        "Minority Interests": 0.0,
        "Net Income Including Noncontrolling Interests": 4541000.0,
        "Net Income Continuous Operations": 4541000.0,
        "Tax Provision": 353000.0,
        "Pretax Income": 4894000.0,
        "Other Income Expense": 457000.0,
        "Other Non Operating Income Expenses": 241000.0,
        "Special Income Charges": 0.0,
        "Impairment Of Capital Assets": NaN,
        "Gain On Sale Of Security": 216000.0,
        "Net Non Operating Interest Income Expense": -375000.0,
        "Interest Expense Non Operating": NaN,
        "Interest Income Non Operating": NaN,
        "Operating Income": 4812000.0,
        "Operating Expense": 24853000.0,
        "Selling General And Administration": 24853000.0,
        "Selling And Marketing Expense": 7626000.0,
        "General And Administrative Expense": 17227000.0,
        "Other Gand A": 17227000.0,
        "Gross Profit": 29665000.0,
        "Cost Of Revenue": 63002000.0,
        "Total Revenue": 92667000.0,
        "Operating Revenue": 92667000.0
    },
    "2022-09-30": {
        "Tax Effect Of Unusual Items": NaN,
        "Tax Rate For Calcs": NaN,
        "Normalized EBITDA": NaN,
        "Total Unusual Items": NaN,
        "Total Unusual Items Excluding Goodwill": NaN,
        "Net Income From Continuing Operation Net Minority Interest": NaN,
        "Reconciled Depreciation": NaN,
        "Reconciled Cost Of Revenue": NaN,
        "EBITDA": NaN,
        "EBIT": NaN,
        "Net Interest Income": NaN,
        "Interest Expense": NaN,
        "Interest Income": NaN,
        "Normalized Income": NaN,
        "Net Income From Continuing And Discontinued Operation": NaN,
        "Total Expenses": NaN,
        "Total Operating Income As Reported": NaN,
        "Diluted Average Shares": NaN,
        "Basic Average Shares": NaN,
        "Diluted EPS": NaN,
        "Basic EPS": NaN,
        "Diluted NI Availto Com Stockholders": NaN,
        "Net Income Common Stockholders": NaN,
        "Net Income": NaN,
        "Minority Interests": NaN,
        "Net Income Including Noncontrolling Interests": NaN,
        "Net Income Continuous Operations": NaN,
        "Tax Provision": NaN,
        "Pretax Income": NaN,
        "Other Income Expense": NaN,
        "Other Non Operating Income Expenses": NaN,
        "Special Income Charges": NaN,
        "Impairment Of Capital Assets": NaN,
        "Gain On Sale Of Security": NaN,
        "Net Non Operating Interest Income Expense": NaN,
        "Total Other Finance Cost": 493000.0,
        "Interest Expense Non Operating": NaN,
        "Interest Income Non Operating": NaN,
        "Operating Income": NaN,
        "Operating Expense": NaN,
        "Selling General And Administration": NaN,
        "Selling And Marketing Expense": NaN,
        "General And Administrative Expense": NaN,
        "Other Gand A": NaN,
        "Gross Profit": NaN,
        "Cost Of Revenue": NaN,
        "Total Revenue": NaN,
        "Operating Revenue": NaN
    },
    "2022-06-30": {
        "Tax Effect Of Unusual Items": 165750.0,
        "Tax Rate For Calcs": 0.195,
        "Normalized EBITDA": 9516000.0,
        "Total Unusual Items": 850000.0,
        "Total Unusual Items Excluding Goodwill": 850000.0,
        "Net Income From Continuing Operation Net Minority Interest": 6344000.0,
        "Reconciled Depreciation": 2564000.0,
        "Reconciled Cost Of Revenue": 80917000.0,
        "EBITDA": 10366000.0,
        "EBIT": 7802000.0,
        "Net Interest Income": 237000.0,
        "Interest Expense": NaN,
        "Interest Income": NaN,
        "Normalized Income": 5659750.0,
        "Net Income From Continuing And Discontinued Operation": 6344000.0,
        "Total Expenses": 107079000.0,
        "Total Operating Income As Reported": 7802000.0,
        "Diluted Average Shares": 19926956.0,
        "Basic Average Shares": 19809417.0,
        "Diluted EPS": 0.32,
        "Basic EPS": 0.32,
        "Diluted NI Availto Com Stockholders": 6344000.0,
        "Net Income Common Stockholders": 6344000.0,
        "Net Income": 6344000.0,
        "Minority Interests": -856000.0,
        "Net Income Including Noncontrolling Interests": 7200000.0,
        "Net Income Continuous Operations": 7200000.0,
        "Tax Provision": 1746000.0,
        "Pretax Income": 8946000.0,
        "Other Income Expense": 907000.0,
        "Other Non Operating Income Expenses": 57000.0,
        "Special Income Charges": 0.0,
        "Write Off": NaN,
        "Impairment Of Capital Assets": NaN,
        "Gain On Sale Of Security": 850000.0,
        "Net Non Operating Interest Income Expense": 237000.0,
        "Total Other Finance Cost": -237000.0,
        "Interest Expense Non Operating": NaN,
        "Interest Income Non Operating": NaN,
        "Operating Income": 7802000.0,
        "Operating Expense": 26162000.0,
        "Selling General And Administration": 26162000.0,
        "Selling And Marketing Expense": 9468000.0,
        "General And Administrative Expense": 16694000.0,
        "Other Gand A": 16694000.0,
        "Gross Profit": 33964000.0,
        "Cost Of Revenue": 80917000.0,
        "Total Revenue": 114881000.0,
        "Operating Revenue": 114881000.0
    },
    "2022-03-31": {
        "Diluted EPS": 0.34,
        "Total Revenue": 105,
        "Gross Profit": 34,
        "Operating Income": 9,
        "EBIT": 13,
        "Net Income": 7
    },
    "2021-12-31": {
        "Diluted EPS": 0.31,
        "Total Revenue": 91,
        "Gross Profit": 28,
        "Operating Income": 7,
        "EBIT": 10,
        "Net Income": 6
    },
    "2021-09-30": {
        "Diluted EPS": 0.19,
        "Total Revenue": 103,
        "Gross Profit": 30,
        "Operating Income": 5,
        "EBIT": 8,
        "Net Income": 4
    },
    "2021-06-30": {
        "Diluted EPS": 0.5,
        "Total Revenue": 95,
        "Gross Profit": 28,
        "Operating Income": 7,
        "EBIT": 9,
        "Net Income": 10
    },
    "2021-03-31": {
        "Diluted EPS": 0.12,
        "Total Revenue": 76,
        "Gross Profit": 22,
        "Operating Income": 4,
        "EBIT": 6,
        "Net Income": 2
    },
    "2020-12-31": {
        "Diluted EPS": 0.06,
        "Total Revenue": 70,
        "Gross Profit": 19,
        "Operating Income": 2,
        "EBIT": 5,
        "Net Income": 1
    },
    "2020-09-30": {
        "Diluted EPS": 0.26,
        "Total Revenue": 76,
        "Gross Profit": 23,
        "Operating Income": 7,
        "EBIT": 9,
        "Net Income": 4
    },
    "2020-06-30": {
        "Diluted EPS": 0.65,
        "Total Revenue": 85,
        "Gross Profit": 29,
        "Operating Income": 15,
        "EBIT": 16,
        "Net Income": 10
    },
    "2020-03-31": {
        "Diluted EPS": 0.16,
        "Total Revenue": 64,
        "Gross Profit": 18,
        "Operating Income": 4,
        "EBIT": 6,
        "Net Income": 2
    },
    "2023-06-30": {
        "Tax Effect Of Unusual Items": -507232.214286,
        "Tax Rate For Calcs": 0.237357,
        "Normalized EBITDA": 20711000.0,
        "Total Unusual Items": -2137000.0,
        "Total Unusual Items Excluding Goodwill": -2137000.0,
        "Net Income From Continuing Operation Net Minority Interest": 10502000.0,
        "Reconciled Depreciation": 4001000.0,
        "Reconciled Cost Of Revenue": 66879000.0,
        "EBITDA": 18574000.0,
        "EBIT": 14573000.0,
        "Net Interest Income": -54000.0,
        "Interest Expense": 573000.0,
        "Interest Income": 519000.0,
        "Normalized Income": 12131767.785714,
        "Net Income From Continuing And Discontinued Operation": 10502000.0,
        "Total Expenses": 92942000.0,
        "Total Operating Income As Reported": 13339000.0,
        "Diluted Average Shares": 19953510.0,
        "Basic Average Shares": 19886585.0,
        "Diluted EPS": 0.53,
        "Basic EPS": 0.53,
        "Diluted NI Availto Com Stockholders": 10502000.0,
        "Net Income Common Stockholders": 10502000.0,
        "Net Income": 10502000.0,
        "Minority Interests": -175000.0,
        "Net Income Including Noncontrolling Interests": 10677000.0,
        "Net Income Continuous Operations": 10677000.0,
        "Tax Provision": 3323000.0,
        "Pretax Income": 14000000.0,
        "Other Income Expense": -1744000.0,
        "Other Non Operating Income Expenses": 393000.0,
        "Special Income Charges": -2459000.0,
        "Impairment Of Capital Assets": 2459000.0,
        "Gain On Sale Of Security": 322000.0,
        "Net Non Operating Interest Income Expense": -54000.0,
        "Interest Expense Non Operating": 573000.0,
        "Interest Income Non Operating": 519000.0,
        "Operating Income": 15798000.0,
        "Operating Expense": 26063000.0,
        "Selling General And Administration": 26063000.0,
        "Selling And Marketing Expense": 8871000.0,
        "General And Administrative Expense": 17192000.0,
        "Other Gand A": 17192000.0,
        "Gross Profit": 41861000.0,
        "Cost Of Revenue": 66879000.0,
        "Total Revenue": 108740000.0,
        "Operating Revenue": 108740000.0
    },
    "2023-09-30": {
        "Tax Effect Of Unusual Items": NaN,
        "Tax Rate For Calcs": NaN,
        "Normalized EBITDA": NaN,
        "Total Unusual Items": NaN,
        "Total Unusual Items Excluding Goodwill": NaN,
        "Net Income From Continuing Operation Net Minority Interest": NaN,
        "Reconciled Depreciation": NaN,
        "Reconciled Cost Of Revenue": NaN,
        "EBITDA": NaN,
        "EBIT": NaN,
        "Net Interest Income": NaN,
        "Interest Expense": NaN,
        "Interest Income": NaN,
        "Normalized Income": NaN,
        "Net Income From Continuing And Discontinued Operation": NaN,
        "Total Expenses": NaN,
        "Total Operating Income As Reported": NaN,
        "Diluted Average Shares": 19994648.0,
        "Basic Average Shares": 19890646.0,
        "Diluted EPS": 0.45,
        "Basic EPS": 0.46,
        "Diluted NI Availto Com Stockholders": NaN,
        "Net Income Common Stockholders": NaN,
        "Net Income": NaN,
        "Minority Interests": NaN,
        "Net Income Including Noncontrolling Interests": NaN,
        "Net Income Continuous Operations": NaN,
        "Tax Provision": NaN,
        "Pretax Income": NaN,
        "Other Income Expense": NaN,
        "Other Non Operating Income Expenses": NaN,
        "Special Income Charges": NaN,
        "Impairment Of Capital Assets": NaN,
        "Gain On Sale Of Security": NaN,
        "Net Non Operating Interest Income Expense": NaN,
        "Interest Expense Non Operating": NaN,
        "Interest Income Non Operating": NaN,
        "Operating Income": NaN,
        "Operating Expense": NaN,
        "Selling General And Administration": NaN,
        "Selling And Marketing Expense": NaN,
        "General And Administrative Expense": NaN,
        "Other Gand A": NaN,
        "Gross Profit": NaN,
        "Cost Of Revenue": NaN,
        "Total Revenue": NaN,
        "Operating Revenue": NaN
    },
    "2023-12-31": {
        "Tax Effect Of Unusual Items": -83188.614263,
        "Tax Rate For Calcs": 0.153768,
        "Normalized EBITDA": 10081000.0,
        "Total Unusual Items": -541000.0,
        "Total Unusual Items Excluding Goodwill": -541000.0,
        "Net Income From Continuing Operation Net Minority Interest": 3898000.0,
        "Reconciled Depreciation": 4077000.0,
        "Reconciled Cost Of Revenue": 61488000.0,
        "EBITDA": 9540000.0,
        "EBIT": 5463000.0,
        "Net Interest Income": 236000.0,
        "Interest Expense": 527000.0,
        "Interest Income": 763000.0,
        "Normalized Income": 4355811.385737,
        "Net Income From Continuing And Discontinued Operation": 3898000.0,
        "Total Expenses": 90663000.0,
        "Total Operating Income As Reported": 4625000.0,
        "Diluted Average Shares": 20021314.0,
        "Basic Average Shares": 19953525.0,
        "Diluted EPS": 0.19,
        "Basic EPS": 0.2,
        "Diluted NI Availto Com Stockholders": 3898000.0,
        "Net Income Common Stockholders": 3898000.0,
        "Net Income": 3898000.0,
        "Minority Interests": -279000.0,
        "Net Income Including Noncontrolling Interests": 4177000.0,
        "Net Income Continuous Operations": 4177000.0,
        "Tax Provision": 759000.0,
        "Pretax Income": 4936000.0,
        "Other Income Expense": -219000.0,
        "Other Non Operating Income Expenses": 322000.0,
        "Special Income Charges": -294000.0,
        "Impairment Of Capital Assets": 294000.0,
        "Gain On Sale Of Security": -247000.0,
        "Net Non Operating Interest Income Expense": 236000.0,
        "Interest Expense Non Operating": 527000.0,
        "Interest Income Non Operating": 763000.0,
        "Operating Income": 4919000.0,
        "Operating Expense": 29175000.0,
        "Selling General And Administration": 29175000.0,
        "Selling And Marketing Expense": 15990000.0,
        "General And Administrative Expense": 13185000.0,
        "Other Gand A": 13185000.0,
        "Gross Profit": 34094000.0,
        "Cost Of Revenue": 61488000.0,
        "Total Revenue": 95582000.0,
        "Operating Revenue": 95582000.0
    },
    "2024-03-31": {
        "Tax Effect Of Unusual Items": NaN,
        "Tax Rate For Calcs": NaN,
        "Normalized EBITDA": NaN,
        "Total Unusual Items": NaN,
        "Total Unusual Items Excluding Goodwill": NaN,
        "Net Income From Continuing Operation Net Minority Interest": NaN,
        "Reconciled Depreciation": NaN,
        "Reconciled Cost Of Revenue": NaN,
        "EBITDA": NaN,
        "EBIT": NaN,
        "Net Interest Income": NaN,
        "Interest Expense": NaN,
        "Interest Income": NaN,
        "Normalized Income": NaN,
        "Net Income From Continuing And Discontinued Operation": NaN,
        "Total Expenses": NaN,
        "Rent Expense Supplemental": 271000.0,
        "Total Operating Income As Reported": NaN,
        "Diluted Average Shares": NaN,
        "Basic Average Shares": NaN,
        "Diluted EPS": NaN,
        "Basic EPS": NaN,
        "Diluted NI Availto Com Stockholders": NaN,
        "Net Income Common Stockholders": NaN,
        "Net Income": NaN,
        "Minority Interests": NaN,
        "Net Income Including Noncontrolling Interests": NaN,
        "Net Income Continuous Operations": NaN,
        "Tax Provision": NaN,
        "Pretax Income": NaN,
        "Other Income Expense": NaN,
        "Other Non Operating Income Expenses": NaN,
        "Special Income Charges": NaN,
        "Impairment Of Capital Assets": NaN,
        "Gain On Sale Of Security": NaN,
        "Net Non Operating Interest Income Expense": NaN,
        "Interest Expense Non Operating": NaN,
        "Interest Income Non Operating": NaN,
        "Operating Income": NaN,
        "Operating Expense": NaN,
        "Depreciation Amortization Depletion Income Statement": 1013000.0,
        "Depreciation And Amortization In Income Statement": 1013000.0,
        "Selling General And Administration": NaN,
        "Selling And Marketing Expense": NaN,
        "General And Administrative Expense": NaN,
        "Other Gand A": NaN,
        "Gross Profit": NaN,
        "Cost Of Revenue": NaN,
        "Total Revenue": NaN,
        "Operating Revenue": NaN
    },
    "2024-06-30": {
        "Tax Effect Of Unusual Items": -50379.018893,
        "Tax Rate For Calcs": 0.235416,
        "Normalized EBITDA": 17485000.0,
        "Total Unusual Items": -214000.0,
        "Total Unusual Items Excluding Goodwill": -214000.0,
        "Net Income From Continuing Operation Net Minority Interest": 9100000.0,
        "Reconciled Depreciation": 4655000.0,
        "Reconciled Cost Of Revenue": 69193000.0,
        "EBITDA": 17271000.0,
        "EBIT": 12616000.0,
        "Net Interest Income": -15000.0,
        "Interest Expense": 548000.0,
        "Interest Income": 533000.0,
        "Normalized Income": 9263620.981107,
        "Net Income From Continuing And Discontinued Operation": 9100000.0,
        "Total Expenses": 100954000.0,
        "Rent Expense Supplemental": NaN,
        "Total Operating Income As Reported": 11115000.0,
        "Diluted Average Shares": 20113842.0,
        "Basic Average Shares": 19994250.0,
        "Diluted EPS": 0.45,
        "Basic EPS": 0.46,
        "Diluted NI Availto Com Stockholders": 9100000.0,
        "Net Income Common Stockholders": 9100000.0,
        "Net Income": 9100000.0,
        "Minority Interests": -127000.0,
        "Net Income Including Noncontrolling Interests": 9227000.0,
        "Net Income Continuous Operations": 9227000.0,
        "Tax Provision": 2841000.0,
        "Pretax Income": 12068000.0,
        "Other Income Expense": 437000.0,
        "Other Non Operating Income Expenses": 651000.0,
        "Special Income Charges": -531000.0,
        "Impairment Of Capital Assets": 531000.0,
        "Gain On Sale Of Security": 317000.0,
        "Net Non Operating Interest Income Expense": -15000.0,
        "Interest Expense Non Operating": 548000.0,
        "Interest Income Non Operating": 533000.0,
        "Operating Income": 11646000.0,
        "Operating Expense": 31761000.0,
        "Depreciation Amortization Depletion Income Statement": NaN,
        "Depreciation And Amortization In Income Statement": NaN,
        "Selling General And Administration": 31761000.0,
        "Selling And Marketing Expense": 13868000.0,
        "General And Administrative Expense": 17893000.0,
        "Other Gand A": 17893000.0,
        "Gross Profit": 43407000.0,
        "Cost Of Revenue": 69193000.0,
        "Total Revenue": 112600000.0,
        "Operating Revenue": 112600000.0
    },
    "2024-09-30": {
        "Tax Effect Of Unusual Items": -56940.0,
        "Tax Rate For Calcs": 0.219,
        "Normalized EBITDA": 13753000.0,
        "Total Unusual Items": -260000.0,
        "Total Unusual Items Excluding Goodwill": -260000.0,
        "Net Income From Continuing Operation Net Minority Interest": 9094000.0,
        "Reconciled Depreciation": 1099000.0,
        "Reconciled Cost Of Revenue": 69274000.0,
        "EBITDA": 13493000.0,
        "EBIT": 12394000.0,
        "Net Interest Income": 235000.0,
        "Interest Expense": 535000.0,
        "Interest Income": 770000.0,
        "Normalized Income": 9297060.0,
        "Net Income From Continuing And Discontinued Operation": 9094000.0,
        "Total Expenses": 101528000.0,
        "Rent Expense Supplemental": NaN,
        "Total Operating Income As Reported": 11270000.0,
        "Diluted Average Shares": 20133813.0,
        "Basic Average Shares": 20017774.0,
        "Diluted EPS": 0.45,
        "Basic EPS": 0.45,
        "Diluted NI Availto Com Stockholders": 9094000.0,
        "Net Income Common Stockholders": 9094000.0,
        "Net Income": 9094000.0,
        "Minority Interests": -168000.0,
        "Net Income Including Noncontrolling Interests": 9262000.0,
        "Net Income Continuous Operations": 9262000.0,
        "Tax Provision": 2597000.0,
        "Pretax Income": 11859000.0,
        "Other Income Expense": 381000.0,
        "Other Non Operating Income Expenses": 641000.0,
        "Special Income Charges": 27000.0,
        "Impairment Of Capital Assets": -27000.0,
        "Gain On Sale Of Security": -287000.0,
        "Net Non Operating Interest Income Expense": 235000.0,
        "Interest Expense Non Operating": 535000.0,
        "Interest Income Non Operating": 770000.0,
        "Operating Income": 11243000.0,
        "Operating Expense": 32254000.0,
        "Depreciation Amortization Depletion Income Statement": 1099000.0,
        "Depreciation And Amortization In Income Statement": 1099000.0,
        "Selling General And Administration": 31155000.0,
        "Selling And Marketing Expense": 13746000.0,
        "General And Administrative Expense": 17409000.0,
        "Other Gand A": 17409000.0,
        "Gross Profit": 43497000.0,
        "Cost Of Revenue": 69274000.0,
        "Total Revenue": 112771000.0,
        "Operating Revenue": 112771000.0
    },
    "2024-12-31": {
        "Tax Effect Of Unusual Items": 33691.475292,
        "Tax Rate For Calcs": 0.295539,
        "Normalized EBITDA": 13562000.0,
        "Total Unusual Items": 114000.0,
        "Total Unusual Items Excluding Goodwill": 114000.0,
        "Net Income From Continuing Operation Net Minority Interest": 5615000.0,
        "Reconciled Depreciation": 4843000.0,
        "Reconciled Cost Of Revenue": 61826000.0,
        "EBITDA": 13676000.0,
        "EBIT": 8833000.0,
        "Net Interest Income": 49000.0,
        "Interest Expense": 516000.0,
        "Interest Income": 565000.0,
        "Normalized Income": 5534691.475292,
        "Net Income From Continuing And Discontinued Operation": 5615000.0,
        "Total Expenses": 94095000.0,
        "Rent Expense Supplemental": NaN,
        "Total Operating Income As Reported": 7300000.0,
        "Diluted Average Shares": 20173554.0,
        "Basic Average Shares": 20026773.0,
        "Diluted EPS": 0.28,
        "Basic EPS": 0.28,
        "Diluted NI Availto Com Stockholders": 5615000.0,
        "Net Income Common Stockholders": 5615000.0,
        "Net Income": 5615000.0,
        "Minority Interests": -244000.0,
        "Net Income Including Noncontrolling Interests": 5859000.0,
        "Net Income Continuous Operations": 5859000.0,
        "Tax Provision": 2458000.0,
        "Pretax Income": 8317000.0,
        "Other Income Expense": 714000.0,
        "Other Non Operating Income Expenses": 600000.0,
        "Special Income Charges": -254000.0,
        "Impairment Of Capital Assets": 254000.0,
        "Gain On Sale Of Security": 368000.0,
        "Net Non Operating Interest Income Expense": 49000.0,
        "Interest Expense Non Operating": 516000.0,
        "Interest Income Non Operating": 565000.0,
        "Operating Income": 7554000.0,
        "Operating Expense": 32269000.0,
        "Depreciation Amortization Depletion Income Statement": NaN,
        "Depreciation And Amortization In Income Statement": NaN,
        "Selling General And Administration": 28005000.0,
        "Selling And Marketing Expense": 13909000.0,
        "General And Administrative Expense": 14096000.0,
        "Other Gand A": 14096000.0,
        "Gross Profit": 39823000.0,
        "Cost Of Revenue": 61826000.0,
        "Total Revenue": 101649000.0,
        "Operating Revenue": 101649000.0
    },
    "2025-03-31": {
        "Tax Effect Of Unusual Items": 60672.0,
        "Tax Rate For Calcs": 0.237,
        "Normalized EBITDA": 14130000.0,
        "Total Unusual Items": 256000.0,
        "Total Unusual Items Excluding Goodwill": 256000.0,
        "Net Income From Continuing Operation Net Minority Interest": 6409000.0,
        "Reconciled Depreciation": 4941000.0,
        "Reconciled Cost Of Revenue": 59053000.0,
        "EBITDA": 14386000.0,
        "EBIT": 9445000.0,
        "Net Interest Income": 57000.0,
        "Interest Expense": 509000.0,
        "Interest Income": 566000.0,
        "Normalized Income": 6213672.0,
        "Net Income From Continuing And Discontinued Operation": 6409000.0,
        "Total Expenses": 95821000.0,
        "Rent Expense Supplemental": 820000.0,
        "Total Operating Income As Reported": 7820000.0,
        "Diluted Average Shares": 20198654.0,
        "Basic Average Shares": 20036505.0,
        "Diluted EPS": 0.32,
        "Basic EPS": 0.32,
        "Diluted NI Availto Com Stockholders": 6409000.0,
        "Net Income Common Stockholders": 6409000.0,
        "Net Income": 6409000.0,
        "Minority Interests": -406000.0,
        "Net Income Including Noncontrolling Interests": 6815000.0,
        "Net Income Continuous Operations": 6815000.0,
        "Tax Provision": 2121000.0,
        "Pretax Income": 8936000.0,
        "Other Income Expense": 1076000.0,
        "Other Non Operating Income Expenses": 820000.0,
        "Special Income Charges": 17000.0,
        "Impairment Of Capital Assets": -17000.0,
        "Gain On Sale Of Security": 239000.0,
        "Net Non Operating Interest Income Expense": 57000.0,
        "Interest Expense Non Operating": 509000.0,
        "Interest Income Non Operating": 566000.0,
        "Operating Income": 7803000.0,
        "Operating Expense": 32959000.0,
        "Depreciation Amortization Depletion Income Statement": 1132000.0,
        "Depreciation And Amortization In Income Statement": 1132000.0,
        "Selling General And Administration": 31827000.0,
        "Selling And Marketing Expense": 14411000.0,
        "General And Administrative Expense": 17416000.0,
        "Other Gand A": 17416000.0,
        "Gross Profit": 40762000.0,
        "Cost Of Revenue": 62862000.0,
        "Total Revenue": 103624000.0,
        "Operating Revenue": 103624000.0
    },
    "2025-06-30": {
        "Tax Effect Of Unusual Items": -614992.0,
        "Tax Rate For Calcs": 0.238,
        "Normalized EBITDA": 22939000.0,
        "Total Unusual Items": -2584000.0,
        "Total Unusual Items Excluding Goodwill": -2584000.0,
        "Net Income From Continuing Operation Net Minority Interest": 10934000.0,
        "Reconciled Depreciation": 5323000.0,
        "Reconciled Cost Of Revenue": 74879000.0,
        "EBITDA": 20355000.0,
        "EBIT": 15032000.0,
        "Net Interest Income": 155000.0,
        "Interest Expense": 521000.0,
        "Interest Income": 676000.0,
        "Normalized Income": 12903008.0,
        "Net Income From Continuing And Discontinued Operation": 10934000.0,
        "Total Expenses": 107719000.0,
        "Rent Expense Supplemental": NaN,
        "Total Operating Income As Reported": 16550000.0,
        "Diluted Average Shares": 20191111.0,
        "Basic Average Shares": 20058247.0,
        "Diluted EPS": 0.54,
        "Basic EPS": 0.55,
        "Diluted NI Availto Com Stockholders": 10934000.0,
        "Net Income Common Stockholders": 10934000.0,
        "Net Income": 10934000.0,
        "Minority Interests": -118000.0,
        "Net Income Including Noncontrolling Interests": 11052000.0,
        "Net Income Continuous Operations": 11052000.0,
        "Tax Provision": 3459000.0,
        "Pretax Income": 14511000.0,
        "Other Income Expense": -1911000.0,
        "Other Non Operating Income Expenses": 673000.0,
        "Special Income Charges": 283000.0,
        "Impairment Of Capital Assets": -283000.0,
        "Gain On Sale Of Security": -2867000.0,
        "Net Non Operating Interest Income Expense": 155000.0,
        "Interest Expense Non Operating": 521000.0,
        "Interest Income Non Operating": 676000.0,
        "Operating Income": 16267000.0,
        "Operating Expense": 32840000.0,
        "Depreciation Amortization Depletion Income Statement": NaN,
        "Depreciation And Amortization In Income Statement": NaN,
        "Selling General And Administration": 32840000.0,
        "Selling And Marketing Expense": 13716000.0,
        "General And Administrative Expense": 19124000.0,
        "Other Gand A": 19124000.0,
        "Gross Profit": 49107000.0,
        "Cost Of Revenue": 74879000.0,
        "Total Revenue": 123986000.0,
        "Operating Revenue": 123986000.0
    },
    "2025-09-30": {
        "Tax Effect Of Unusual Items": 252572.0,
        "Tax Rate For Calcs": 0.233,
        "Normalized EBITDA": 10542000.0,
        "Total Unusual Items": 1084000.0,
        "Total Unusual Items Excluding Goodwill": 1084000.0,
        "Net Income From Continuing Operation Net Minority Interest": 7325000.0,
        "Reconciled Depreciation": 1180000.0,
        "Reconciled Cost Of Revenue": 81598000.0,
        "EBITDA": 11626000.0,
        "EBIT": 10446000.0,
        "Net Interest Income": -124000.0,
        "Interest Expense": 539000.0,
        "Interest Income": 415000.0,
        "Normalized Income": 6493572.0,
        "Net Income From Continuing And Discontinued Operation": 7325000.0,
        "Total Expenses": 116346000.0,
        "Rent Expense Supplemental": NaN,
        "Total Operating Income As Reported": 8573000.0,
        "Diluted Average Shares": 20201285.0,
        "Basic Average Shares": 20091476.0,
        "Diluted EPS": 0.36,
        "Basic EPS": 0.36,
        "Diluted NI Availto Com Stockholders": 7325000.0,
        "Net Income Common Stockholders": 7325000.0,
        "Net Income": 7325000.0,
        "Minority Interests": -278000.0,
        "Net Income Including Noncontrolling Interests": 7603000.0,
        "Net Income Continuous Operations": 7603000.0,
        "Tax Provision": 2304000.0,
        "Pretax Income": 9907000.0,
        "Other Income Expense": 1861000.0,
        "Other Non Operating Income Expenses": 777000.0,
        "Special Income Charges": 403000.0,
        "Impairment Of Capital Assets": -403000.0,
        "Gain On Sale Of Security": 681000.0,
        "Net Non Operating Interest Income Expense": -124000.0,
        "Interest Expense Non Operating": 539000.0,
        "Interest Income Non Operating": 415000.0,
        "Operating Income": 8170000.0,
        "Operating Expense": 34748000.0,
        "Depreciation Amortization Depletion Income Statement": 1180000.0,
        "Depreciation And Amortization In Income Statement": 1180000.0,
        "Selling General And Administration": 33568000.0,
        "Selling And Marketing Expense": 13798000.0,
        "General And Administrative Expense": 19770000.0,
        "Other Gand A": 19770000.0,
        "Gross Profit": 42918000.0,
        "Cost Of Revenue": 81598000.0,
        "Total Revenue": 124516000.0,
        "Operating Revenue": 124516000.0
    }
}