{
    "2023-05-31": {
        "Tax Effect Of Unusual Items": NaN,
        "Tax Rate For Calcs": NaN,
        "Normalized EBITDA": NaN,
        "Net Income From Continuing Operation Net Minority Interest": NaN,
        "Reconciled Depreciation": NaN,
        "Reconciled Cost Of Revenue": NaN,
        "EBITDA": NaN,
        "EBIT": NaN,
        "Net Interest Income": NaN,
        "Interest Expense": NaN,
        "Interest Income": NaN,
        "Normalized Income": NaN,
        "Net Income From Continuing And Discontinued Operation": NaN,
        "Total Expenses": NaN,
        "Rent Expense Supplemental": NaN,
        "Total Operating Income As Reported": NaN,
        "Diluted Average Shares": 10807000.0,
        "Basic Average Shares": 10485000.0,
        "Diluted EPS": 0.16,
        "Basic EPS": 0.16,
        "Diluted NI Availto Com Stockholders": NaN,
        "Net Income Common Stockholders": NaN,
        "Net Income": NaN,
        "Net Income Including Noncontrolling Interests": NaN,
        "Net Income Continuous Operations": NaN,
        "Tax Provision": NaN,
        "Pretax Income": NaN,
        "Net Non Operating Interest Income Expense": NaN,
        "Interest Expense Non Operating": NaN,
        "Interest Income Non Operating": NaN,
        "Operating Income": NaN,
        "Operating Expense": NaN,
        "Depreciation Amortization Depletion Income Statement": NaN,
        "Depreciation And Amortization In Income Statement": NaN,
        "Selling General And Administration": NaN,
        "General And Administrative Expense": NaN,
        "Other Gand A": NaN,
        "Gross Profit": NaN,
        "Cost Of Revenue": NaN,
        "Total Revenue": NaN,
        "Operating Revenue": NaN
    },
    "2023-02-28": {
        "Tax Effect Of Unusual Items": 0.0,
        "Tax Rate For Calcs": 0.21,
        "Normalized EBITDA": 860000.0,
        "Net Income From Continuing Operation Net Minority Interest": -1015000.0,
        "Reconciled Depreciation": 1846000.0,
        "Reconciled Cost Of Revenue": 36025000.0,
        "EBITDA": 860000.0,
        "EBIT": -986000.0,
        "Net Interest Income": 49000.0,
        "Interest Expense": 14000.0,
        "Interest Income": 63000.0,
        "Normalized Income": -1015000.0,
        "Net Income From Continuing And Discontinued Operation": -1015000.0,
        "Total Expenses": 44993000.0,
        "Rent Expense Supplemental": 3065000.0,
        "Total Operating Income As Reported": -1049000.0,
        "Diluted Average Shares": 9801000.0,
        "Basic Average Shares": 9801000.0,
        "Diluted EPS": -0.1,
        "Basic EPS": -0.1,
        "Diluted NI Availto Com Stockholders": -1015000.0,
        "Net Income Common Stockholders": -1015000.0,
        "Net Income": -1015000.0,
        "Net Income Including Noncontrolling Interests": -1015000.0,
        "Net Income Continuous Operations": -1015000.0,
        "Tax Provision": 15000.0,
        "Pretax Income": -1000000.0,
        "Net Non Operating Interest Income Expense": 49000.0,
        "Interest Expense Non Operating": 14000.0,
        "Interest Income Non Operating": 63000.0,
        "Operating Income": -1049000.0,
        "Operating Expense": 7210000.0,
        "Depreciation Amortization Depletion Income Statement": 88000.0,
        "Depreciation And Amortization In Income Statement": 88000.0,
        "Selling General And Administration": 7122000.0,
        "General And Administrative Expense": 7122000.0,
        "Other Gand A": 7122000.0,
        "Gross Profit": 6161000.0,
        "Cost Of Revenue": 37783000.0,
        "Total Revenue": 43944000.0,
        "Operating Revenue": 43944000.0
    },
    "2022-11-30": {
        "Tax Effect Of Unusual Items": 0.0,
        "Tax Rate For Calcs": 0.21,
        "Normalized EBITDA": -401000.0,
        "Net Income From Continuing Operation Net Minority Interest": -2088000.0,
        "Reconciled Depreciation": 1661000.0,
        "Reconciled Cost Of Revenue": 33171000.0,
        "EBITDA": -401000.0,
        "EBIT": -2062000.0,
        "Net Interest Income": 78000.0,
        "Interest Expense": 16000.0,
        "Interest Income": 94000.0,
        "Normalized Income": -2088000.0,
        "Net Income From Continuing And Discontinued Operation": -2088000.0,
        "Total Expenses": 41474000.0,
        "Rent Expense Supplemental": 2885000.0,
        "Total Operating Income As Reported": -2156000.0,
        "Diluted Average Shares": 9789000.0,
        "Basic Average Shares": 9789000.0,
        "Diluted EPS": -0.21,
        "Basic EPS": -0.21,
        "Diluted NI Availto Com Stockholders": -2088000.0,
        "Net Income Common Stockholders": -2088000.0,
        "Net Income": -2088000.0,
        "Net Income Including Noncontrolling Interests": -2088000.0,
        "Net Income Continuous Operations": -2088000.0,
        "Tax Provision": 10000.0,
        "Pretax Income": -2078000.0,
        "Net Non Operating Interest Income Expense": 78000.0,
        "Interest Expense Non Operating": 16000.0,
        "Interest Income Non Operating": 94000.0,
        "Operating Income": -2156000.0,
        "Operating Expense": 6727000.0,
        "Depreciation Amortization Depletion Income Statement": 85000.0,
        "Depreciation And Amortization In Income Statement": 85000.0,
        "Selling General And Administration": 6642000.0,
        "General And Administrative Expense": 6642000.0,
        "Other Gand A": 6642000.0,
        "Gross Profit": 4571000.0,
        "Cost Of Revenue": 34747000.0,
        "Total Revenue": 39318000.0,
        "Operating Revenue": 39318000.0
    },
    "2022-08-31": {
        "Tax Effect Of Unusual Items": 0.0,
        "Tax Rate For Calcs": 0.030902,
        "Normalized EBITDA": 2090000.0,
        "Net Income From Continuing Operation Net Minority Interest": 1913000.0,
        "Reconciled Depreciation": 99000.0,
        "Reconciled Cost Of Revenue": 34409000.0,
        "EBITDA": 2090000.0,
        "EBIT": 1991000.0,
        "Net Interest Income": 59000.0,
        "Interest Expense": 17000.0,
        "Interest Income": 76000.0,
        "Normalized Income": 1913000.0,
        "Net Income From Continuing And Discontinued Operation": 1913000.0,
        "Total Expenses": 40083000.0,
        "Rent Expense Supplemental": 2722000.0,
        "Total Operating Income As Reported": 1915000.0,
        "Diluted Average Shares": 10114000.0,
        "Basic Average Shares": 9742000.0,
        "Diluted EPS": 0.19,
        "Basic EPS": 0.2,
        "Diluted NI Availto Com Stockholders": 1913000.0,
        "Net Income Common Stockholders": 1913000.0,
        "Net Income": 1913000.0,
        "Net Income Including Noncontrolling Interests": 1913000.0,
        "Net Income Continuous Operations": 1913000.0,
        "Tax Provision": 61000.0,
        "Pretax Income": 1974000.0,
        "Net Non Operating Interest Income Expense": 59000.0,
        "Interest Expense Non Operating": 17000.0,
        "Interest Income Non Operating": 76000.0,
        "Operating Income": 1915000.0,
        "Operating Expense": 5674000.0,
        "Depreciation Amortization Depletion Income Statement": 99000.0,
        "Depreciation And Amortization In Income Statement": 99000.0,
        "Selling General And Administration": 5575000.0,
        "General And Administrative Expense": 5575000.0,
        "Other Gand A": 5575000.0,
        "Gross Profit": 7589000.0,
        "Cost Of Revenue": 34409000.0,
        "Total Revenue": 41998000.0,
        "Operating Revenue": 41998000.0
    },
    "2022-05-31": {
        "Tax Effect Of Unusual Items": 0.0,
        "Tax Rate For Calcs": 0.4,
        "Normalized EBITDA": 1959000.0,
        "Net Income From Continuing Operation Net Minority Interest": 477000.0,
        "Reconciled Depreciation": 1461000.0,
        "Reconciled Cost Of Revenue": 30135000.0,
        "EBIT": 498000.0,
        "Net Interest Income": 2000.0,
        "Interest Expense": 23000.0,
        "Interest Income": 25000.0,
        "Normalized Income": 477000.0,
        "Net Income From Continuing And Discontinued Operation": 477000.0,
        "Total Expenses": 37496000.0,
        "Rent Expense Supplemental": 2693000.0,
        "Total Operating Income As Reported": 473000.0,
        "Diluted Average Shares": 10069000.0,
        "Basic Average Shares": 9722000.0,
        "Diluted EPS": 0.05,
        "Basic EPS": 0.05,
        "Diluted NI Availto Com Stockholders": 477000.0,
        "Net Income Common Stockholders": 477000.0,
        "Net Income": 477000.0,
        "Net Income Including Noncontrolling Interests": 477000.0,
        "Net Income Continuous Operations": 477000.0,
        "Tax Provision": -2000.0,
        "Pretax Income": 475000.0,
        "Net Non Operating Interest Income Expense": 2000.0,
        "Interest Expense Non Operating": 23000.0,
        "Interest Income Non Operating": 25000.0,
        "Operating Income": 473000.0,
        "Operating Expense": 5985000.0,
        "Depreciation Amortization Depletion Income Statement": 85000.0,
        "Depreciation And Amortization In Income Statement": 85000.0,
        "Selling General And Administration": 5900000.0,
        "General And Administrative Expense": 5900000.0,
        "Other Gand A": 5900000.0,
        "Gross Profit": 6458000.0,
        "Cost Of Revenue": 31511000.0,
        "Total Revenue": 37969000.0,
        "Operating Revenue": 37969000.0
    },
    "2022-02-28": {
        "Diluted EPS": -0.19,
        "Total Revenue": 31,
        "Gross Profit": 4,
        "Operating Income": -2,
        "EBIT": -1,
        "Net Income": -2
    },
    "2021-11-30": {
        "Diluted EPS": -0.13,
        "Total Revenue": 30,
        "Gross Profit": 4,
        "Operating Income": -1,
        "EBIT": 0,
        "Net Income": -1
    },
    "2021-08-31": {
        "Diluted EPS": -0.08,
        "Total Revenue": 28,
        "Gross Profit": 4,
        "Operating Income": -1,
        "EBIT": 0,
        "Net Income": -1
    },
    "2021-05-31": {
        "Diluted EPS": 0.09,
        "Total Revenue": 18,
        "Gross Profit": 5,
        "Operating Income": 1,
        "EBIT": 2,
        "Net Income": 1
    },
    "2021-02-28": {
        "Diluted EPS": -0.46,
        "Total Revenue": 9,
        "Gross Profit": -1,
        "Operating Income": -4,
        "EBIT": -3,
        "Net Income": -4
    },
    "2020-11-30": {
        "Diluted EPS": -0.76,
        "Total Revenue": 9,
        "Gross Profit": -3,
        "Operating Income": -6,
        "EBIT": -5,
        "Net Income": -6
    },
    "2020-08-31": {
        "Diluted EPS": -0.81,
        "Total Revenue": 6,
        "Gross Profit": -4,
        "Operating Income": -7,
        "EBIT": -6,
        "Net Income": -7
    },
    "2020-05-31": {
        "Diluted EPS": -1.1,
        "Total Revenue": 3,
        "Gross Profit": -5,
        "Operating Income": -8,
        "EBIT": -7,
        "Net Income": -9
    },
    "2020-02-29": {
        "Diluted EPS": -0.02,
        "Total Revenue": 19,
        "Gross Profit": 3,
        "Operating Income": 0,
        "EBIT": 1,
        "Net Income": 0
    },
    "2019-11-30": {
        "Diluted EPS": -0.15,
        "Total Revenue": 17,
        "Gross Profit": 2,
        "Operating Income": -1,
        "EBIT": -1,
        "Net Income": -1
    },
    "2019-08-31": {
        "Diluted EPS": 0.15,
        "Total Revenue": 19,
        "Gross Profit": 3,
        "Operating Income": 1,
        "EBIT": 2,
        "Net Income": 1
    },
    "2019-05-31": {
        "Diluted EPS": 0.14,
        "Total Revenue": 17,
        "Gross Profit": 3,
        "Operating Income": 1,
        "EBIT": 1,
        "Net Income": 1
    },
    "2019-02-28": {
        "Diluted EPS": 0.04,
        "Total Revenue": 15,
        "Gross Profit": 2,
        "Operating Income": 0,
        "EBIT": 1,
        "Net Income": 0
    },
    "2018-11-30": {
        "Diluted EPS": -0.08,
        "Total Revenue": 13,
        "Gross Profit": 2,
        "Operating Income": 0,
        "EBIT": 0,
        "Net Income": 0
    },
    "2018-08-31": {
        "Diluted EPS": 0.0,
        "Total Revenue": NaN,
        "Gross Profit": NaN,
        "Operating Income": NaN,
        "EBIT": NaN,
        "Net Income": NaN
    },
    "2017-08-31": {
        "Diluted EPS": 0.0,
        "Total Revenue": NaN,
        "Gross Profit": NaN,
        "Operating Income": NaN,
        "EBIT": NaN,
        "Net Income": NaN
    },
    "2023-08-31": {
        "Tax Effect Of Unusual Items": 0.0,
        "Tax Rate For Calcs": 0.05401,
        "Normalized EBITDA": 5366000.0,
        "Net Income From Continuing Operation Net Minority Interest": 2925000.0,
        "Reconciled Depreciation": 2258000.0,
        "Reconciled Cost Of Revenue": 43183000.0,
        "EBITDA": 5366000.0,
        "EBIT": 3108000.0,
        "Net Interest Income": 863000.0,
        "Interest Expense": 16000.0,
        "Interest Income": 879000.0,
        "Normalized Income": 2925000.0,
        "Net Income From Continuing And Discontinued Operation": 2925000.0,
        "Total Expenses": 52700000.0,
        "Rent Expense Supplemental": 3637000.0,
        "Total Operating Income As Reported": 2229000.0,
        "Diluted Average Shares": 11500000.0,
        "Basic Average Shares": 11126000.0,
        "Diluted EPS": 0.25,
        "Basic EPS": 0.26,
        "Diluted NI Availto Com Stockholders": 2925000.0,
        "Net Income Common Stockholders": 2925000.0,
        "Net Income": 2925000.0,
        "Net Income Including Noncontrolling Interests": 2925000.0,
        "Net Income Continuous Operations": 2925000.0,
        "Tax Provision": 167000.0,
        "Pretax Income": 3092000.0,
        "Net Non Operating Interest Income Expense": 863000.0,
        "Interest Expense Non Operating": 16000.0,
        "Interest Income Non Operating": 879000.0,
        "Operating Income": 2229000.0,
        "Operating Expense": 7404000.0,
        "Depreciation Amortization Depletion Income Statement": 145000.0,
        "Depreciation And Amortization In Income Statement": 145000.0,
        "Selling General And Administration": 7259000.0,
        "General And Administrative Expense": 7259000.0,
        "Other Gand A": 7259000.0,
        "Gross Profit": 9633000.0,
        "Cost Of Revenue": 45296000.0,
        "Total Revenue": 54929000.0,
        "Operating Revenue": 54929000.0
    },
    "2023-11-30": {
        "Tax Effect Of Unusual Items": 0.0,
        "Tax Rate For Calcs": 0.21,
        "Normalized EBITDA": 599000.0,
        "Net Income From Continuing Operation Net Minority Interest": -2047000.0,
        "Reconciled Depreciation": 2600000.0,
        "Reconciled Cost Of Revenue": 43107000.0,
        "EBITDA": 599000.0,
        "EBIT": -2001000.0,
        "Net Interest Income": 832000.0,
        "Interest Expense": 8000.0,
        "Interest Income": 840000.0,
        "Normalized Income": -2047000.0,
        "Net Income From Continuing And Discontinued Operation": -2047000.0,
        "Total Expenses": 54316000.0,
        "Rent Expense Supplemental": 3908000.0,
        "Total Operating Income As Reported": -2841000.0,
        "Diluted Average Shares": 11150000.0,
        "Basic Average Shares": 11150000.0,
        "Diluted EPS": -0.18,
        "Basic EPS": -0.18,
        "Diluted NI Availto Com Stockholders": -2047000.0,
        "Net Income Common Stockholders": -2047000.0,
        "Net Income": -2047000.0,
        "Net Income Including Noncontrolling Interests": -2047000.0,
        "Net Income Continuous Operations": -2047000.0,
        "Tax Provision": 38000.0,
        "Pretax Income": -2009000.0,
        "Net Non Operating Interest Income Expense": 832000.0,
        "Interest Expense Non Operating": 8000.0,
        "Interest Income Non Operating": 840000.0,
        "Operating Income": -2841000.0,
        "Operating Expense": 8713000.0,
        "Depreciation Amortization Depletion Income Statement": 104000.0,
        "Depreciation And Amortization In Income Statement": 104000.0,
        "Selling General And Administration": 8609000.0,
        "General And Administrative Expense": 8609000.0,
        "Other Gand A": 8609000.0,
        "Gross Profit": 5872000.0,
        "Cost Of Revenue": 45603000.0,
        "Total Revenue": 51475000.0,
        "Operating Revenue": 51475000.0
    },
    "2024-02-29": {
        "Tax Effect Of Unusual Items": 0.0,
        "Tax Rate For Calcs": 0.21,
        "Normalized EBITDA": 1845000.0,
        "Net Income From Continuing Operation Net Minority Interest": -998000.0,
        "Reconciled Depreciation": 2781000.0,
        "Reconciled Cost Of Revenue": 48032000.0,
        "EBITDA": 1845000.0,
        "EBIT": -936000.0,
        "Net Interest Income": 742000.0,
        "Interest Expense": 12000.0,
        "Interest Income": 754000.0,
        "Normalized Income": -998000.0,
        "Net Income From Continuing And Discontinued Operation": -998000.0,
        "Total Expenses": 58981000.0,
        "Rent Expense Supplemental": 3953000.0,
        "Total Operating Income As Reported": -1690000.0,
        "Diluted Average Shares": 11179000.0,
        "Basic Average Shares": 11179000.0,
        "Diluted EPS": -0.09,
        "Basic EPS": -0.09,
        "Diluted NI Availto Com Stockholders": -998000.0,
        "Net Income Common Stockholders": -998000.0,
        "Net Income": -998000.0,
        "Net Income Including Noncontrolling Interests": -998000.0,
        "Net Income Continuous Operations": -998000.0,
        "Tax Provision": 50000.0,
        "Pretax Income": -948000.0,
        "Net Non Operating Interest Income Expense": 742000.0,
        "Interest Expense Non Operating": 12000.0,
        "Interest Income Non Operating": 754000.0,
        "Operating Income": -1690000.0,
        "Operating Expense": 8275000.0,
        "Depreciation Amortization Depletion Income Statement": 107000.0,
        "Depreciation And Amortization In Income Statement": 107000.0,
        "Selling General And Administration": 8168000.0,
        "General And Administrative Expense": 8168000.0,
        "Other Gand A": 8168000.0,
        "Gross Profit": 6585000.0,
        "Cost Of Revenue": 50706000.0,
        "Total Revenue": 57291000.0,
        "Operating Revenue": 57291000.0
    },
    "2024-05-31": {
        "Tax Effect Of Unusual Items": NaN,
        "Tax Rate For Calcs": NaN,
        "Normalized EBITDA": NaN,
        "Net Income From Continuing Operation Net Minority Interest": NaN,
        "Reconciled Depreciation": NaN,
        "Reconciled Cost Of Revenue": NaN,
        "EBITDA": NaN,
        "EBIT": NaN,
        "Net Interest Income": NaN,
        "Interest Expense": NaN,
        "Interest Income": NaN,
        "Normalized Income": NaN,
        "Net Income From Continuing And Discontinued Operation": NaN,
        "Total Expenses": NaN,
        "Rent Expense Supplemental": NaN,
        "Total Operating Income As Reported": NaN,
        "Diluted Average Shares": 11188000.0,
        "Basic Average Shares": 11188000.0,
        "Diluted EPS": -0.05,
        "Basic EPS": -0.05,
        "Diluted NI Availto Com Stockholders": NaN,
        "Net Income Common Stockholders": NaN,
        "Net Income": NaN,
        "Net Income Including Noncontrolling Interests": NaN,
        "Net Income Continuous Operations": NaN,
        "Tax Provision": NaN,
        "Pretax Income": NaN,
        "Net Non Operating Interest Income Expense": NaN,
        "Interest Expense Non Operating": NaN,
        "Interest Income Non Operating": NaN,
        "Operating Income": NaN,
        "Operating Expense": NaN,
        "Depreciation Amortization Depletion Income Statement": NaN,
        "Depreciation And Amortization In Income Statement": NaN,
        "Selling General And Administration": NaN,
        "General And Administrative Expense": NaN,
        "Other Gand A": NaN,
        "Gross Profit": NaN,
        "Cost Of Revenue": NaN,
        "Total Revenue": NaN,
        "Operating Revenue": NaN
    },
    "2024-08-31": {
        "Tax Effect Of Unusual Items": NaN,
        "Tax Rate For Calcs": NaN,
        "Normalized EBITDA": NaN,
        "Net Income From Continuing Operation Net Minority Interest": NaN,
        "Reconciled Depreciation": NaN,
        "Reconciled Cost Of Revenue": NaN,
        "EBITDA": NaN,
        "EBIT": NaN,
        "Net Interest Income": NaN,
        "Interest Expense": NaN,
        "Interest Income": NaN,
        "Normalized Income": NaN,
        "Net Income From Continuing And Discontinued Operation": NaN,
        "Total Expenses": NaN,
        "Rent Expense Supplemental": NaN,
        "Total Operating Income As Reported": NaN,
        "Diluted Average Shares": 11247000.0,
        "Basic Average Shares": 11247000.0,
        "Diluted EPS": -0.46,
        "Basic EPS": -0.46,
        "Diluted NI Availto Com Stockholders": NaN,
        "Net Income Common Stockholders": NaN,
        "Net Income": NaN,
        "Net Income Including Noncontrolling Interests": NaN,
        "Net Income Continuous Operations": NaN,
        "Tax Provision": NaN,
        "Pretax Income": NaN,
        "Net Non Operating Interest Income Expense": NaN,
        "Interest Expense Non Operating": NaN,
        "Interest Income Non Operating": NaN,
        "Operating Income": NaN,
        "Operating Expense": NaN,
        "Depreciation Amortization Depletion Income Statement": NaN,
        "Depreciation And Amortization In Income Statement": NaN,
        "Selling General And Administration": NaN,
        "General And Administrative Expense": NaN,
        "Other Gand A": NaN,
        "Gross Profit": NaN,
        "Cost Of Revenue": NaN,
        "Total Revenue": NaN,
        "Operating Revenue": NaN
    },
    "2024-11-30": {
        "Tax Effect Of Unusual Items": 0.0,
        "Tax Rate For Calcs": 0.21,
        "Normalized EBITDA": 2291000.0,
        "Net Income From Continuing Operation Net Minority Interest": -961000.0,
        "Reconciled Depreciation": 3200000.0,
        "Reconciled Cost Of Revenue": 53997000.0,
        "EBITDA": 2291000.0,
        "EBIT": -909000.0,
        "Net Interest Income": 552000.0,
        "Interest Expense": 13000.0,
        "Interest Income": 565000.0,
        "Normalized Income": -961000.0,
        "Net Income From Continuing And Discontinued Operation": -961000.0,
        "Total Expenses": 65930000.0,
        "Rent Expense Supplemental": 4754000.0,
        "Total Operating Income As Reported": -1474000.0,
        "Diluted Average Shares": 11416000.0,
        "Basic Average Shares": 11416000.0,
        "Diluted EPS": -0.08,
        "Basic EPS": -0.08,
        "Diluted NI Availto Com Stockholders": -961000.0,
        "Net Income Common Stockholders": -961000.0,
        "Net Income": -961000.0,
        "Net Income Including Noncontrolling Interests": -961000.0,
        "Net Income Continuous Operations": -961000.0,
        "Tax Provision": 39000.0,
        "Pretax Income": -922000.0,
        "Net Non Operating Interest Income Expense": 552000.0,
        "Interest Expense Non Operating": 13000.0,
        "Interest Income Non Operating": 565000.0,
        "Operating Income": -1474000.0,
        "Operating Expense": 8842000.0,
        "Depreciation Amortization Depletion Income Statement": 109000.0,
        "Depreciation And Amortization In Income Statement": 109000.0,
        "Selling General And Administration": 8733000.0,
        "General And Administrative Expense": 8733000.0,
        "Other Gand A": 8733000.0,
        "Gross Profit": 7368000.0,
        "Cost Of Revenue": 57088000.0,
        "Total Revenue": 64456000.0,
        "Operating Revenue": 64456000.0
    },
    "2025-02-28": {
        "Tax Effect Of Unusual Items": 0.0,
        "Tax Rate For Calcs": 0.21,
        "Normalized EBITDA": -334000.0,
        "Net Income From Continuing Operation Net Minority Interest": -3781000.0,
        "Reconciled Depreciation": 3396000.0,
        "Reconciled Cost Of Revenue": 55102000.0,
        "EBITDA": -334000.0,
        "EBIT": -3730000.0,
        "Net Interest Income": 846000.0,
        "Interest Expense": 13000.0,
        "Interest Income": 859000.0,
        "Normalized Income": -3781000.0,
        "Net Income From Continuing And Discontinued Operation": -3781000.0,
        "Total Expenses": 69483000.0,
        "Rent Expense Supplemental": 5099000.0,
        "Total Operating Income As Reported": -4589000.0,
        "Diluted Average Shares": 12073000.0,
        "Basic Average Shares": 12073000.0,
        "Diluted EPS": -0.31,
        "Basic EPS": -0.31,
        "Diluted NI Availto Com Stockholders": -3781000.0,
        "Net Income Common Stockholders": -3781000.0,
        "Net Income": -3781000.0,
        "Net Income Including Noncontrolling Interests": -3781000.0,
        "Net Income Continuous Operations": -3781000.0,
        "Tax Provision": 38000.0,
        "Pretax Income": -3743000.0,
        "Net Non Operating Interest Income Expense": 846000.0,
        "Interest Expense Non Operating": 13000.0,
        "Interest Income Non Operating": 859000.0,
        "Operating Income": -4589000.0,
        "Operating Expense": 11095000.0,
        "Depreciation Amortization Depletion Income Statement": 110000.0,
        "Depreciation And Amortization In Income Statement": 110000.0,
        "Selling General And Administration": 10985000.0,
        "General And Administrative Expense": 10985000.0,
        "Other Gand A": 10985000.0,
        "Gross Profit": 6506000.0,
        "Cost Of Revenue": 58388000.0,
        "Total Revenue": 64894000.0,
        "Operating Revenue": 64894000.0
    },
    "2025-05-31": {
        "Tax Effect Of Unusual Items": 0.0,
        "Tax Rate For Calcs": 0.08871,
        "Normalized EBITDA": 4209000.0,
        "Net Income From Continuing Operation Net Minority Interest": 565000.0,
        "Reconciled Depreciation": 3559000.0,
        "Reconciled Cost Of Revenue": 61827000.0,
        "EBITDA": 4209000.0,
        "EBIT": 650000.0,
        "Net Interest Income": 782000.0,
        "Interest Expense": 30000.0,
        "Interest Income": 812000.0,
        "Normalized Income": 565000.0,
        "Net Income From Continuing And Discontinued Operation": 565000.0,
        "Total Expenses": 74127000.0,
        "Rent Expense Supplemental": 5538000.0,
        "Total Operating Income As Reported": -162000.0,
        "Diluted Average Shares": 12311000.0,
        "Basic Average Shares": 12086000.0,
        "Diluted EPS": 0.05,
        "Basic EPS": 0.05,
        "Diluted NI Availto Com Stockholders": 565000.0,
        "Net Income Common Stockholders": 565000.0,
        "Net Income": 565000.0,
        "Net Income Including Noncontrolling Interests": 565000.0,
        "Net Income Continuous Operations": 565000.0,
        "Tax Provision": 55000.0,
        "Pretax Income": 620000.0,
        "Net Non Operating Interest Income Expense": 782000.0,
        "Interest Expense Non Operating": 30000.0,
        "Interest Income Non Operating": 812000.0,
        "Operating Income": -162000.0,
        "Operating Expense": 8850000.0,
        "Depreciation Amortization Depletion Income Statement": 109000.0,
        "Depreciation And Amortization In Income Statement": 109000.0,
        "Selling General And Administration": 8741000.0,
        "General And Administrative Expense": 8741000.0,
        "Other Gand A": 8741000.0,
        "Gross Profit": 8688000.0,
        "Cost Of Revenue": 65277000.0,
        "Total Revenue": 73965000.0,
        "Operating Revenue": 73965000.0
    },
    "2025-08-31": {
        "Tax Effect Of Unusual Items": 0.0,
        "Tax Rate For Calcs": 0.018566,
        "Normalized EBITDA": 6221000.0,
        "Net Income From Continuing Operation Net Minority Interest": 2273000.0,
        "Reconciled Depreciation": 3891000.0,
        "Reconciled Cost Of Revenue": 64805000.0,
        "EBITDA": 6221000.0,
        "EBIT": 2330000.0,
        "Net Interest Income": 852000.0,
        "Interest Expense": 14000.0,
        "Interest Income": 866000.0,
        "Normalized Income": 2273000.0,
        "Net Income From Continuing And Discontinued Operation": 2273000.0,
        "Total Expenses": 77984000.0,
        "Rent Expense Supplemental": 5611000.0,
        "Total Operating Income As Reported": 1464000.0,
        "Diluted Average Shares": NaN,
        "Basic Average Shares": NaN,
        "Diluted EPS": NaN,
        "Basic EPS": NaN,
        "Diluted NI Availto Com Stockholders": 2273000.0,
        "Net Income Common Stockholders": 2273000.0,
        "Net Income": 2273000.0,
        "Net Income Including Noncontrolling Interests": 2273000.0,
        "Net Income Continuous Operations": 2273000.0,
        "Tax Provision": 43000.0,
        "Pretax Income": 2316000.0,
        "Net Non Operating Interest Income Expense": 852000.0,
        "Interest Expense Non Operating": 14000.0,
        "Interest Income Non Operating": 866000.0,
        "Operating Income": 1464000.0,
        "Operating Expense": 9408000.0,
        "Depreciation Amortization Depletion Income Statement": 120000.0,
        "Depreciation And Amortization In Income Statement": 120000.0,
        "Selling General And Administration": 9288000.0,
        "General And Administrative Expense": 9288000.0,
        "Other Gand A": 9288000.0,
        "Gross Profit": 10872000.0,
        "Cost Of Revenue": 68576000.0,
        "Total Revenue": 79448000.0,
        "Operating Revenue": 79448000.0
    },
    "2025-11-30": {
        "Tax Effect Of Unusual Items": 0.0,
        "Tax Rate For Calcs": 0.21,
        "Normalized EBITDA": 1103000.0,
        "Net Income From Continuing Operation Net Minority Interest": -3060000.0,
        "Reconciled Depreciation": 4109000.0,
        "Reconciled Cost Of Revenue": 63475000.0,
        "EBITDA": 1103000.0,
        "EBIT": -3006000.0,
        "Net Interest Income": 656000.0,
        "Interest Expense": 18000.0,
        "Interest Income": 674000.0,
        "Normalized Income": -3060000.0,
        "Net Income From Continuing And Discontinued Operation": -3060000.0,
        "Total Expenses": 77135000.0,
        "Rent Expense Supplemental": 5838000.0,
        "Total Operating Income As Reported": -3680000.0,
        "Diluted Average Shares": 12111000.0,
        "Basic Average Shares": 12111000.0,
        "Diluted EPS": -0.25,
        "Basic EPS": -0.25,
        "Diluted NI Availto Com Stockholders": -3060000.0,
        "Net Income Common Stockholders": -3060000.0,
        "Net Income": -3060000.0,
        "Net Income Including Noncontrolling Interests": -3060000.0,
        "Net Income Continuous Operations": -3060000.0,
        "Tax Provision": 36000.0,
        "Pretax Income": -3024000.0,
        "Net Non Operating Interest Income Expense": 656000.0,
        "Interest Expense Non Operating": 18000.0,
        "Interest Income Non Operating": 674000.0,
        "Operating Income": -3680000.0,
        "Operating Expense": 9680000.0,
        "Depreciation Amortization Depletion Income Statement": 129000.0,
        "Depreciation And Amortization In Income Statement": 129000.0,
        "Selling General And Administration": 9551000.0,
        "General And Administrative Expense": 9551000.0,
        "Other Gand A": 9551000.0,
        "Gross Profit": 6000000.0,
        "Cost Of Revenue": 67455000.0,
        "Total Revenue": 73455000.0,
        "Operating Revenue": 73455000.0
    }
}