{
    "2023-03-31": {
        "Tax Effect Of Unusual Items": 0.0,
        "Tax Rate For Calcs": 0.202,
        "Normalized EBITDA": 102269000.0,
        "Net Income From Continuing Operation Net Minority Interest": 66296000.0,
        "Reconciled Depreciation": 9127000.0,
        "Reconciled Cost Of Revenue": 380422000.0,
        "EBITDA": 102269000.0,
        "EBIT": 93142000.0,
        "Net Interest Income": -9854000.0,
        "Interest Expense": 10273000.0,
        "Interest Income": 419000.0,
        "Normalized Income": 66296000.0,
        "Net Income From Continuing And Discontinued Operation": 66296000.0,
        "Total Expenses": 572174000.0,
        "Total Operating Income As Reported": 94949000.0,
        "Diluted Average Shares": 56940000.0,
        "Basic Average Shares": 55646000.0,
        "Diluted EPS": 1.16,
        "Basic EPS": 1.19,
        "Diluted NI Availto Com Stockholders": 66296000.0,
        "Net Income Common Stockholders": 66296000.0,
        "Net Income": 66296000.0,
        "Net Income Including Noncontrolling Interests": 66296000.0,
        "Net Income Continuous Operations": 66296000.0,
        "Tax Provision": 16573000.0,
        "Pretax Income": 82869000.0,
        "Other Income Expense": -2226000.0,
        "Other Non Operating Income Expenses": -2226000.0,
        "Net Non Operating Interest Income Expense": -9854000.0,
        "Interest Expense Non Operating": 10273000.0,
        "Interest Income Non Operating": 419000.0,
        "Operating Income": 94949000.0,
        "Operating Expense": 191752000.0,
        "Selling General And Administration": 191752000.0,
        "Gross Profit": 286701000.0,
        "Cost Of Revenue": 380422000.0,
        "Total Revenue": 667123000.0,
        "Operating Revenue": 667123000.0
    },
    "2022-12-31": {
        "Tax Effect Of Unusual Items": 0.0,
        "Tax Rate For Calcs": 0.324347,
        "Normalized EBITDA": 95481000.0,
        "Net Income From Continuing Operation Net Minority Interest": 51605000.0,
        "Reconciled Depreciation": 9299000.0,
        "Reconciled Cost Of Revenue": 432886000.0,
        "EBITDA": 95481000.0,
        "EBIT": 86182000.0,
        "Net Interest Income": -9480000.0,
        "Interest Expense": 9804000.0,
        "Interest Income": 324000.0,
        "Normalized Income": 51605000.0,
        "Net Income From Continuing And Discontinued Operation": 51605000.0,
        "Total Expenses": 646975000.0,
        "Total Operating Income As Reported": 84633000.0,
        "Diluted Average Shares": 56666000.0,
        "Basic Average Shares": 55485000.0,
        "Diluted EPS": 0.91,
        "Basic EPS": 0.93,
        "Diluted NI Availto Com Stockholders": 51605000.0,
        "Net Income Common Stockholders": 51605000.0,
        "Net Income": 51605000.0,
        "Net Income Including Noncontrolling Interests": 51605000.0,
        "Net Income Continuous Operations": 51605000.0,
        "Tax Provision": 24773000.0,
        "Pretax Income": 76378000.0,
        "Other Income Expense": 1225000.0,
        "Other Non Operating Income Expenses": 1225000.0,
        "Net Non Operating Interest Income Expense": -9480000.0,
        "Interest Expense Non Operating": 9804000.0,
        "Interest Income Non Operating": 324000.0,
        "Operating Income": 84633000.0,
        "Operating Expense": 214089000.0,
        "Selling General And Administration": 214089000.0,
        "Gross Profit": 298722000.0,
        "Cost Of Revenue": 432886000.0,
        "Total Revenue": 731608000.0,
        "Operating Revenue": 731608000.0
    },
    "2022-09-30": {
        "Tax Effect Of Unusual Items": 0.0,
        "Tax Rate For Calcs": 0.204959,
        "Normalized EBITDA": 82116000.0,
        "Net Income From Continuing Operation Net Minority Interest": 51083000.0,
        "Reconciled Depreciation": 9006000.0,
        "Reconciled Cost Of Revenue": 342460000.0,
        "EBITDA": 82116000.0,
        "EBIT": 73110000.0,
        "Net Interest Income": -8595000.0,
        "Interest Expense": 8858000.0,
        "Interest Income": 263000.0,
        "Normalized Income": 51083000.0,
        "Net Income From Continuing And Discontinued Operation": 51083000.0,
        "Total Expenses": 531455000.0,
        "Total Operating Income As Reported": 75066000.0,
        "Diluted Average Shares": 56550000.0,
        "Basic Average Shares": 55428000.0,
        "Diluted EPS": 0.9,
        "Basic EPS": 0.92,
        "Diluted NI Availto Com Stockholders": 51083000.0,
        "Net Income Common Stockholders": 51083000.0,
        "Net Income": 51083000.0,
        "Net Income Including Noncontrolling Interests": 51083000.0,
        "Net Income Continuous Operations": 51083000.0,
        "Tax Provision": 13169000.0,
        "Pretax Income": 64252000.0,
        "Other Income Expense": -2219000.0,
        "Other Non Operating Income Expenses": -2219000.0,
        "Net Non Operating Interest Income Expense": -8595000.0,
        "Interest Expense Non Operating": 8858000.0,
        "Interest Income Non Operating": 263000.0,
        "Operating Income": 75066000.0,
        "Operating Expense": 188995000.0,
        "Selling General And Administration": 188995000.0,
        "Gross Profit": 264061000.0,
        "Cost Of Revenue": 342460000.0,
        "Total Revenue": 606521000.0,
        "Operating Revenue": 606521000.0
    },
    "2022-06-30": {
        "Tax Effect Of Unusual Items": 0.0,
        "Tax Rate For Calcs": 0.205813,
        "Normalized EBITDA": 95254000.0,
        "Net Income From Continuing Operation Net Minority Interest": 61995000.0,
        "Reconciled Depreciation": 8959000.0,
        "Reconciled Cost Of Revenue": 346608000.0,
        "EBITDA": 95254000.0,
        "EBIT": 86295000.0,
        "Net Interest Income": -7938000.0,
        "Interest Expense": 8234000.0,
        "Interest Income": 296000.0,
        "Normalized Income": 61995000.0,
        "Net Income From Continuing And Discontinued Operation": 61995000.0,
        "Total Expenses": 524827000.0,
        "Total Operating Income As Reported": 88745000.0,
        "Diluted Average Shares": 56711000.0,
        "Basic Average Shares": 55740000.0,
        "Diluted EPS": 1.09,
        "Basic EPS": 1.11,
        "Diluted NI Availto Com Stockholders": 61995000.0,
        "Net Income Common Stockholders": 61995000.0,
        "Net Income": 61995000.0,
        "Net Income Including Noncontrolling Interests": 61995000.0,
        "Net Income Continuous Operations": 61995000.0,
        "Tax Provision": 16066000.0,
        "Pretax Income": 78061000.0,
        "Other Income Expense": -2746000.0,
        "Other Non Operating Income Expenses": -2746000.0,
        "Net Non Operating Interest Income Expense": -7938000.0,
        "Interest Expense Non Operating": 8234000.0,
        "Interest Income Non Operating": 296000.0,
        "Operating Income": 88745000.0,
        "Operating Expense": 178219000.0,
        "Selling General And Administration": 178219000.0,
        "Gross Profit": 266964000.0,
        "Cost Of Revenue": 346608000.0,
        "Total Revenue": 613572000.0,
        "Operating Revenue": 613572000.0
    },
    "2023-06-30": {
        "Tax Effect Of Unusual Items": NaN,
        "Tax Rate For Calcs": NaN,
        "Normalized EBITDA": NaN,
        "Net Income From Continuing Operation Net Minority Interest": NaN,
        "Reconciled Depreciation": NaN,
        "Reconciled Cost Of Revenue": NaN,
        "EBITDA": NaN,
        "EBIT": NaN,
        "Net Interest Income": NaN,
        "Interest Expense": NaN,
        "Interest Income": NaN,
        "Normalized Income": NaN,
        "Net Income From Continuing And Discontinued Operation": NaN,
        "Total Expenses": NaN,
        "Total Operating Income As Reported": NaN,
        "Diluted Average Shares": 56846000.0,
        "Basic Average Shares": 56089000.0,
        "Diluted EPS": 0.64,
        "Basic EPS": 0.65,
        "Diluted NI Availto Com Stockholders": NaN,
        "Net Income Common Stockholders": NaN,
        "Net Income": NaN,
        "Net Income Including Noncontrolling Interests": NaN,
        "Net Income Continuous Operations": NaN,
        "Tax Provision": NaN,
        "Pretax Income": NaN,
        "Other Income Expense": NaN,
        "Other Non Operating Income Expenses": NaN,
        "Net Non Operating Interest Income Expense": NaN,
        "Interest Expense Non Operating": NaN,
        "Interest Income Non Operating": NaN,
        "Operating Income": NaN,
        "Operating Expense": NaN,
        "Selling General And Administration": NaN,
        "Gross Profit": NaN,
        "Cost Of Revenue": NaN,
        "Total Revenue": NaN,
        "Operating Revenue": NaN
    },
    "2022-03-31": {
        "Diluted EPS": 1.4,
        "Total Revenue": 680,
        "Gross Profit": 305,
        "Operating Income": 108,
        "EBIT": 118,
        "Net Income": 81
    },
    "2021-12-31": {
        "Diluted EPS": 0.75,
        "Total Revenue": 681,
        "Gross Profit": 291,
        "Operating Income": 69,
        "EBIT": 79,
        "Net Income": 44
    },
    "2021-09-30": {
        "Diluted EPS": 1.07,
        "Total Revenue": 652,
        "Gross Profit": 290,
        "Operating Income": 86,
        "EBIT": 95,
        "Net Income": 63
    },
    "2021-06-30": {
        "Diluted EPS": 0.4,
        "Total Revenue": 491,
        "Gross Profit": 226,
        "Operating Income": 35,
        "EBIT": 44,
        "Net Income": 24
    },
    "2021-03-31": {
        "Diluted EPS": 1.09,
        "Total Revenue": 652,
        "Gross Profit": 301,
        "Operating Income": 93,
        "EBIT": 102,
        "Net Income": 64
    },
    "2020-12-31": {
        "Diluted EPS": 0.75,
        "Total Revenue": 661,
        "Gross Profit": 281,
        "Operating Income": 63,
        "EBIT": 73,
        "Net Income": 43
    },
    "2020-09-30": {
        "Diluted EPS": 1.05,
        "Total Revenue": 583,
        "Gross Profit": 258,
        "Operating Income": 83,
        "EBIT": 92,
        "Net Income": 61
    },
    "2020-06-30": {
        "Diluted EPS": -0.58,
        "Total Revenue": 349,
        "Gross Profit": 134,
        "Operating Income": -22,
        "EBIT": -14,
        "Net Income": -33
    },
    "2020-03-31": {
        "Diluted EPS": -0.05,
        "Total Revenue": 504,
        "Gross Profit": 191,
        "Operating Income": 0,
        "EBIT": 7,
        "Net Income": -3
    },
    "2019-12-31": {
        "Diluted EPS": 0.5,
        "Total Revenue": 653,
        "Gross Profit": 266,
        "Operating Income": 59,
        "EBIT": 66,
        "Net Income": 29
    },
    "2019-09-30": {
        "Diluted EPS": 0.25,
        "Total Revenue": 638,
        "Gross Profit": 256,
        "Operating Income": 31,
        "EBIT": 71,
        "Net Income": 15
    },
    "2019-06-30": {
        "Diluted EPS": 0.67,
        "Total Revenue": 610,
        "Gross Profit": 236,
        "Operating Income": 54,
        "EBIT": 62,
        "Net Income": 38
    },
    "2019-03-31": {
        "Diluted EPS": 0.27,
        "Total Revenue": 648,
        "Gross Profit": 247,
        "Operating Income": 25,
        "EBIT": 33,
        "Net Income": 15
    },
    "2018-12-31": {
        "Diluted EPS": 0.91,
        "Total Revenue": 726,
        "Gross Profit": 280,
        "Operating Income": 70,
        "EBIT": 77,
        "Net Income": 52
    },
    "2018-09-30": {
        "Diluted EPS": 1.25,
        "Total Revenue": 704,
        "Gross Profit": 280,
        "Operating Income": 95,
        "EBIT": 103,
        "Net Income": 71
    },
    "2018-06-30": {
        "Diluted EPS": 1.07,
        "Total Revenue": 664,
        "Gross Profit": 267,
        "Operating Income": 76,
        "EBIT": 84,
        "Net Income": 60
    },
    "2018-03-31": {
        "Diluted EPS": 1.41,
        "Total Revenue": 670,
        "Gross Profit": 287,
        "Operating Income": 92,
        "EBIT": 101,
        "Net Income": 80
    },
    "2017-12-31": {
        "Diluted EPS": 0.0,
        "Total Revenue": NaN,
        "Gross Profit": NaN,
        "Operating Income": NaN,
        "EBIT": NaN,
        "Net Income": NaN
    },
    "2023-09-30": {
        "Tax Effect Of Unusual Items": NaN,
        "Tax Rate For Calcs": NaN,
        "Normalized EBITDA": NaN,
        "Net Income From Continuing Operation Net Minority Interest": NaN,
        "Reconciled Depreciation": NaN,
        "Reconciled Cost Of Revenue": NaN,
        "EBITDA": NaN,
        "EBIT": NaN,
        "Net Interest Income": NaN,
        "Interest Expense": NaN,
        "Interest Income": NaN,
        "Normalized Income": NaN,
        "Net Income From Continuing And Discontinued Operation": NaN,
        "Total Expenses": NaN,
        "Total Operating Income As Reported": NaN,
        "Diluted Average Shares": 56956000.0,
        "Basic Average Shares": 56151000.0,
        "Diluted EPS": 1.05,
        "Basic EPS": 1.06,
        "Diluted NI Availto Com Stockholders": NaN,
        "Net Income Common Stockholders": NaN,
        "Net Income": NaN,
        "Net Income Including Noncontrolling Interests": NaN,
        "Net Income Continuous Operations": NaN,
        "Tax Provision": NaN,
        "Pretax Income": NaN,
        "Other Income Expense": NaN,
        "Other Non Operating Income Expenses": NaN,
        "Net Non Operating Interest Income Expense": NaN,
        "Interest Expense Non Operating": NaN,
        "Interest Income Non Operating": NaN,
        "Operating Income": NaN,
        "Operating Expense": NaN,
        "Selling General And Administration": NaN,
        "Gross Profit": NaN,
        "Cost Of Revenue": NaN,
        "Total Revenue": NaN,
        "Operating Revenue": NaN
    },
    "2023-12-31": {
        "Tax Effect Of Unusual Items": 0.0,
        "Tax Rate For Calcs": 0.21,
        "Normalized EBITDA": 86188000.0,
        "Net Income From Continuing Operation Net Minority Interest": 68771000.0,
        "Reconciled Depreciation": 10641000.0,
        "Reconciled Cost Of Revenue": 390390000.0,
        "EBITDA": 86188000.0,
        "EBIT": 75547000.0,
        "Net Interest Income": -8301000.0,
        "Interest Expense": 10018000.0,
        "Interest Income": 1717000.0,
        "Normalized Income": 68771000.0,
        "Net Income From Continuing And Discontinued Operation": 68771000.0,
        "Total Expenses": 594359000.0,
        "Total Operating Income As Reported": 75441000.0,
        "Diluted Average Shares": 56982000.0,
        "Basic Average Shares": 55955000.0,
        "Diluted EPS": 1.21,
        "Basic EPS": 1.23,
        "Diluted NI Availto Com Stockholders": 68771000.0,
        "Net Income Common Stockholders": 68771000.0,
        "Net Income": 68771000.0,
        "Net Income Including Noncontrolling Interests": 68771000.0,
        "Net Income Continuous Operations": 68771000.0,
        "Tax Provision": -3242000.0,
        "Pretax Income": 65529000.0,
        "Other Income Expense": -1611000.0,
        "Other Non Operating Income Expenses": -1611000.0,
        "Net Non Operating Interest Income Expense": -8301000.0,
        "Interest Expense Non Operating": 10018000.0,
        "Interest Income Non Operating": 1717000.0,
        "Operating Income": 75441000.0,
        "Operating Expense": 203969000.0,
        "Selling General And Administration": 203969000.0,
        "Gross Profit": 279410000.0,
        "Cost Of Revenue": 390390000.0,
        "Total Revenue": 669800000.0,
        "Operating Revenue": 669800000.0
    },
    "2024-03-31": {
        "Tax Effect Of Unusual Items": 0.0,
        "Tax Rate For Calcs": 0.213,
        "Normalized EBITDA": 93477000.0,
        "Net Income From Continuing Operation Net Minority Interest": 59507000.0,
        "Reconciled Depreciation": 9505000.0,
        "Reconciled Cost Of Revenue": 346058000.0,
        "EBITDA": 93477000.0,
        "EBIT": 83972000.0,
        "Net Interest Income": -6867000.0,
        "Interest Expense": 9292000.0,
        "Interest Income": 2425000.0,
        "Normalized Income": 59507000.0,
        "Net Income From Continuing And Discontinued Operation": 59507000.0,
        "Total Expenses": 546772000.0,
        "Total Operating Income As Reported": 84430000.0,
        "Diluted Average Shares": 56739000.0,
        "Basic Average Shares": 55735000.0,
        "Diluted EPS": 1.05,
        "Basic EPS": 1.07,
        "Diluted NI Availto Com Stockholders": 59507000.0,
        "Net Income Common Stockholders": 59507000.0,
        "Net Income": 59507000.0,
        "Net Income Including Noncontrolling Interests": 59507000.0,
        "Net Income Continuous Operations": 59507000.0,
        "Tax Provision": 15173000.0,
        "Pretax Income": 74680000.0,
        "Other Income Expense": -2883000.0,
        "Other Non Operating Income Expenses": -2883000.0,
        "Net Non Operating Interest Income Expense": -6867000.0,
        "Interest Expense Non Operating": 9292000.0,
        "Interest Income Non Operating": 2425000.0,
        "Operating Income": 84430000.0,
        "Operating Expense": 200714000.0,
        "Selling General And Administration": 200714000.0,
        "Gross Profit": 285144000.0,
        "Cost Of Revenue": 346058000.0,
        "Total Revenue": 631202000.0,
        "Operating Revenue": 631202000.0
    },
    "2024-06-30": {
        "Tax Effect Of Unusual Items": 0.0,
        "Tax Rate For Calcs": 0.196832,
        "Normalized EBITDA": 84863000.0,
        "Net Income From Continuing Operation Net Minority Interest": 51769000.0,
        "Reconciled Depreciation": 10025000.0,
        "Reconciled Cost Of Revenue": 335538000.0,
        "EBITDA": 84863000.0,
        "EBIT": 74838000.0,
        "Net Interest Income": -7766000.0,
        "Interest Expense": 10382000.0,
        "Interest Income": 2616000.0,
        "Normalized Income": 51769000.0,
        "Net Income From Continuing And Discontinued Operation": 51769000.0,
        "Total Expenses": 531655000.0,
        "Total Operating Income As Reported": 75243000.0,
        "Diluted Average Shares": 56456000.0,
        "Basic Average Shares": 55810000.0,
        "Diluted EPS": 0.92,
        "Basic EPS": 0.93,
        "Diluted NI Availto Com Stockholders": 51769000.0,
        "Net Income Common Stockholders": 51769000.0,
        "Net Income": 51769000.0,
        "Net Income Including Noncontrolling Interests": 51769000.0,
        "Net Income Continuous Operations": 51769000.0,
        "Tax Provision": 12687000.0,
        "Pretax Income": 64456000.0,
        "Other Income Expense": -3021000.0,
        "Other Non Operating Income Expenses": -3021000.0,
        "Net Non Operating Interest Income Expense": -7766000.0,
        "Interest Expense Non Operating": 10382000.0,
        "Interest Income Non Operating": 2616000.0,
        "Operating Income": 75243000.0,
        "Operating Expense": 196117000.0,
        "Selling General And Administration": 196117000.0,
        "Gross Profit": 271360000.0,
        "Cost Of Revenue": 335538000.0,
        "Total Revenue": 606898000.0,
        "Operating Revenue": 604544000.0
    },
    "2024-09-30": {
        "Tax Effect Of Unusual Items": 0.0,
        "Tax Rate For Calcs": 0.186982,
        "Normalized EBITDA": 107473000.0,
        "Net Income From Continuing Operation Net Minority Interest": 70548000.0,
        "Reconciled Depreciation": 9522000.0,
        "Reconciled Cost Of Revenue": 370684000.0,
        "EBITDA": 107473000.0,
        "EBIT": 97951000.0,
        "Net Interest Income": -8213000.0,
        "Interest Expense": 11178000.0,
        "Interest Income": 2965000.0,
        "Normalized Income": 70548000.0,
        "Net Income From Continuing And Discontinued Operation": 70548000.0,
        "Total Expenses": 571873000.0,
        "Total Operating Income As Reported": 98321000.0,
        "Diluted Average Shares": 56054000.0,
        "Basic Average Shares": 55421000.0,
        "Diluted EPS": 1.26,
        "Basic EPS": 1.27,
        "Diluted NI Availto Com Stockholders": 70548000.0,
        "Net Income Common Stockholders": 70548000.0,
        "Net Income": 70548000.0,
        "Net Income Including Noncontrolling Interests": 70548000.0,
        "Net Income Continuous Operations": 70548000.0,
        "Tax Provision": 16225000.0,
        "Pretax Income": 86773000.0,
        "Other Income Expense": -3335000.0,
        "Other Non Operating Income Expenses": -3335000.0,
        "Net Non Operating Interest Income Expense": -8213000.0,
        "Interest Expense Non Operating": 11178000.0,
        "Interest Income Non Operating": 2965000.0,
        "Operating Income": 98321000.0,
        "Operating Expense": 201189000.0,
        "Selling General And Administration": 201189000.0,
        "Gross Profit": 299510000.0,
        "Cost Of Revenue": 370684000.0,
        "Total Revenue": 670194000.0,
        "Operating Revenue": 670194000.0
    },
    "2024-12-31": {
        "Tax Effect Of Unusual Items": 0.0,
        "Tax Rate For Calcs": 0.152766,
        "Normalized EBITDA": 99069000.0,
        "Net Income From Continuing Operation Net Minority Interest": 63978000.0,
        "Reconciled Depreciation": 13583000.0,
        "Reconciled Cost Of Revenue": 393728000.0,
        "EBITDA": 99069000.0,
        "EBIT": 85486000.0,
        "Net Interest Income": -6829000.0,
        "Interest Expense": 9972000.0,
        "Interest Income": 3143000.0,
        "Normalized Income": 63978000.0,
        "Net Income From Continuing And Discontinued Operation": 63978000.0,
        "Total Expenses": 614989000.0,
        "Total Operating Income As Reported": 84295000.0,
        "Diluted Average Shares": NaN,
        "Basic Average Shares": NaN,
        "Diluted EPS": NaN,
        "Basic EPS": NaN,
        "Diluted NI Availto Com Stockholders": 63978000.0,
        "Net Income Common Stockholders": 63978000.0,
        "Net Income": 63978000.0,
        "Net Income Including Noncontrolling Interests": 63978000.0,
        "Net Income Continuous Operations": 63978000.0,
        "Tax Provision": 11536000.0,
        "Pretax Income": 75514000.0,
        "Other Income Expense": -1952000.0,
        "Other Non Operating Income Expenses": -1952000.0,
        "Net Non Operating Interest Income Expense": -6829000.0,
        "Interest Expense Non Operating": 9972000.0,
        "Interest Income Non Operating": 3143000.0,
        "Operating Income": 84295000.0,
        "Operating Expense": 221261000.0,
        "Selling General And Administration": 221261000.0,
        "Gross Profit": 305556000.0,
        "Cost Of Revenue": 393728000.0,
        "Total Revenue": 699284000.0,
        "Operating Revenue": 688320000.0
    }
}