{
    "2023-03-31": {
        "Tax Effect Of Unusual Items": NaN,
        "Tax Rate For Calcs": NaN,
        "Normalized EBITDA": NaN,
        "Total Unusual Items": NaN,
        "Total Unusual Items Excluding Goodwill": NaN,
        "Net Income From Continuing Operation Net Minority Interest": NaN,
        "Reconciled Depreciation": NaN,
        "Reconciled Cost Of Revenue": NaN,
        "EBITDA": NaN,
        "EBIT": NaN,
        "Net Interest Income": NaN,
        "Interest Expense": NaN,
        "Normalized Income": NaN,
        "Net Income From Continuing And Discontinued Operation": NaN,
        "Total Expenses": NaN,
        "Total Operating Income As Reported": NaN,
        "Diluted Average Shares": NaN,
        "Basic Average Shares": NaN,
        "Diluted EPS": NaN,
        "Basic EPS": NaN,
        "Diluted NI Availto Com Stockholders": NaN,
        "Net Income Common Stockholders": NaN,
        "Net Income": NaN,
        "Net Income Including Noncontrolling Interests": NaN,
        "Net Income Continuous Operations": NaN,
        "Tax Provision": NaN,
        "Pretax Income": NaN,
        "Other Income Expense": 396000.0,
        "Special Income Charges": NaN,
        "Other Special Charges": -396000.0,
        "Net Non Operating Interest Income Expense": NaN,
        "Interest Expense Non Operating": NaN,
        "Operating Income": NaN,
        "Operating Expense": NaN,
        "Research And Development": NaN,
        "Selling General And Administration": NaN,
        "Gross Profit": NaN,
        "Cost Of Revenue": NaN,
        "Total Revenue": NaN,
        "Operating Revenue": NaN
    },
    "2022-12-31": {
        "Tax Effect Of Unusual Items": NaN,
        "Tax Rate For Calcs": NaN,
        "Normalized EBITDA": NaN,
        "Total Unusual Items": NaN,
        "Total Unusual Items Excluding Goodwill": NaN,
        "Net Income From Continuing Operation Net Minority Interest": NaN,
        "Reconciled Depreciation": NaN,
        "Reconciled Cost Of Revenue": NaN,
        "EBITDA": NaN,
        "EBIT": NaN,
        "Net Interest Income": NaN,
        "Interest Expense": NaN,
        "Normalized Income": NaN,
        "Net Income From Continuing And Discontinued Operation": NaN,
        "Total Expenses": NaN,
        "Total Operating Income As Reported": NaN,
        "Diluted Average Shares": NaN,
        "Basic Average Shares": NaN,
        "Diluted EPS": NaN,
        "Basic EPS": NaN,
        "Diluted NI Availto Com Stockholders": NaN,
        "Net Income Common Stockholders": NaN,
        "Net Income": NaN,
        "Net Income Including Noncontrolling Interests": NaN,
        "Net Income Continuous Operations": NaN,
        "Tax Provision": NaN,
        "Pretax Income": NaN,
        "Other Income Expense": 2710000.0,
        "Special Income Charges": NaN,
        "Other Special Charges": -2710000.0,
        "Net Non Operating Interest Income Expense": NaN,
        "Interest Expense Non Operating": NaN,
        "Operating Income": NaN,
        "Operating Expense": NaN,
        "Research And Development": NaN,
        "Selling General And Administration": NaN,
        "Gross Profit": NaN,
        "Cost Of Revenue": NaN,
        "Total Revenue": NaN,
        "Operating Revenue": NaN
    },
    "2022-09-30": {
        "Tax Effect Of Unusual Items": NaN,
        "Tax Rate For Calcs": NaN,
        "Normalized EBITDA": NaN,
        "Total Unusual Items": NaN,
        "Total Unusual Items Excluding Goodwill": NaN,
        "Net Income From Continuing Operation Net Minority Interest": NaN,
        "Reconciled Depreciation": NaN,
        "Reconciled Cost Of Revenue": NaN,
        "EBITDA": NaN,
        "EBIT": NaN,
        "Net Interest Income": NaN,
        "Interest Expense": NaN,
        "Normalized Income": NaN,
        "Net Income From Continuing And Discontinued Operation": NaN,
        "Total Expenses": NaN,
        "Total Operating Income As Reported": NaN,
        "Diluted Average Shares": NaN,
        "Basic Average Shares": NaN,
        "Diluted EPS": NaN,
        "Basic EPS": NaN,
        "Diluted NI Availto Com Stockholders": NaN,
        "Net Income Common Stockholders": NaN,
        "Net Income": NaN,
        "Net Income Including Noncontrolling Interests": NaN,
        "Net Income Continuous Operations": NaN,
        "Tax Provision": NaN,
        "Pretax Income": NaN,
        "Other Income Expense": 934000.0,
        "Special Income Charges": NaN,
        "Other Special Charges": -934000.0,
        "Net Non Operating Interest Income Expense": NaN,
        "Interest Expense Non Operating": NaN,
        "Operating Income": NaN,
        "Operating Expense": NaN,
        "Research And Development": NaN,
        "Selling General And Administration": NaN,
        "Gross Profit": NaN,
        "Cost Of Revenue": NaN,
        "Total Revenue": NaN,
        "Operating Revenue": NaN
    },
    "2022-06-30": {
        "Tax Effect Of Unusual Items": 0.0,
        "Tax Rate For Calcs": 0.4,
        "Normalized EBITDA": 2261000.0,
        "Total Unusual Items": NaN,
        "Total Unusual Items Excluding Goodwill": NaN,
        "Net Income From Continuing Operation Net Minority Interest": 968000.0,
        "Reconciled Depreciation": 3629000.0,
        "Reconciled Cost Of Revenue": 114446000.0,
        "EBITDA": 2261000.0,
        "EBIT": 2261000.0,
        "Net Interest Income": -1466000.0,
        "Interest Expense": 1466000.0,
        "Normalized Income": 968000.0,
        "Net Income From Continuing And Discontinued Operation": 968000.0,
        "Total Expenses": 123945000.0,
        "Total Operating Income As Reported": 2261000.0,
        "Diluted Average Shares": 11075000.0,
        "Basic Average Shares": 10762000.0,
        "Diluted EPS": 0.09,
        "Basic EPS": 0.09,
        "Diluted NI Availto Com Stockholders": 968000.0,
        "Net Income Common Stockholders": 968000.0,
        "Net Income": 968000.0,
        "Net Income Including Noncontrolling Interests": 968000.0,
        "Net Income Continuous Operations": 968000.0,
        "Tax Provision": -173000.0,
        "Pretax Income": 795000.0,
        "Other Income Expense": NaN,
        "Special Income Charges": NaN,
        "Other Special Charges": NaN,
        "Net Non Operating Interest Income Expense": -1466000.0,
        "Interest Expense Non Operating": 1466000.0,
        "Operating Income": 2261000.0,
        "Operating Expense": 9499000.0,
        "Research And Development": 2348000.0,
        "Selling General And Administration": 7151000.0,
        "Gross Profit": 11760000.0,
        "Cost Of Revenue": 114446000.0,
        "Total Revenue": 126206000.0,
        "Operating Revenue": 126206000.0
    },
    "2022-03-31": {
        "Diluted EPS": 0.09,
        "Total Revenue": 138,
        "Gross Profit": 12,
        "Operating Income": 3,
        "EBIT": 4,
        "Net Income": 1
    },
    "2021-12-31": {
        "Diluted EPS": 0.05,
        "Total Revenue": 134,
        "Gross Profit": 10,
        "Operating Income": 2,
        "EBIT": 3,
        "Net Income": 1
    },
    "2021-09-30": {
        "Diluted EPS": 0.07,
        "Total Revenue": 133,
        "Gross Profit": 10,
        "Operating Income": 2,
        "EBIT": 4,
        "Net Income": 1
    },
    "2021-06-30": {
        "Diluted EPS": 0.01,
        "Total Revenue": 133,
        "Gross Profit": 10,
        "Operating Income": 1,
        "EBIT": 3,
        "Net Income": 0
    },
    "2021-03-31": {
        "Diluted EPS": 0.08,
        "Total Revenue": 135,
        "Gross Profit": 11,
        "Operating Income": 3,
        "EBIT": 4,
        "Net Income": 1
    },
    "2020-12-31": {
        "Diluted EPS": 0.14,
        "Total Revenue": 128,
        "Gross Profit": 11,
        "Operating Income": 3,
        "EBIT": 4,
        "Net Income": 2
    },
    "2020-09-30": {
        "Diluted EPS": 0.16,
        "Total Revenue": 123,
        "Gross Profit": 10,
        "Operating Income": 3,
        "EBIT": 5,
        "Net Income": 2
    },
    "2020-06-30": {
        "Diluted EPS": 0.14,
        "Total Revenue": 116,
        "Gross Profit": 9,
        "Operating Income": 1,
        "EBIT": 3,
        "Net Income": 1
    },
    "2020-03-31": {
        "Diluted EPS": 0.08,
        "Total Revenue": 111,
        "Gross Profit": 9,
        "Operating Income": 2,
        "EBIT": 3,
        "Net Income": 1
    },
    "2019-12-31": {
        "Diluted EPS": 0.08,
        "Total Revenue": 117,
        "Gross Profit": 8,
        "Operating Income": 1,
        "EBIT": 3,
        "Net Income": 1
    },
    "2019-09-30": {
        "Diluted EPS": 0.14,
        "Total Revenue": 105,
        "Gross Profit": 9,
        "Operating Income": 3,
        "EBIT": 4,
        "Net Income": 2
    },
    "2019-06-30": {
        "Diluted EPS": 0.07,
        "Total Revenue": 106,
        "Gross Profit": 8,
        "Operating Income": 1,
        "EBIT": 3,
        "Net Income": 1
    },
    "2019-03-31": {
        "Diluted EPS": -1.11,
        "Total Revenue": 108,
        "Gross Profit": 7,
        "Operating Income": -13,
        "EBIT": 2,
        "Net Income": -12
    },
    "2018-12-31": {
        "Diluted EPS": 0.15,
        "Total Revenue": 123,
        "Gross Profit": 10,
        "Operating Income": 3,
        "EBIT": 4,
        "Net Income": 2
    },
    "2018-09-30": {
        "Diluted EPS": 0.15,
        "Total Revenue": 127,
        "Gross Profit": 10,
        "Operating Income": 3,
        "EBIT": 4,
        "Net Income": 2
    },
    "2018-06-30": {
        "Diluted EPS": -0.2,
        "Total Revenue": 117,
        "Gross Profit": 9,
        "Operating Income": -2,
        "EBIT": -1,
        "Net Income": -2
    },
    "2018-03-31": {
        "Diluted EPS": 0.06,
        "Total Revenue": 108,
        "Gross Profit": 8,
        "Operating Income": 1,
        "EBIT": 3,
        "Net Income": 1
    },
    "2017-12-31": {
        "Diluted EPS": -0.02,
        "Total Revenue": 112,
        "Gross Profit": 9,
        "Operating Income": 2,
        "EBIT": 4,
        "Net Income": 0
    },
    "2017-09-30": {
        "Diluted EPS": 0.04,
        "Total Revenue": 109,
        "Gross Profit": 8,
        "Operating Income": 1,
        "EBIT": 3,
        "Net Income": 0
    },
    "2017-06-30": {
        "Diluted EPS": 0.12,
        "Total Revenue": 119,
        "Gross Profit": 10,
        "Operating Income": 2,
        "EBIT": 4,
        "Net Income": 1
    },
    "2017-03-31": {
        "Diluted EPS": 0.09,
        "Total Revenue": 114,
        "Gross Profit": 9,
        "Operating Income": 2,
        "EBIT": 4,
        "Net Income": 1
    },
    "2016-12-31": {
        "Diluted EPS": 0.14,
        "Total Revenue": 119,
        "Gross Profit": 10,
        "Operating Income": 3,
        "EBIT": 4,
        "Net Income": 2
    },
    "2016-09-30": {
        "Diluted EPS": 0.16,
        "Total Revenue": 117,
        "Gross Profit": 10,
        "Operating Income": 3,
        "EBIT": 4,
        "Net Income": 2
    },
    "2016-06-30": {
        "Diluted EPS": 0.19,
        "Total Revenue": 124,
        "Gross Profit": 11,
        "Operating Income": 3,
        "EBIT": 5,
        "Net Income": 2
    },
    "2016-03-31": {
        "Diluted EPS": 0.16,
        "Total Revenue": 118,
        "Gross Profit": 10,
        "Operating Income": 3,
        "EBIT": 4,
        "Net Income": 2
    },
    "2015-12-31": {
        "Diluted EPS": 0.16,
        "Total Revenue": 116,
        "Gross Profit": 9,
        "Operating Income": 2,
        "EBIT": 4,
        "Net Income": 2
    },
    "2015-09-30": {
        "Diluted EPS": 0.07,
        "Total Revenue": 126,
        "Gross Profit": 9,
        "Operating Income": 2,
        "EBIT": 3,
        "Net Income": 1
    },
    "2015-06-30": {
        "Diluted EPS": 0.22,
        "Total Revenue": 120,
        "Gross Profit": 10,
        "Operating Income": 3,
        "EBIT": 5,
        "Net Income": 2
    },
    "2015-03-31": {
        "Diluted EPS": 0.16,
        "Total Revenue": 113,
        "Gross Profit": 9,
        "Operating Income": 3,
        "EBIT": 4,
        "Net Income": 2
    },
    "2014-12-31": {
        "Diluted EPS": 0.14,
        "Total Revenue": 114,
        "Gross Profit": 9,
        "Operating Income": 3,
        "EBIT": 4,
        "Net Income": 2
    },
    "2014-09-30": {
        "Diluted EPS": -0.14,
        "Total Revenue": 86,
        "Gross Profit": 4,
        "Operating Income": -2,
        "EBIT": 0,
        "Net Income": -2
    },
    "2014-06-30": {
        "Diluted EPS": 0.13,
        "Total Revenue": 72,
        "Gross Profit": 7,
        "Operating Income": 2,
        "EBIT": 3,
        "Net Income": 1
    },
    "2014-03-31": {
        "Diluted EPS": 0.12,
        "Total Revenue": 77,
        "Gross Profit": 7,
        "Operating Income": 2,
        "EBIT": 3,
        "Net Income": 1
    },
    "2013-12-31": {
        "Diluted EPS": 0.27,
        "Total Revenue": 78,
        "Gross Profit": 7,
        "Operating Income": 2,
        "EBIT": 3,
        "Net Income": 3
    },
    "2013-09-30": {
        "Diluted EPS": 0.15,
        "Total Revenue": 78,
        "Gross Profit": 7,
        "Operating Income": 2,
        "EBIT": 3,
        "Net Income": 2
    },
    "2013-06-30": {
        "Diluted EPS": 0.18,
        "Total Revenue": 85,
        "Gross Profit": 8,
        "Operating Income": 4,
        "EBIT": 5,
        "Net Income": 2
    },
    "2013-03-31": {
        "Diluted EPS": 0.26,
        "Total Revenue": 84,
        "Gross Profit": 8,
        "Operating Income": 4,
        "EBIT": 4,
        "Net Income": 3
    },
    "2012-12-31": {
        "Diluted EPS": 0.33,
        "Total Revenue": 95,
        "Gross Profit": 9,
        "Operating Income": 5,
        "EBIT": 6,
        "Net Income": 4
    },
    "2012-09-30": {
        "Diluted EPS": 0.35,
        "Total Revenue": 98,
        "Gross Profit": 9,
        "Operating Income": 6,
        "EBIT": 6,
        "Net Income": 4
    },
    "2012-06-30": {
        "Diluted EPS": 0.33,
        "Total Revenue": 97,
        "Gross Profit": 9,
        "Operating Income": 5,
        "EBIT": 6,
        "Net Income": 4
    },
    "2012-03-31": {
        "Diluted EPS": 0.32,
        "Total Revenue": 96,
        "Gross Profit": 9,
        "Operating Income": 5,
        "EBIT": 5,
        "Net Income": 3
    },
    "2011-12-31": {
        "Diluted EPS": 0.3,
        "Total Revenue": 84,
        "Gross Profit": 7,
        "Operating Income": 3,
        "EBIT": 3,
        "Net Income": 3
    },
    "2011-09-30": {
        "Diluted EPS": 0.12,
        "Total Revenue": 70,
        "Gross Profit": 5,
        "Operating Income": 2,
        "EBIT": 2,
        "Net Income": 1
    },
    "2011-06-30": {
        "Diluted EPS": 0.14,
        "Total Revenue": 66,
        "Gross Profit": 5,
        "Operating Income": 2,
        "EBIT": 2,
        "Net Income": 2
    },
    "2011-03-31": {
        "Diluted EPS": 0.07,
        "Total Revenue": 63,
        "Gross Profit": 4,
        "Operating Income": 1,
        "EBIT": 1,
        "Net Income": 1
    },
    "2010-12-31": {
        "Diluted EPS": 0.17,
        "Total Revenue": 61,
        "Gross Profit": 5,
        "Operating Income": 2,
        "EBIT": 2,
        "Net Income": 2
    },
    "2010-09-30": {
        "Diluted EPS": 0.17,
        "Total Revenue": 63,
        "Gross Profit": 6,
        "Operating Income": 3,
        "EBIT": 3,
        "Net Income": 2
    },
    "2010-06-30": {
        "Diluted EPS": 0.22,
        "Total Revenue": 62,
        "Gross Profit": 7,
        "Operating Income": 3,
        "EBIT": 4,
        "Net Income": 2
    },
    "2010-03-31": {
        "Diluted EPS": 0.43,
        "Total Revenue": 52,
        "Gross Profit": 5,
        "Operating Income": 2,
        "EBIT": 3,
        "Net Income": 4
    },
    "2009-12-31": {
        "Diluted EPS": 0.17,
        "Total Revenue": 45,
        "Gross Profit": 5,
        "Operating Income": 2,
        "EBIT": 2,
        "Net Income": 2
    },
    "2009-09-30": {
        "Diluted EPS": 0.03,
        "Total Revenue": 41,
        "Gross Profit": 3,
        "Operating Income": 0,
        "EBIT": 1,
        "Net Income": 0
    },
    "2009-06-30": {
        "Diluted EPS": 0.03,
        "Total Revenue": 45,
        "Gross Profit": 3,
        "Operating Income": 0,
        "EBIT": 1,
        "Net Income": 0
    },
    "2009-03-31": {
        "Diluted EPS": 0.03,
        "Total Revenue": 44,
        "Gross Profit": 3,
        "Operating Income": 0,
        "EBIT": 1,
        "Net Income": 0
    },
    "2023-06-30": {
        "Tax Effect Of Unusual Items": NaN,
        "Tax Rate For Calcs": NaN,
        "Normalized EBITDA": NaN,
        "Total Unusual Items": NaN,
        "Total Unusual Items Excluding Goodwill": NaN,
        "Net Income From Continuing Operation Net Minority Interest": NaN,
        "Reconciled Depreciation": NaN,
        "Reconciled Cost Of Revenue": NaN,
        "EBITDA": NaN,
        "EBIT": NaN,
        "Net Interest Income": NaN,
        "Interest Expense": NaN,
        "Normalized Income": NaN,
        "Net Income From Continuing And Discontinued Operation": NaN,
        "Total Expenses": NaN,
        "Total Operating Income As Reported": NaN,
        "Diluted Average Shares": NaN,
        "Basic Average Shares": NaN,
        "Diluted EPS": NaN,
        "Basic EPS": NaN,
        "Diluted NI Availto Com Stockholders": NaN,
        "Net Income Common Stockholders": NaN,
        "Net Income": NaN,
        "Net Income Including Noncontrolling Interests": NaN,
        "Net Income Continuous Operations": NaN,
        "Tax Provision": NaN,
        "Pretax Income": NaN,
        "Other Income Expense": 261000.0,
        "Special Income Charges": NaN,
        "Other Special Charges": -261000.0,
        "Net Non Operating Interest Income Expense": NaN,
        "Interest Expense Non Operating": NaN,
        "Operating Income": NaN,
        "Operating Expense": NaN,
        "Research And Development": NaN,
        "Selling General And Administration": NaN,
        "Gross Profit": NaN,
        "Cost Of Revenue": NaN,
        "Total Revenue": NaN,
        "Operating Revenue": NaN
    },
    "2023-09-30": {
        "Tax Effect Of Unusual Items": NaN,
        "Tax Rate For Calcs": NaN,
        "Normalized EBITDA": NaN,
        "Total Unusual Items": NaN,
        "Total Unusual Items Excluding Goodwill": NaN,
        "Net Income From Continuing Operation Net Minority Interest": NaN,
        "Reconciled Depreciation": NaN,
        "Reconciled Cost Of Revenue": NaN,
        "EBITDA": NaN,
        "EBIT": NaN,
        "Net Interest Income": NaN,
        "Interest Expense": NaN,
        "Normalized Income": NaN,
        "Net Income From Continuing And Discontinued Operation": NaN,
        "Total Expenses": NaN,
        "Total Operating Income As Reported": NaN,
        "Diluted Average Shares": NaN,
        "Basic Average Shares": NaN,
        "Diluted EPS": NaN,
        "Basic EPS": NaN,
        "Diluted NI Availto Com Stockholders": NaN,
        "Net Income Common Stockholders": NaN,
        "Net Income": NaN,
        "Net Income Including Noncontrolling Interests": NaN,
        "Net Income Continuous Operations": NaN,
        "Tax Provision": NaN,
        "Pretax Income": NaN,
        "Other Income Expense": 431000.0,
        "Special Income Charges": NaN,
        "Other Special Charges": -431000.0,
        "Net Non Operating Interest Income Expense": NaN,
        "Interest Expense Non Operating": NaN,
        "Operating Income": NaN,
        "Operating Expense": NaN,
        "Research And Development": NaN,
        "Selling General And Administration": NaN,
        "Gross Profit": NaN,
        "Cost Of Revenue": NaN,
        "Total Revenue": NaN,
        "Operating Revenue": NaN
    },
    "2023-12-31": {
        "Tax Effect Of Unusual Items": 0.0,
        "Tax Rate For Calcs": 0.21,
        "Normalized EBITDA": 6659000.0,
        "Total Unusual Items": 0.0,
        "Total Unusual Items Excluding Goodwill": 0.0,
        "Net Income From Continuing Operation Net Minority Interest": 1084000.0,
        "Reconciled Depreciation": 2711000.0,
        "Reconciled Cost Of Revenue": 136084000.0,
        "EBITDA": 6659000.0,
        "EBIT": 3948000.0,
        "Net Interest Income": -2961000.0,
        "Interest Expense": 2961000.0,
        "Normalized Income": 1084000.0,
        "Net Income From Continuing And Discontinued Operation": 1084000.0,
        "Total Expenses": 143899000.0,
        "Total Operating Income As Reported": 3948000.0,
        "Diluted Average Shares": 10889000.0,
        "Basic Average Shares": 10762000.0,
        "Diluted EPS": 0.1,
        "Basic EPS": 0.1,
        "Diluted NI Availto Com Stockholders": 1084000.0,
        "Net Income Common Stockholders": 1084000.0,
        "Net Income": 1084000.0,
        "Net Income Including Noncontrolling Interests": 1084000.0,
        "Net Income Continuous Operations": 1084000.0,
        "Tax Provision": -97000.0,
        "Pretax Income": 987000.0,
        "Other Income Expense": NaN,
        "Special Income Charges": 0.0,
        "Other Special Charges": NaN,
        "Net Non Operating Interest Income Expense": -2961000.0,
        "Interest Expense Non Operating": 2961000.0,
        "Operating Income": 3948000.0,
        "Operating Expense": 7815000.0,
        "Research And Development": 1758000.0,
        "Selling General And Administration": 6057000.0,
        "Gross Profit": 11763000.0,
        "Cost Of Revenue": 136084000.0,
        "Total Revenue": 147847000.0,
        "Operating Revenue": 147847000.0
    },
    "2024-03-31": {
        "Tax Effect Of Unusual Items": 0.0,
        "Tax Rate For Calcs": 0.342,
        "Normalized EBITDA": 2174000.0,
        "Total Unusual Items": 0.0,
        "Total Unusual Items Excluding Goodwill": 0.0,
        "Net Income From Continuing Operation Net Minority Interest": -2221000.0,
        "Reconciled Depreciation": 2749000.0,
        "Reconciled Cost Of Revenue": 134346000.0,
        "EBITDA": 2174000.0,
        "EBIT": -575000.0,
        "Net Interest Income": -2800000.0,
        "Interest Expense": 2800000.0,
        "Normalized Income": -2221000.0,
        "Net Income From Continuing And Discontinued Operation": -2221000.0,
        "Total Expenses": 143002000.0,
        "Total Operating Income As Reported": -575000.0,
        "Diluted Average Shares": NaN,
        "Basic Average Shares": NaN,
        "Diluted EPS": NaN,
        "Basic EPS": NaN,
        "Diluted NI Availto Com Stockholders": -2221000.0,
        "Net Income Common Stockholders": -2221000.0,
        "Net Income": -2221000.0,
        "Net Income Including Noncontrolling Interests": -2221000.0,
        "Net Income Continuous Operations": -2221000.0,
        "Tax Provision": -1154000.0,
        "Pretax Income": -3375000.0,
        "Other Income Expense": NaN,
        "Special Income Charges": 0.0,
        "Other Special Charges": NaN,
        "Net Non Operating Interest Income Expense": -2800000.0,
        "Interest Expense Non Operating": 2800000.0,
        "Operating Income": -575000.0,
        "Operating Expense": 8656000.0,
        "Research And Development": 2234000.0,
        "Selling General And Administration": 6422000.0,
        "Gross Profit": 8081000.0,
        "Cost Of Revenue": 134346000.0,
        "Total Revenue": 142427000.0,
        "Operating Revenue": 142427000.0
    },
    "2024-06-30": {
        "Tax Effect Of Unusual Items": NaN,
        "Tax Rate For Calcs": NaN,
        "Normalized EBITDA": NaN,
        "Total Unusual Items": 0.0,
        "Total Unusual Items Excluding Goodwill": 0.0,
        "Net Income From Continuing Operation Net Minority Interest": NaN,
        "Reconciled Depreciation": NaN,
        "Reconciled Cost Of Revenue": NaN,
        "EBITDA": NaN,
        "EBIT": NaN,
        "Net Interest Income": NaN,
        "Interest Expense": NaN,
        "Normalized Income": NaN,
        "Net Income From Continuing And Discontinued Operation": NaN,
        "Total Expenses": NaN,
        "Total Operating Income As Reported": NaN,
        "Diluted Average Shares": NaN,
        "Basic Average Shares": NaN,
        "Diluted EPS": NaN,
        "Basic EPS": NaN,
        "Diluted NI Availto Com Stockholders": NaN,
        "Net Income Common Stockholders": NaN,
        "Net Income": NaN,
        "Net Income Including Noncontrolling Interests": NaN,
        "Net Income Continuous Operations": NaN,
        "Tax Provision": NaN,
        "Pretax Income": NaN,
        "Other Income Expense": 0.0,
        "Special Income Charges": 0.0,
        "Other Special Charges": 0.0,
        "Net Non Operating Interest Income Expense": NaN,
        "Interest Expense Non Operating": NaN,
        "Operating Income": NaN,
        "Operating Expense": NaN,
        "Research And Development": NaN,
        "Selling General And Administration": NaN,
        "Gross Profit": NaN,
        "Cost Of Revenue": NaN,
        "Total Revenue": NaN,
        "Operating Revenue": NaN
    },
    "2024-09-30": {
        "Tax Effect Of Unusual Items": 0.0,
        "Tax Rate For Calcs": 0.048,
        "Normalized EBITDA": 7455000.0,
        "Total Unusual Items": 0.0,
        "Total Unusual Items Excluding Goodwill": 0.0,
        "Net Income From Continuing Operation Net Minority Interest": 1124000.0,
        "Reconciled Depreciation": 3011000.0,
        "Reconciled Cost Of Revenue": 118255000.0,
        "EBITDA": 7455000.0,
        "EBIT": 4444000.0,
        "Net Interest Income": -3263000.0,
        "Interest Expense": 3263000.0,
        "Normalized Income": 1124000.0,
        "Net Income From Continuing And Discontinued Operation": 1124000.0,
        "Total Expenses": 127114000.0,
        "Total Operating Income As Reported": 4444000.0,
        "Diluted Average Shares": 10762000.0,
        "Basic Average Shares": 10762000.0,
        "Diluted EPS": 0.1,
        "Basic EPS": 0.1,
        "Diluted NI Availto Com Stockholders": 1124000.0,
        "Net Income Common Stockholders": 1124000.0,
        "Net Income": 1124000.0,
        "Net Income Including Noncontrolling Interests": 1124000.0,
        "Net Income Continuous Operations": 1124000.0,
        "Tax Provision": 57000.0,
        "Pretax Income": 1181000.0,
        "Other Income Expense": NaN,
        "Special Income Charges": 0.0,
        "Other Special Charges": NaN,
        "Net Non Operating Interest Income Expense": -3263000.0,
        "Interest Expense Non Operating": 3263000.0,
        "Operating Income": 4444000.0,
        "Operating Expense": 8859000.0,
        "Research And Development": 2289000.0,
        "Selling General And Administration": 6570000.0,
        "Gross Profit": 13303000.0,
        "Cost Of Revenue": 118255000.0,
        "Total Revenue": 131558000.0,
        "Operating Revenue": 131558000.0
    },
    "2024-12-31": {
        "Tax Effect Of Unusual Items": 0.0,
        "Tax Rate For Calcs": 0.022,
        "Normalized EBITDA": 1404000.0,
        "Total Unusual Items": 0.0,
        "Total Unusual Items Excluding Goodwill": 0.0,
        "Net Income From Continuing Operation Net Minority Interest": -4914000.0,
        "Reconciled Depreciation": 2525000.0,
        "Reconciled Cost Of Revenue": 106147000.0,
        "EBITDA": 1404000.0,
        "EBIT": -1121000.0,
        "Net Interest Income": -3904000.0,
        "Interest Expense": 3904000.0,
        "Normalized Income": -4914000.0,
        "Net Income From Continuing And Discontinued Operation": -4914000.0,
        "Total Expenses": 114974000.0,
        "Total Operating Income As Reported": -1121000.0,
        "Diluted Average Shares": 10762000.0,
        "Basic Average Shares": 10762000.0,
        "Diluted EPS": -0.46,
        "Basic EPS": -0.46,
        "Diluted NI Availto Com Stockholders": -4914000.0,
        "Net Income Common Stockholders": -4914000.0,
        "Net Income": -4914000.0,
        "Net Income Including Noncontrolling Interests": -4914000.0,
        "Net Income Continuous Operations": -4914000.0,
        "Tax Provision": -111000.0,
        "Pretax Income": -5025000.0,
        "Other Income Expense": NaN,
        "Special Income Charges": 0.0,
        "Other Special Charges": NaN,
        "Net Non Operating Interest Income Expense": -3904000.0,
        "Interest Expense Non Operating": 3904000.0,
        "Operating Income": -1121000.0,
        "Operating Expense": 8827000.0,
        "Research And Development": 2320000.0,
        "Selling General And Administration": 6507000.0,
        "Gross Profit": 7706000.0,
        "Cost Of Revenue": 106147000.0,
        "Total Revenue": 113853000.0,
        "Operating Revenue": 113853000.0
    },
    "2025-03-31": {
        "Tax Effect Of Unusual Items": 0.0,
        "Tax Rate For Calcs": 0.21,
        "Normalized EBITDA": 1950000.0,
        "Total Unusual Items": 0.0,
        "Total Unusual Items Excluding Goodwill": 0.0,
        "Net Income From Continuing Operation Net Minority Interest": -604000.0,
        "Reconciled Depreciation": 2409000.0,
        "Reconciled Cost Of Revenue": 103367000.0,
        "EBITDA": 1950000.0,
        "EBIT": -459000.0,
        "Net Interest Income": -2581000.0,
        "Interest Expense": 2581000.0,
        "Normalized Income": -604000.0,
        "Net Income From Continuing And Discontinued Operation": -604000.0,
        "Total Expenses": 112433000.0,
        "Total Operating Income As Reported": -459000.0,
        "Diluted Average Shares": 10762000.0,
        "Basic Average Shares": 10762000.0,
        "Diluted EPS": -0.06,
        "Basic EPS": -0.06,
        "Diluted NI Availto Com Stockholders": -604000.0,
        "Net Income Common Stockholders": -604000.0,
        "Net Income": -604000.0,
        "Net Income Including Noncontrolling Interests": -604000.0,
        "Net Income Continuous Operations": -604000.0,
        "Tax Provision": -2436000.0,
        "Pretax Income": -3040000.0,
        "Other Income Expense": NaN,
        "Special Income Charges": 0.0,
        "Other Special Charges": NaN,
        "Net Non Operating Interest Income Expense": -2581000.0,
        "Interest Expense Non Operating": 2581000.0,
        "Operating Income": -459000.0,
        "Operating Expense": 9066000.0,
        "Research And Development": 2308000.0,
        "Selling General And Administration": 6758000.0,
        "Gross Profit": 8607000.0,
        "Cost Of Revenue": 103367000.0,
        "Total Revenue": 111974000.0,
        "Operating Revenue": 111974000.0
    },
    "2025-06-30": {
        "Tax Effect Of Unusual Items": 0.0,
        "Tax Rate For Calcs": 0.227103,
        "Normalized EBITDA": -648000.0,
        "Total Unusual Items": 0.0,
        "Total Unusual Items Excluding Goodwill": 0.0,
        "Net Income From Continuing Operation Net Minority Interest": -3924000.0,
        "Reconciled Depreciation": 1654000.0,
        "Reconciled Cost Of Revenue": 103675000.0,
        "EBITDA": -648000.0,
        "EBIT": -2302000.0,
        "Net Interest Income": -2775000.0,
        "Interest Expense": 2775000.0,
        "Normalized Income": -3924000.0,
        "Net Income From Continuing And Discontinued Operation": -3924000.0,
        "Total Expenses": 112788000.0,
        "Total Operating Income As Reported": -2302000.0,
        "Diluted Average Shares": 10762000.0,
        "Basic Average Shares": 10762000.0,
        "Diluted EPS": -0.36,
        "Basic EPS": -0.36,
        "Diluted NI Availto Com Stockholders": -3924000.0,
        "Net Income Common Stockholders": -3924000.0,
        "Net Income": -3924000.0,
        "Net Income Including Noncontrolling Interests": -3924000.0,
        "Net Income Continuous Operations": -3924000.0,
        "Tax Provision": -1153000.0,
        "Pretax Income": -5077000.0,
        "Other Income Expense": NaN,
        "Special Income Charges": 0.0,
        "Other Special Charges": NaN,
        "Net Non Operating Interest Income Expense": -2775000.0,
        "Interest Expense Non Operating": 2775000.0,
        "Operating Income": -2302000.0,
        "Operating Expense": 9113000.0,
        "Research And Development": 2246000.0,
        "Selling General And Administration": 6867000.0,
        "Gross Profit": 6811000.0,
        "Cost Of Revenue": 103675000.0,
        "Total Revenue": 110486000.0,
        "Operating Revenue": 110486000.0
    },
    "2025-09-30": {
        "Tax Effect Of Unusual Items": 0.0,
        "Tax Rate For Calcs": 0.329,
        "Normalized EBITDA": 1897000.0,
        "Total Unusual Items": NaN,
        "Total Unusual Items Excluding Goodwill": NaN,
        "Net Income From Continuing Operation Net Minority Interest": -2255000.0,
        "Reconciled Depreciation": 2481000.0,
        "Reconciled Cost Of Revenue": 90496000.0,
        "EBITDA": 1897000.0,
        "EBIT": -584000.0,
        "Net Interest Income": -2776000.0,
        "Interest Expense": 2776000.0,
        "Normalized Income": -2255000.0,
        "Net Income From Continuing And Discontinued Operation": -2255000.0,
        "Total Expenses": 99334000.0,
        "Total Operating Income As Reported": -584000.0,
        "Diluted Average Shares": 10771000.0,
        "Basic Average Shares": 10771000.0,
        "Diluted EPS": -0.21,
        "Basic EPS": -0.21,
        "Diluted NI Availto Com Stockholders": -2255000.0,
        "Net Income Common Stockholders": -2255000.0,
        "Net Income": -2255000.0,
        "Net Income Including Noncontrolling Interests": -2255000.0,
        "Net Income Continuous Operations": -2255000.0,
        "Tax Provision": -1105000.0,
        "Pretax Income": -3360000.0,
        "Other Income Expense": NaN,
        "Special Income Charges": NaN,
        "Other Special Charges": NaN,
        "Net Non Operating Interest Income Expense": -2776000.0,
        "Interest Expense Non Operating": 2776000.0,
        "Operating Income": -584000.0,
        "Operating Expense": 8838000.0,
        "Research And Development": 2079000.0,
        "Selling General And Administration": 6759000.0,
        "Gross Profit": 8254000.0,
        "Cost Of Revenue": 90496000.0,
        "Total Revenue": 98750000.0,
        "Operating Revenue": 98750000.0
    }
}