{
    "2023-03-31": {
        "Tax Effect Of Unusual Items": NaN,
        "Tax Rate For Calcs": NaN,
        "Normalized EBITDA": NaN,
        "Total Unusual Items": NaN,
        "Total Unusual Items Excluding Goodwill": NaN,
        "Net Income From Continuing Operation Net Minority Interest": NaN,
        "Reconciled Depreciation": NaN,
        "Reconciled Cost Of Revenue": NaN,
        "EBITDA": NaN,
        "EBIT": NaN,
        "Net Interest Income": NaN,
        "Interest Expense": NaN,
        "Normalized Income": NaN,
        "Net Income From Continuing And Discontinued Operation": NaN,
        "Total Expenses": NaN,
        "Total Operating Income As Reported": NaN,
        "Diluted Average Shares": NaN,
        "Basic Average Shares": NaN,
        "Diluted EPS": NaN,
        "Basic EPS": NaN,
        "Diluted NI Availto Com Stockholders": NaN,
        "Net Income Common Stockholders": NaN,
        "Net Income": NaN,
        "Minority Interests": NaN,
        "Net Income Including Noncontrolling Interests": NaN,
        "Net Income Discontinuous Operations": 0.0,
        "Net Income Continuous Operations": NaN,
        "Tax Provision": NaN,
        "Pretax Income": NaN,
        "Other Income Expense": NaN,
        "Other Non Operating Income Expenses": NaN,
        "Special Income Charges": NaN,
        "Restructuring And Mergern Acquisition": NaN,
        "Net Non Operating Interest Income Expense": NaN,
        "Total Other Finance Cost": NaN,
        "Interest Expense Non Operating": NaN,
        "Operating Income": NaN,
        "Operating Expense": NaN,
        "Research And Development": NaN,
        "Selling General And Administration": NaN,
        "Gross Profit": NaN,
        "Cost Of Revenue": NaN,
        "Total Revenue": NaN,
        "Operating Revenue": NaN
    },
    "2022-12-31": {
        "Tax Effect Of Unusual Items": NaN,
        "Tax Rate For Calcs": NaN,
        "Normalized EBITDA": NaN,
        "Total Unusual Items": NaN,
        "Total Unusual Items Excluding Goodwill": NaN,
        "Net Income From Continuing Operation Net Minority Interest": NaN,
        "Reconciled Depreciation": NaN,
        "Reconciled Cost Of Revenue": NaN,
        "EBITDA": NaN,
        "EBIT": NaN,
        "Net Interest Income": NaN,
        "Interest Expense": NaN,
        "Normalized Income": NaN,
        "Net Income From Continuing And Discontinued Operation": NaN,
        "Total Expenses": NaN,
        "Total Operating Income As Reported": NaN,
        "Diluted Average Shares": NaN,
        "Basic Average Shares": NaN,
        "Diluted EPS": NaN,
        "Basic EPS": NaN,
        "Diluted NI Availto Com Stockholders": NaN,
        "Net Income Common Stockholders": NaN,
        "Net Income": NaN,
        "Minority Interests": NaN,
        "Net Income Including Noncontrolling Interests": NaN,
        "Net Income Discontinuous Operations": 200000.0,
        "Net Income Continuous Operations": NaN,
        "Tax Provision": NaN,
        "Pretax Income": NaN,
        "Other Income Expense": NaN,
        "Other Non Operating Income Expenses": NaN,
        "Special Income Charges": NaN,
        "Other Special Charges": 0.0,
        "Restructuring And Mergern Acquisition": NaN,
        "Net Non Operating Interest Income Expense": NaN,
        "Total Other Finance Cost": NaN,
        "Interest Expense Non Operating": NaN,
        "Operating Income": NaN,
        "Operating Expense": NaN,
        "Research And Development": NaN,
        "Selling General And Administration": NaN,
        "Gross Profit": NaN,
        "Cost Of Revenue": NaN,
        "Total Revenue": NaN,
        "Operating Revenue": NaN
    },
    "2022-09-30": {
        "Tax Effect Of Unusual Items": -36363.636364,
        "Tax Rate For Calcs": 0.090909,
        "Normalized EBITDA": 7100000.0,
        "Total Unusual Items": -400000.0,
        "Total Unusual Items Excluding Goodwill": -400000.0,
        "Net Income From Continuing Operation Net Minority Interest": -8000000.0,
        "Reconciled Depreciation": 11400000.0,
        "Reconciled Cost Of Revenue": 173700000.0,
        "EBITDA": 6700000.0,
        "EBIT": -4700000.0,
        "Net Interest Income": -4100000.0,
        "Interest Expense": 4100000.0,
        "Normalized Income": -7636363.636364,
        "Net Income From Continuing And Discontinued Operation": -8000000.0,
        "Total Expenses": 231800000.0,
        "Total Operating Income As Reported": -3600000.0,
        "Diluted Average Shares": 127200000.0,
        "Basic Average Shares": 127200000.0,
        "Diluted EPS": -0.06,
        "Basic EPS": -0.06,
        "Diluted NI Availto Com Stockholders": -8000000.0,
        "Net Income Common Stockholders": -8000000.0,
        "Net Income": -8000000.0,
        "Minority Interests": 0.0,
        "Net Income Including Noncontrolling Interests": -8000000.0,
        "Net Income Discontinuous Operations": 0.0,
        "Net Income Continuous Operations": -8000000.0,
        "Tax Provision": -800000.0,
        "Pretax Income": -8800000.0,
        "Other Income Expense": -1500000.0,
        "Other Non Operating Income Expenses": -1100000.0,
        "Special Income Charges": -400000.0,
        "Other Special Charges": NaN,
        "Restructuring And Mergern Acquisition": 400000.0,
        "Net Non Operating Interest Income Expense": -4100000.0,
        "Interest Expense Non Operating": 4100000.0,
        "Operating Income": -3200000.0,
        "Operating Expense": 58100000.0,
        "Depreciation Amortization Depletion Income Statement": NaN,
        "Depreciation And Amortization In Income Statement": NaN,
        "Amortization": NaN,
        "Amortization Of Intangibles Income Statement": NaN,
        "Depreciation Income Statement": NaN,
        "Research And Development": 9600000.0,
        "Selling General And Administration": 48500000.0,
        "Gross Profit": 54900000.0,
        "Cost Of Revenue": 173700000.0,
        "Total Revenue": 228600000.0,
        "Operating Revenue": 228600000.0
    },
    "2022-06-30": {
        "Tax Effect Of Unusual Items": -2400000.0,
        "Tax Rate For Calcs": 0.4,
        "Normalized EBITDA": 13700000.0,
        "Total Unusual Items": -6000000.0,
        "Total Unusual Items Excluding Goodwill": -6000000.0,
        "Net Income From Continuing Operation Net Minority Interest": -5600000.0,
        "Reconciled Depreciation": 9600000.0,
        "Reconciled Cost Of Revenue": 166400000.0,
        "EBITDA": 7700000.0,
        "EBIT": -1900000.0,
        "Net Interest Income": -2900000.0,
        "Interest Expense": 2900000.0,
        "Normalized Income": -2000000.0,
        "Net Income From Continuing And Discontinued Operation": -4700000.0,
        "Total Expenses": 220100000.0,
        "Total Operating Income As Reported": -1900000.0,
        "Diluted Average Shares": 126400000.0,
        "Basic Average Shares": 126400000.0,
        "Diluted EPS": -0.04,
        "Basic EPS": -0.04,
        "Diluted NI Availto Com Stockholders": -4700000.0,
        "Net Income Common Stockholders": -4700000.0,
        "Net Income": -4700000.0,
        "Minority Interests": 300000.0,
        "Net Income Including Noncontrolling Interests": -4400000.0,
        "Net Income Discontinuous Operations": 900000.0,
        "Net Income Continuous Operations": -5300000.0,
        "Tax Provision": 500000.0,
        "Pretax Income": -4800000.0,
        "Other Income Expense": -6000000.0,
        "Other Non Operating Income Expenses": NaN,
        "Special Income Charges": -6000000.0,
        "Other Special Charges": NaN,
        "Restructuring And Mergern Acquisition": 6000000.0,
        "Net Non Operating Interest Income Expense": -2900000.0,
        "Interest Expense Non Operating": 2900000.0,
        "Operating Income": 4100000.0,
        "Operating Expense": 53700000.0,
        "Depreciation Amortization Depletion Income Statement": NaN,
        "Depreciation And Amortization In Income Statement": NaN,
        "Amortization": NaN,
        "Amortization Of Intangibles Income Statement": NaN,
        "Depreciation Income Statement": NaN,
        "Research And Development": 9200000.0,
        "Selling General And Administration": 44500000.0,
        "Gross Profit": 57800000.0,
        "Cost Of Revenue": 166400000.0,
        "Total Revenue": 224200000.0,
        "Operating Revenue": 224200000.0
    },
    "2023-06-30": {
        "Tax Effect Of Unusual Items": NaN,
        "Tax Rate For Calcs": NaN,
        "Normalized EBITDA": NaN,
        "Total Unusual Items": NaN,
        "Total Unusual Items Excluding Goodwill": NaN,
        "Net Income From Continuing Operation Net Minority Interest": NaN,
        "Reconciled Depreciation": NaN,
        "Reconciled Cost Of Revenue": NaN,
        "EBITDA": NaN,
        "EBIT": NaN,
        "Net Interest Income": NaN,
        "Interest Expense": NaN,
        "Normalized Income": NaN,
        "Net Income From Continuing And Discontinued Operation": NaN,
        "Total Expenses": NaN,
        "Total Operating Income As Reported": NaN,
        "Diluted Average Shares": NaN,
        "Basic Average Shares": NaN,
        "Diluted EPS": NaN,
        "Basic EPS": NaN,
        "Diluted NI Availto Com Stockholders": NaN,
        "Net Income Common Stockholders": NaN,
        "Net Income": NaN,
        "Minority Interests": NaN,
        "Net Income Including Noncontrolling Interests": NaN,
        "Net Income Discontinuous Operations": -200000.0,
        "Net Income Continuous Operations": NaN,
        "Tax Provision": NaN,
        "Pretax Income": NaN,
        "Other Income Expense": NaN,
        "Other Non Operating Income Expenses": NaN,
        "Special Income Charges": NaN,
        "Restructuring And Mergern Acquisition": NaN,
        "Net Non Operating Interest Income Expense": NaN,
        "Total Other Finance Cost": 5100000.0,
        "Interest Expense Non Operating": NaN,
        "Operating Income": NaN,
        "Operating Expense": NaN,
        "Research And Development": NaN,
        "Selling General And Administration": NaN,
        "Gross Profit": NaN,
        "Cost Of Revenue": NaN,
        "Total Revenue": NaN,
        "Operating Revenue": NaN
    },
    "2022-03-31": {
        "Diluted EPS": -0.12,
        "Total Revenue": 196,
        "Gross Profit": 52,
        "Operating Income": -1,
        "EBIT": 9,
        "Net Income": -16
    },
    "2021-12-31": {
        "Diluted EPS": -0.02,
        "Total Revenue": 212,
        "Gross Profit": 62,
        "Operating Income": 9,
        "EBIT": 18,
        "Net Income": -3
    },
    "2021-09-30": {
        "Diluted EPS": -0.02,
        "Total Revenue": 201,
        "Gross Profit": 61,
        "Operating Income": 11,
        "EBIT": 19,
        "Net Income": -2
    },
    "2021-06-30": {
        "Diluted EPS": 0.01,
        "Total Revenue": 205,
        "Gross Profit": 52,
        "Operating Income": 3,
        "EBIT": 13,
        "Net Income": 1
    },
    "2021-03-31": {
        "Diluted EPS": 0.01,
        "Total Revenue": 194,
        "Gross Profit": 51,
        "Operating Income": 5,
        "EBIT": 14,
        "Net Income": 2
    },
    "2020-12-31": {
        "Diluted EPS": 0.66,
        "Total Revenue": 206,
        "Gross Profit": 54,
        "Operating Income": 9,
        "EBIT": 18,
        "Net Income": 78
    },
    "2020-09-30": {
        "Diluted EPS": 0.02,
        "Total Revenue": 202,
        "Gross Profit": 57,
        "Operating Income": 13,
        "EBIT": 21,
        "Net Income": 2
    },
    "2020-06-30": {
        "Diluted EPS": -0.01,
        "Total Revenue": 170,
        "Gross Profit": 46,
        "Operating Income": 3,
        "EBIT": 12,
        "Net Income": -1
    },
    "2020-03-31": {
        "Diluted EPS": -0.0,
        "Total Revenue": 169,
        "Gross Profit": 46,
        "Operating Income": 5,
        "EBIT": 14,
        "Net Income": 0
    },
    "2019-12-31": {
        "Diluted EPS": 0.02,
        "Total Revenue": 185,
        "Gross Profit": 48,
        "Operating Income": 9,
        "EBIT": 19,
        "Net Income": 3
    },
    "2019-09-30": {
        "Diluted EPS": 0.02,
        "Total Revenue": 184,
        "Gross Profit": 49,
        "Operating Income": 12,
        "EBIT": 21,
        "Net Income": 3
    },
    "2019-06-30": {
        "Diluted EPS": 0.04,
        "Total Revenue": 188,
        "Gross Profit": 48,
        "Operating Income": 9,
        "EBIT": 17,
        "Net Income": 4
    },
    "2019-03-31": {
        "Diluted EPS": 0.03,
        "Total Revenue": 160,
        "Gross Profit": 45,
        "Operating Income": 8,
        "EBIT": 17,
        "Net Income": 3
    },
    "2018-12-31": {
        "Diluted EPS": 0.04,
        "Total Revenue": 164,
        "Gross Profit": 46,
        "Operating Income": 11,
        "EBIT": 15,
        "Net Income": 5
    },
    "2018-09-30": {
        "Diluted EPS": 0.02,
        "Total Revenue": 159,
        "Gross Profit": 44,
        "Operating Income": 10,
        "EBIT": 15,
        "Net Income": 2
    },
    "2018-06-30": {
        "Diluted EPS": -0.07,
        "Total Revenue": 151,
        "Gross Profit": 39,
        "Operating Income": 3,
        "EBIT": 8,
        "Net Income": -8
    },
    "2018-03-31": {
        "Diluted EPS": -0.02,
        "Total Revenue": 143,
        "Gross Profit": 41,
        "Operating Income": 7,
        "EBIT": 12,
        "Net Income": -2
    },
    "2017-12-31": {
        "Diluted EPS": -0.23,
        "Total Revenue": 166,
        "Gross Profit": 47,
        "Operating Income": -15,
        "EBIT": 15,
        "Net Income": -22
    },
    "2017-09-30": {
        "Diluted EPS": -0.05,
        "Total Revenue": 157,
        "Gross Profit": 37,
        "Operating Income": 0,
        "EBIT": 7,
        "Net Income": -4
    },
    "2017-06-30": {
        "Diluted EPS": -0.07,
        "Total Revenue": 148,
        "Gross Profit": 38,
        "Operating Income": 2,
        "EBIT": 7,
        "Net Income": -6
    },
    "2017-03-31": {
        "Diluted EPS": -0.13,
        "Total Revenue": 132,
        "Gross Profit": 36,
        "Operating Income": 1,
        "EBIT": 8,
        "Net Income": -10
    },
    "2016-12-31": {
        "Diluted EPS": -0.06,
        "Total Revenue": 55,
        "Gross Profit": 14,
        "Operating Income": 5,
        "EBIT": 11,
        "Net Income": -4
    },
    "2016-09-30": {
        "Diluted EPS": -0.39,
        "Total Revenue": 165,
        "Gross Profit": 26,
        "Operating Income": -13,
        "EBIT": -7,
        "Net Income": -24
    },
    "2016-06-30": {
        "Diluted EPS": -0.17,
        "Total Revenue": 168,
        "Gross Profit": 45,
        "Operating Income": NaN,
        "EBIT": 6,
        "Net Income": -10
    },
    "2016-03-31": {
        "Diluted EPS": -0.37,
        "Total Revenue": 153,
        "Gross Profit": 36,
        "Operating Income": -10,
        "EBIT": -4,
        "Net Income": -22
    },
    "2015-12-31": {
        "Diluted EPS": -0.05,
        "Total Revenue": 178,
        "Gross Profit": 42,
        "Operating Income": 2,
        "EBIT": 8,
        "Net Income": -4
    },
    "2015-09-30": {
        "Diluted EPS": 0.92,
        "Total Revenue": 162,
        "Gross Profit": 40,
        "Operating Income": 2,
        "EBIT": 8,
        "Net Income": 55
    },
    "2015-06-30": {
        "Diluted EPS": -0.25,
        "Total Revenue": 161,
        "Gross Profit": 41,
        "Operating Income": -4,
        "EBIT": 4,
        "Net Income": -15
    },
    "2015-03-31": {
        "Diluted EPS": -0.28,
        "Total Revenue": 157,
        "Gross Profit": 38,
        "Operating Income": -4,
        "EBIT": 4,
        "Net Income": -16
    },
    "2014-12-31": {
        "Diluted EPS": -0.03,
        "Total Revenue": 168,
        "Gross Profit": 36,
        "Operating Income": 3,
        "EBIT": 12,
        "Net Income": -2
    },
    "2014-09-30": {
        "Diluted EPS": -0.19,
        "Total Revenue": 191,
        "Gross Profit": 42,
        "Operating Income": -3,
        "EBIT": 6,
        "Net Income": -11
    },
    "2014-06-30": {
        "Diluted EPS": -0.87,
        "Total Revenue": 204,
        "Gross Profit": 48,
        "Operating Income": 2,
        "EBIT": 9,
        "Net Income": -50
    },
    "2014-03-31": {
        "Diluted EPS": -0.26,
        "Total Revenue": 200,
        "Gross Profit": 53,
        "Operating Income": 3,
        "EBIT": 13,
        "Net Income": -15
    },
    "2013-12-31": {
        "Diluted EPS": -0.13,
        "Total Revenue": 130,
        "Gross Profit": 26,
        "Operating Income": -8,
        "EBIT": -3,
        "Net Income": -7
    },
    "2013-09-30": {
        "Diluted EPS": -0.17,
        "Total Revenue": 226,
        "Gross Profit": 52,
        "Operating Income": 6,
        "EBIT": 19,
        "Net Income": -10
    },
    "2013-06-30": {
        "Diluted EPS": -0.17,
        "Total Revenue": 235,
        "Gross Profit": 60,
        "Operating Income": 9,
        "EBIT": 23,
        "Net Income": -10
    },
    "2013-03-31": {
        "Diluted EPS": -0.18,
        "Total Revenue": 253,
        "Gross Profit": 66,
        "Operating Income": 12,
        "EBIT": 26,
        "Net Income": -10
    },
    "2012-12-31": {
        "Diluted EPS": -1.87,
        "Total Revenue": 264,
        "Gross Profit": 68,
        "Operating Income": -80,
        "EBIT": 32,
        "Net Income": -90
    },
    "2012-09-30": {
        "Diluted EPS": -0.07,
        "Total Revenue": 276,
        "Gross Profit": 74,
        "Operating Income": 14,
        "EBIT": 31,
        "Net Income": -4
    },
    "2012-06-30": {
        "Diluted EPS": -0.41,
        "Total Revenue": 220,
        "Gross Profit": 58,
        "Operating Income": 7,
        "EBIT": 20,
        "Net Income": -17
    },
    "2012-03-31": {
        "Diluted EPS": -0.09,
        "Total Revenue": 210,
        "Gross Profit": 58,
        "Operating Income": 9,
        "EBIT": 23,
        "Net Income": -3
    },
    "2011-12-31": {
        "Diluted EPS": -0.27,
        "Total Revenue": 213,
        "Gross Profit": 59,
        "Operating Income": 10,
        "EBIT": 25,
        "Net Income": -9
    },
    "2011-09-30": {
        "Diluted EPS": -0.22,
        "Total Revenue": 207,
        "Gross Profit": 59,
        "Operating Income": 10,
        "EBIT": 26,
        "Net Income": -7
    },
    "2011-06-30": {
        "Diluted EPS": -0.22,
        "Total Revenue": 171,
        "Gross Profit": 45,
        "Operating Income": 9,
        "EBIT": 21,
        "Net Income": -5
    },
    "2011-03-31": {
        "Diluted EPS": -0.17,
        "Total Revenue": 123,
        "Gross Profit": 27,
        "Operating Income": 1,
        "EBIT": 7,
        "Net Income": -4
    },
    "2010-12-31": {
        "Diluted EPS": 0.0,
        "Total Revenue": 121,
        "Gross Profit": 25,
        "Operating Income": 7,
        "EBIT": 11,
        "Net Income": 0
    },
    "2010-09-30": {
        "Diluted EPS": 0.19,
        "Total Revenue": 120,
        "Gross Profit": 24,
        "Operating Income": 8,
        "EBIT": 13,
        "Net Income": 3
    },
    "2010-06-30": {
        "Diluted EPS": 0.65,
        "Total Revenue": 99,
        "Gross Profit": 20,
        "Operating Income": 5,
        "EBIT": 9,
        "Net Income": 11
    },
    "2010-03-31": {
        "Diluted EPS": 0.02,
        "Total Revenue": 69,
        "Gross Profit": 15,
        "Operating Income": 4,
        "EBIT": 8,
        "Net Income": 0
    },
    "2009-12-31": {
        "Diluted EPS": 0.3,
        "Total Revenue": 75,
        "Gross Profit": 11,
        "Operating Income": 3,
        "EBIT": 6,
        "Net Income": 0
    },
    "2009-09-30": {
        "Diluted EPS": 0.19,
        "Total Revenue": 86,
        "Gross Profit": 18,
        "Operating Income": 5,
        "EBIT": 7,
        "Net Income": 3
    },
    "2009-06-30": {
        "Diluted EPS": -0.19,
        "Total Revenue": 91,
        "Gross Profit": 17,
        "Operating Income": 4,
        "EBIT": 6,
        "Net Income": -3
    },
    "2009-03-31": {
        "Diluted EPS": -3.29,
        "Total Revenue": 83,
        "Gross Profit": 17,
        "Operating Income": -39,
        "EBIT": 5,
        "Net Income": -42
    },
    "2023-09-30": {
        "Tax Effect Of Unusual Items": NaN,
        "Tax Rate For Calcs": NaN,
        "Normalized EBITDA": NaN,
        "Total Unusual Items": NaN,
        "Total Unusual Items Excluding Goodwill": NaN,
        "Net Income From Continuing Operation Net Minority Interest": NaN,
        "Reconciled Depreciation": NaN,
        "Reconciled Cost Of Revenue": NaN,
        "EBITDA": NaN,
        "EBIT": NaN,
        "Net Interest Income": NaN,
        "Interest Expense": NaN,
        "Normalized Income": NaN,
        "Net Income From Continuing And Discontinued Operation": NaN,
        "Total Expenses": NaN,
        "Total Operating Income As Reported": NaN,
        "Diluted Average Shares": NaN,
        "Basic Average Shares": NaN,
        "Diluted EPS": NaN,
        "Basic EPS": NaN,
        "Diluted NI Availto Com Stockholders": NaN,
        "Net Income Common Stockholders": NaN,
        "Net Income": NaN,
        "Minority Interests": NaN,
        "Net Income Including Noncontrolling Interests": NaN,
        "Net Income Discontinuous Operations": 0.0,
        "Net Income Continuous Operations": NaN,
        "Tax Provision": NaN,
        "Pretax Income": NaN,
        "Other Income Expense": NaN,
        "Other Non Operating Income Expenses": NaN,
        "Special Income Charges": NaN,
        "Restructuring And Mergern Acquisition": NaN,
        "Net Non Operating Interest Income Expense": NaN,
        "Interest Expense Non Operating": NaN,
        "Operating Income": NaN,
        "Operating Expense": NaN,
        "Research And Development": NaN,
        "Selling General And Administration": NaN,
        "Gross Profit": NaN,
        "Cost Of Revenue": NaN,
        "Total Revenue": NaN,
        "Operating Revenue": NaN
    },
    "2023-12-31": {
        "Tax Effect Of Unusual Items": NaN,
        "Tax Rate For Calcs": NaN,
        "Normalized EBITDA": NaN,
        "Total Unusual Items": -400000.0,
        "Total Unusual Items Excluding Goodwill": -400000.0,
        "Net Income From Continuing Operation Net Minority Interest": NaN,
        "Reconciled Depreciation": NaN,
        "Reconciled Cost Of Revenue": NaN,
        "EBITDA": NaN,
        "EBIT": NaN,
        "Net Interest Income": -5000000.0,
        "Interest Expense": 6200000.0,
        "Normalized Income": NaN,
        "Net Income From Continuing And Discontinued Operation": NaN,
        "Total Expenses": NaN,
        "Total Operating Income As Reported": NaN,
        "Diluted Average Shares": NaN,
        "Basic Average Shares": NaN,
        "Diluted EPS": NaN,
        "Basic EPS": NaN,
        "Diluted NI Availto Com Stockholders": NaN,
        "Net Income Common Stockholders": NaN,
        "Net Income": NaN,
        "Minority Interests": NaN,
        "Net Income Including Noncontrolling Interests": NaN,
        "Net Income Discontinuous Operations": 0.0,
        "Net Income Continuous Operations": NaN,
        "Tax Provision": NaN,
        "Pretax Income": NaN,
        "Other Income Expense": NaN,
        "Other Non Operating Income Expenses": NaN,
        "Special Income Charges": -400000.0,
        "Restructuring And Mergern Acquisition": 400000.0,
        "Net Non Operating Interest Income Expense": -5000000.0,
        "Interest Expense Non Operating": 6200000.0,
        "Operating Income": NaN,
        "Operating Expense": NaN,
        "Research And Development": NaN,
        "Selling General And Administration": NaN,
        "Gross Profit": NaN,
        "Cost Of Revenue": NaN,
        "Total Revenue": NaN,
        "Operating Revenue": NaN
    },
    "2024-03-31": {
        "Tax Effect Of Unusual Items": 0.0,
        "Tax Rate For Calcs": 0.21,
        "Normalized EBITDA": 19100000.0,
        "Total Unusual Items": 0.0,
        "Total Unusual Items Excluding Goodwill": 0.0,
        "Net Income From Continuing Operation Net Minority Interest": 1300000.0,
        "Reconciled Depreciation": 12300000.0,
        "Reconciled Cost Of Revenue": 206200000.0,
        "EBITDA": 19100000.0,
        "EBIT": 6800000.0,
        "Net Interest Income": -2800000.0,
        "Interest Expense": 2800000.0,
        "Normalized Income": 1300000.0,
        "Net Income From Continuing And Discontinued Operation": 1300000.0,
        "Total Expenses": 270200000.0,
        "Total Operating Income As Reported": 7000000.0,
        "Diluted Average Shares": 141500000.0,
        "Basic Average Shares": 139600000.0,
        "Diluted EPS": 0.01,
        "Basic EPS": 0.01,
        "Diluted NI Availto Com Stockholders": 1300000.0,
        "Net Income Common Stockholders": 1300000.0,
        "Net Income": 1300000.0,
        "Minority Interests": 0.0,
        "Net Income Including Noncontrolling Interests": 1300000.0,
        "Net Income Discontinuous Operations": NaN,
        "Net Income Continuous Operations": 1300000.0,
        "Tax Provision": 2700000.0,
        "Pretax Income": 4000000.0,
        "Other Income Expense": -200000.0,
        "Other Non Operating Income Expenses": -200000.0,
        "Special Income Charges": 0.0,
        "Restructuring And Mergern Acquisition": 0.0,
        "Net Non Operating Interest Income Expense": -2800000.0,
        "Interest Expense Non Operating": 2800000.0,
        "Operating Income": 7000000.0,
        "Operating Expense": 64000000.0,
        "Research And Development": 9600000.0,
        "Selling General And Administration": 54400000.0,
        "Gross Profit": 71000000.0,
        "Cost Of Revenue": 206200000.0,
        "Total Revenue": 277200000.0,
        "Operating Revenue": 277200000.0
    },
    "2024-06-30": {
        "Tax Effect Of Unusual Items": 0.0,
        "Tax Rate For Calcs": 0.377953,
        "Normalized EBITDA": 25900000.0,
        "Total Unusual Items": 0.0,
        "Total Unusual Items Excluding Goodwill": 0.0,
        "Net Income From Continuing Operation Net Minority Interest": 7900000.0,
        "Reconciled Depreciation": 13400000.0,
        "Reconciled Cost Of Revenue": 222900000.0,
        "EBITDA": 25900000.0,
        "EBIT": 12500000.0,
        "Net Interest Income": NaN,
        "Interest Expense": NaN,
        "Normalized Income": 7900000.0,
        "Net Income From Continuing And Discontinued Operation": 7900000.0,
        "Total Expenses": 287600000.0,
        "Total Operating Income As Reported": 12500000.0,
        "Diluted Average Shares": 153500000.0,
        "Basic Average Shares": 151800000.0,
        "Diluted EPS": 0.05,
        "Basic EPS": 0.05,
        "Diluted NI Availto Com Stockholders": 7900000.0,
        "Net Income Common Stockholders": 7900000.0,
        "Net Income": 7900000.0,
        "Minority Interests": 0.0,
        "Net Income Including Noncontrolling Interests": 7900000.0,
        "Net Income Discontinuous Operations": NaN,
        "Net Income Continuous Operations": 7900000.0,
        "Tax Provision": 4800000.0,
        "Pretax Income": 12700000.0,
        "Other Income Expense": 100000.0,
        "Other Non Operating Income Expenses": 100000.0,
        "Special Income Charges": 0.0,
        "Restructuring And Mergern Acquisition": 0.0,
        "Net Non Operating Interest Income Expense": NaN,
        "Interest Expense Non Operating": NaN,
        "Operating Income": 12500000.0,
        "Operating Expense": 64700000.0,
        "Research And Development": 10200000.0,
        "Selling General And Administration": 54500000.0,
        "Gross Profit": 77200000.0,
        "Cost Of Revenue": 222900000.0,
        "Total Revenue": 300100000.0,
        "Operating Revenue": 300100000.0
    },
    "2024-09-30": {
        "Tax Effect Of Unusual Items": -42000.0,
        "Tax Rate For Calcs": 0.21,
        "Normalized EBITDA": 19100000.0,
        "Total Unusual Items": -200000.0,
        "Total Unusual Items Excluding Goodwill": -200000.0,
        "Net Income From Continuing Operation Net Minority Interest": 3200000.0,
        "Reconciled Depreciation": 13100000.0,
        "Reconciled Cost Of Revenue": 206700000.0,
        "EBITDA": 18900000.0,
        "EBIT": 5800000.0,
        "Net Interest Income": 0.0,
        "Interest Expense": 0.0,
        "Normalized Income": 3358000.0,
        "Net Income From Continuing And Discontinued Operation": 3200000.0,
        "Total Expenses": 269200000.0,
        "Total Operating Income As Reported": 6500000.0,
        "Diluted Average Shares": 154100000.0,
        "Basic Average Shares": 152600000.0,
        "Diluted EPS": 0.02,
        "Basic EPS": 0.02,
        "Diluted NI Availto Com Stockholders": 3200000.0,
        "Net Income Common Stockholders": 3200000.0,
        "Net Income": 3200000.0,
        "Minority Interests": 0.0,
        "Net Income Including Noncontrolling Interests": 3200000.0,
        "Net Income Discontinuous Operations": NaN,
        "Net Income Continuous Operations": 3200000.0,
        "Tax Provision": 2600000.0,
        "Pretax Income": 5800000.0,
        "Other Income Expense": -900000.0,
        "Other Non Operating Income Expenses": -700000.0,
        "Special Income Charges": -200000.0,
        "Restructuring And Mergern Acquisition": 200000.0,
        "Net Non Operating Interest Income Expense": 0.0,
        "Interest Expense Non Operating": 0.0,
        "Operating Income": 6700000.0,
        "Operating Expense": 62500000.0,
        "Research And Development": 9900000.0,
        "Selling General And Administration": 52600000.0,
        "Gross Profit": 69200000.0,
        "Cost Of Revenue": 206700000.0,
        "Total Revenue": 275900000.0,
        "Operating Revenue": 275900000.0
    },
    "2024-12-31": {
        "Tax Effect Of Unusual Items": -92500.0,
        "Tax Rate For Calcs": 0.025,
        "Normalized EBITDA": 33300000.0,
        "Total Unusual Items": -3700000.0,
        "Total Unusual Items Excluding Goodwill": -3700000.0,
        "Net Income From Continuing Operation Net Minority Interest": 3900000.0,
        "Reconciled Depreciation": 13100000.0,
        "Reconciled Cost Of Revenue": 213300000.0,
        "EBITDA": 29600000.0,
        "EBIT": 16500000.0,
        "Net Interest Income": -300000.0,
        "Interest Expense": 12500000.0,
        "Normalized Income": 7507500.0,
        "Net Income From Continuing And Discontinued Operation": 3900000.0,
        "Total Expenses": 276400000.0,
        "Total Operating Income As Reported": 3000000.0,
        "Diluted Average Shares": 154700000.0,
        "Basic Average Shares": 152700000.0,
        "Diluted EPS": 0.03,
        "Basic EPS": 0.03,
        "Diluted NI Availto Com Stockholders": 3900000.0,
        "Net Income Common Stockholders": 3900000.0,
        "Net Income": 3900000.0,
        "Minority Interests": 0.0,
        "Net Income Including Noncontrolling Interests": 3900000.0,
        "Net Income Discontinuous Operations": NaN,
        "Net Income Continuous Operations": 3900000.0,
        "Tax Provision": 100000.0,
        "Pretax Income": 4000000.0,
        "Other Income Expense": -2400000.0,
        "Other Non Operating Income Expenses": 1300000.0,
        "Special Income Charges": -3700000.0,
        "Restructuring And Mergern Acquisition": 3700000.0,
        "Net Non Operating Interest Income Expense": -300000.0,
        "Interest Expense Non Operating": 12500000.0,
        "Operating Income": 6700000.0,
        "Operating Expense": 63100000.0,
        "Research And Development": 10600000.0,
        "Selling General And Administration": 52500000.0,
        "Gross Profit": 69800000.0,
        "Cost Of Revenue": 213300000.0,
        "Total Revenue": 283100000.0,
        "Operating Revenue": 283100000.0
    },
    "2025-03-31": {
        "Tax Effect Of Unusual Items": 0.0,
        "Tax Rate For Calcs": 0.166667,
        "Normalized EBITDA": 19700000.0,
        "Total Unusual Items": NaN,
        "Total Unusual Items Excluding Goodwill": NaN,
        "Net Income From Continuing Operation Net Minority Interest": 4500000.0,
        "Reconciled Depreciation": 13400000.0,
        "Reconciled Cost Of Revenue": 229000000.0,
        "EBITDA": 19700000.0,
        "EBIT": 6300000.0,
        "Net Interest Income": -900000.0,
        "Interest Expense": 900000.0,
        "Normalized Income": 4500000.0,
        "Net Income From Continuing And Discontinued Operation": 4500000.0,
        "Total Expenses": 296000000.0,
        "Total Operating Income As Reported": 6600000.0,
        "Diluted Average Shares": 156200000.0,
        "Basic Average Shares": 154200000.0,
        "Diluted EPS": 0.03,
        "Basic EPS": 0.03,
        "Diluted NI Availto Com Stockholders": 4500000.0,
        "Net Income Common Stockholders": 4500000.0,
        "Net Income": 4500000.0,
        "Minority Interests": 0.0,
        "Net Income Including Noncontrolling Interests": 4500000.0,
        "Net Income Discontinuous Operations": NaN,
        "Net Income Continuous Operations": 4500000.0,
        "Tax Provision": 900000.0,
        "Pretax Income": 5400000.0,
        "Other Income Expense": -300000.0,
        "Other Non Operating Income Expenses": -300000.0,
        "Special Income Charges": NaN,
        "Restructuring And Mergern Acquisition": NaN,
        "Net Non Operating Interest Income Expense": -900000.0,
        "Interest Expense Non Operating": 900000.0,
        "Operating Income": 6600000.0,
        "Operating Expense": 67000000.0,
        "Research And Development": 10000000.0,
        "Selling General And Administration": 57000000.0,
        "Gross Profit": 73600000.0,
        "Cost Of Revenue": 229000000.0,
        "Total Revenue": 302600000.0,
        "Operating Revenue": 302600000.0
    }
}