{
    "2023-03-31": {
        "Tax Effect Of Unusual Items": NaN,
        "Tax Rate For Calcs": NaN,
        "Normalized EBITDA": NaN,
        "Total Unusual Items": 0.0,
        "Total Unusual Items Excluding Goodwill": 0.0,
        "Net Income From Continuing Operation Net Minority Interest": NaN,
        "Reconciled Depreciation": NaN,
        "EBITDA": NaN,
        "EBIT": NaN,
        "Net Interest Income": NaN,
        "Interest Expense": NaN,
        "Interest Income": NaN,
        "Normalized Income": NaN,
        "Net Income From Continuing And Discontinued Operation": NaN,
        "Total Expenses": NaN,
        "Total Operating Income As Reported": NaN,
        "Diluted Average Shares": NaN,
        "Basic Average Shares": NaN,
        "Diluted EPS": NaN,
        "Basic EPS": NaN,
        "Diluted NI Availto Com Stockholders": NaN,
        "Net Income Common Stockholders": NaN,
        "Net Income": NaN,
        "Net Income Including Noncontrolling Interests": NaN,
        "Net Income Continuous Operations": NaN,
        "Pretax Income": NaN,
        "Other Income Expense": NaN,
        "Special Income Charges": 0.0,
        "Impairment Of Capital Assets": 0.0,
        "Net Non Operating Interest Income Expense": NaN,
        "Interest Expense Non Operating": NaN,
        "Interest Income Non Operating": NaN,
        "Operating Income": NaN,
        "Operating Expense": NaN,
        "Research And Development": NaN,
        "Selling General And Administration": NaN,
        "General And Administrative Expense": NaN,
        "Other Gand A": NaN,
        "Total Revenue": NaN,
        "Operating Revenue": NaN
    },
    "2022-12-31": {
        "Tax Effect Of Unusual Items": 0.0,
        "Tax Rate For Calcs": 0.0,
        "Normalized EBITDA": -33988000.0,
        "Net Income From Continuing Operation Net Minority Interest": -34865000.0,
        "Reconciled Depreciation": 818000.0,
        "EBITDA": -33988000.0,
        "EBIT": -34806000.0,
        "Net Interest Income": 3765000.0,
        "Interest Expense": 59000.0,
        "Interest Income": 3824000.0,
        "Normalized Income": -34865000.0,
        "Net Income From Continuing And Discontinued Operation": -34865000.0,
        "Total Expenses": 54769000.0,
        "Total Operating Income As Reported": -38630000.0,
        "Diluted Average Shares": 57889273.0,
        "Basic Average Shares": 57889273.0,
        "Diluted EPS": -0.6,
        "Basic EPS": -0.6,
        "Diluted NI Availto Com Stockholders": -34865000.0,
        "Net Income Common Stockholders": -34865000.0,
        "Net Income": -34865000.0,
        "Net Income Including Noncontrolling Interests": -34865000.0,
        "Net Income Continuous Operations": -34865000.0,
        "Pretax Income": -34865000.0,
        "Net Non Operating Interest Income Expense": 3765000.0,
        "Interest Expense Non Operating": 59000.0,
        "Interest Income Non Operating": 3824000.0,
        "Operating Income": -38630000.0,
        "Operating Expense": 54769000.0,
        "Research And Development": 43133000.0,
        "Selling General And Administration": 11636000.0,
        "General And Administrative Expense": 11636000.0,
        "Other Gand A": 11636000.0,
        "Total Revenue": 16139000.0,
        "Operating Revenue": 16139000.0
    },
    "2022-09-30": {
        "Tax Effect Of Unusual Items": 0.0,
        "Tax Rate For Calcs": 0.0,
        "Normalized EBITDA": -42199000.0,
        "Net Income From Continuing Operation Net Minority Interest": -43002000.0,
        "Reconciled Depreciation": 767000.0,
        "EBITDA": -42199000.0,
        "EBIT": -42966000.0,
        "Net Interest Income": 1880000.0,
        "Interest Expense": 36000.0,
        "Interest Income": 1916000.0,
        "Normalized Income": -43002000.0,
        "Net Income From Continuing And Discontinued Operation": -43002000.0,
        "Total Expenses": 54433000.0,
        "Total Operating Income As Reported": -44882000.0,
        "Diluted Average Shares": 54535514.0,
        "Basic Average Shares": 54535514.0,
        "Diluted EPS": -0.79,
        "Basic EPS": -0.79,
        "Diluted NI Availto Com Stockholders": -43002000.0,
        "Net Income Common Stockholders": -43002000.0,
        "Net Income": -43002000.0,
        "Net Income Including Noncontrolling Interests": -43002000.0,
        "Net Income Continuous Operations": -43002000.0,
        "Pretax Income": -43002000.0,
        "Net Non Operating Interest Income Expense": 1880000.0,
        "Interest Expense Non Operating": 36000.0,
        "Interest Income Non Operating": 1916000.0,
        "Operating Income": -44882000.0,
        "Operating Expense": 54433000.0,
        "Research And Development": 43877000.0,
        "Selling General And Administration": 10556000.0,
        "General And Administrative Expense": 10556000.0,
        "Other Gand A": 10556000.0,
        "Total Revenue": 9551000.0,
        "Operating Revenue": 9551000.0
    },
    "2022-06-30": {
        "Tax Effect Of Unusual Items": 0.0,
        "Tax Rate For Calcs": 0.0,
        "Normalized EBITDA": -39511000.0,
        "Net Income From Continuing Operation Net Minority Interest": -40257000.0,
        "Reconciled Depreciation": 705000.0,
        "EBITDA": -39511000.0,
        "EBIT": -40216000.0,
        "Net Interest Income": 553000.0,
        "Interest Expense": 41000.0,
        "Interest Income": 594000.0,
        "Normalized Income": -40257000.0,
        "Net Income From Continuing And Discontinued Operation": -40257000.0,
        "Total Expenses": 52324000.0,
        "Total Operating Income As Reported": -40810000.0,
        "Diluted Average Shares": 51772440.0,
        "Basic Average Shares": 51772440.0,
        "Diluted EPS": -0.78,
        "Basic EPS": -0.78,
        "Diluted NI Availto Com Stockholders": -40257000.0,
        "Net Income Common Stockholders": -40257000.0,
        "Net Income": -40257000.0,
        "Net Income Including Noncontrolling Interests": -40257000.0,
        "Net Income Continuous Operations": -40257000.0,
        "Pretax Income": -40257000.0,
        "Net Non Operating Interest Income Expense": 553000.0,
        "Interest Expense Non Operating": 41000.0,
        "Interest Income Non Operating": 594000.0,
        "Operating Income": -40810000.0,
        "Operating Expense": 52324000.0,
        "Research And Development": 41293000.0,
        "Selling General And Administration": 11031000.0,
        "General And Administrative Expense": 11031000.0,
        "Other Gand A": 11031000.0,
        "Total Revenue": 11514000.0,
        "Operating Revenue": 11514000.0
    },
    "2022-03-31": {
        "Diluted EPS": -0.71,
        "Total Revenue": 10,
        "Gross Profit": 10,
        "Operating Income": -37,
        "EBIT": -35,
        "Net Income": -37
    },
    "2021-12-31": {
        "Diluted EPS": -0.69,
        "Total Revenue": 15,
        "Gross Profit": 15,
        "Operating Income": -34,
        "EBIT": -32,
        "Net Income": -34
    },
    "2021-09-30": {
        "Diluted EPS": -0.56,
        "Total Revenue": 20,
        "Gross Profit": 20,
        "Operating Income": -29,
        "EBIT": -26,
        "Net Income": -29
    },
    "2021-06-30": {
        "Diluted EPS": -0.55,
        "Total Revenue": 19,
        "Gross Profit": 19,
        "Operating Income": -25,
        "EBIT": -23,
        "Net Income": -25
    },
    "2021-03-31": {
        "Diluted EPS": -0.29,
        "Total Revenue": 19,
        "Gross Profit": 19,
        "Operating Income": -13,
        "EBIT": -11,
        "Net Income": -13
    },
    "2020-12-31": {
        "Diluted EPS": 14.45,
        "Total Revenue": 13,
        "Gross Profit": 13,
        "Operating Income": -13,
        "EBIT": -11,
        "Net Income": -13
    },
    "2020-09-30": {
        "Diluted EPS": -0.39,
        "Total Revenue": 15,
        "Gross Profit": 15,
        "Operating Income": -8,
        "EBIT": -8,
        "Net Income": -8
    },
    "2020-06-30": {
        "Diluted EPS": -6.98,
        "Total Revenue": 3,
        "Gross Profit": 3,
        "Operating Income": -14,
        "EBIT": -14,
        "Net Income": -14
    },
    "2020-03-31": {
        "Diluted EPS": -10.23,
        "Total Revenue": 3,
        "Gross Profit": 3,
        "Operating Income": -11,
        "EBIT": -11,
        "Net Income": -20
    },
    "2019-12-31": {
        "Diluted EPS": 0.0,
        "Total Revenue": NaN,
        "Gross Profit": NaN,
        "Operating Income": NaN,
        "EBIT": NaN,
        "Net Income": NaN
    },
    "2019-09-30": {
        "Diluted EPS": -6.54,
        "Total Revenue": 1,
        "Gross Profit": 1,
        "Operating Income": -12,
        "EBIT": -12,
        "Net Income": -11
    },
    "2023-06-30": {
        "Tax Effect Of Unusual Items": NaN,
        "Tax Rate For Calcs": NaN,
        "Normalized EBITDA": NaN,
        "Total Unusual Items": 0.0,
        "Total Unusual Items Excluding Goodwill": 0.0,
        "Net Income From Continuing Operation Net Minority Interest": NaN,
        "Reconciled Depreciation": NaN,
        "EBITDA": NaN,
        "EBIT": NaN,
        "Net Interest Income": NaN,
        "Interest Expense": NaN,
        "Interest Income": NaN,
        "Normalized Income": NaN,
        "Net Income From Continuing And Discontinued Operation": NaN,
        "Total Expenses": NaN,
        "Total Operating Income As Reported": NaN,
        "Diluted Average Shares": NaN,
        "Basic Average Shares": NaN,
        "Diluted EPS": NaN,
        "Basic EPS": NaN,
        "Diluted NI Availto Com Stockholders": NaN,
        "Net Income Common Stockholders": NaN,
        "Net Income": NaN,
        "Net Income Including Noncontrolling Interests": NaN,
        "Net Income Continuous Operations": NaN,
        "Pretax Income": NaN,
        "Other Income Expense": NaN,
        "Special Income Charges": 0.0,
        "Impairment Of Capital Assets": 0.0,
        "Net Non Operating Interest Income Expense": NaN,
        "Interest Expense Non Operating": NaN,
        "Interest Income Non Operating": NaN,
        "Operating Income": NaN,
        "Operating Expense": NaN,
        "Research And Development": NaN,
        "Selling General And Administration": NaN,
        "General And Administrative Expense": NaN,
        "Other Gand A": NaN,
        "Total Revenue": NaN,
        "Operating Revenue": NaN
    },
    "2023-09-30": {
        "Tax Effect Of Unusual Items": NaN,
        "Tax Rate For Calcs": NaN,
        "Normalized EBITDA": NaN,
        "Total Unusual Items": 0.0,
        "Total Unusual Items Excluding Goodwill": 0.0,
        "Net Income From Continuing Operation Net Minority Interest": NaN,
        "Reconciled Depreciation": NaN,
        "EBITDA": NaN,
        "EBIT": NaN,
        "Net Interest Income": NaN,
        "Interest Expense": NaN,
        "Interest Income": NaN,
        "Normalized Income": NaN,
        "Net Income From Continuing And Discontinued Operation": NaN,
        "Total Expenses": NaN,
        "Total Operating Income As Reported": NaN,
        "Diluted Average Shares": NaN,
        "Basic Average Shares": NaN,
        "Diluted EPS": NaN,
        "Basic EPS": NaN,
        "Diluted NI Availto Com Stockholders": NaN,
        "Net Income Common Stockholders": NaN,
        "Net Income": NaN,
        "Net Income Including Noncontrolling Interests": NaN,
        "Net Income Continuous Operations": NaN,
        "Pretax Income": NaN,
        "Other Income Expense": NaN,
        "Special Income Charges": 0.0,
        "Impairment Of Capital Assets": 0.0,
        "Net Non Operating Interest Income Expense": NaN,
        "Interest Expense Non Operating": NaN,
        "Interest Income Non Operating": NaN,
        "Operating Income": NaN,
        "Operating Expense": NaN,
        "Research And Development": NaN,
        "Selling General And Administration": NaN,
        "General And Administrative Expense": NaN,
        "Other Gand A": NaN,
        "Total Revenue": NaN,
        "Operating Revenue": NaN
    },
    "2023-12-31": {
        "Tax Effect Of Unusual Items": 0.0,
        "Tax Rate For Calcs": 0.0,
        "Normalized EBITDA": -13425000.0,
        "Total Unusual Items": NaN,
        "Total Unusual Items Excluding Goodwill": NaN,
        "Net Income From Continuing Operation Net Minority Interest": -14368000.0,
        "Reconciled Depreciation": 891000.0,
        "EBITDA": -13425000.0,
        "EBIT": -14316000.0,
        "Net Interest Income": 4944000.0,
        "Interest Expense": 52000.0,
        "Interest Income": 4996000.0,
        "Normalized Income": -14368000.0,
        "Net Income From Continuing And Discontinued Operation": -14368000.0,
        "Total Expenses": 67197000.0,
        "Total Operating Income As Reported": -19312000.0,
        "Diluted Average Shares": 58521837.0,
        "Basic Average Shares": 58521837.0,
        "Diluted EPS": -0.25,
        "Basic EPS": -0.25,
        "Diluted NI Availto Com Stockholders": -14368000.0,
        "Net Income Common Stockholders": -14368000.0,
        "Net Income": -14368000.0,
        "Net Income Including Noncontrolling Interests": -14368000.0,
        "Net Income Continuous Operations": -14368000.0,
        "Pretax Income": -14368000.0,
        "Other Income Expense": NaN,
        "Special Income Charges": NaN,
        "Impairment Of Capital Assets": NaN,
        "Net Non Operating Interest Income Expense": 4944000.0,
        "Interest Expense Non Operating": 52000.0,
        "Interest Income Non Operating": 4996000.0,
        "Operating Income": -19312000.0,
        "Operating Expense": 67197000.0,
        "Research And Development": 52970000.0,
        "Selling General And Administration": 14227000.0,
        "General And Administrative Expense": 14227000.0,
        "Other Gand A": 14227000.0,
        "Total Revenue": 47885000.0,
        "Operating Revenue": 47885000.0
    },
    "2024-03-31": {
        "Tax Effect Of Unusual Items": NaN,
        "Tax Rate For Calcs": NaN,
        "Normalized EBITDA": NaN,
        "Total Unusual Items": NaN,
        "Total Unusual Items Excluding Goodwill": NaN,
        "Net Income From Continuing Operation Net Minority Interest": NaN,
        "Reconciled Depreciation": NaN,
        "EBITDA": NaN,
        "EBIT": NaN,
        "Net Interest Income": NaN,
        "Interest Expense": NaN,
        "Interest Income": NaN,
        "Normalized Income": NaN,
        "Net Income From Continuing And Discontinued Operation": NaN,
        "Total Expenses": NaN,
        "Total Operating Income As Reported": NaN,
        "Diluted Average Shares": NaN,
        "Basic Average Shares": NaN,
        "Diluted EPS": NaN,
        "Basic EPS": NaN,
        "Diluted NI Availto Com Stockholders": NaN,
        "Net Income Common Stockholders": NaN,
        "Net Income": NaN,
        "Net Income Including Noncontrolling Interests": NaN,
        "Net Income Continuous Operations": NaN,
        "Pretax Income": NaN,
        "Other Income Expense": -4925000.0,
        "Special Income Charges": NaN,
        "Impairment Of Capital Assets": NaN,
        "Net Non Operating Interest Income Expense": NaN,
        "Interest Expense Non Operating": NaN,
        "Interest Income Non Operating": NaN,
        "Operating Income": NaN,
        "Operating Expense": NaN,
        "Research And Development": NaN,
        "Selling General And Administration": NaN,
        "General And Administrative Expense": NaN,
        "Other Gand A": NaN,
        "Total Revenue": NaN,
        "Operating Revenue": NaN
    },
    "2024-06-30": {
        "Tax Effect Of Unusual Items": 0.0,
        "Tax Rate For Calcs": 0.0,
        "Normalized EBITDA": -40063000.0,
        "Total Unusual Items": 0.0,
        "Total Unusual Items Excluding Goodwill": 0.0,
        "Net Income From Continuing Operation Net Minority Interest": -42062000.0,
        "Reconciled Depreciation": 1938000.0,
        "EBITDA": -40063000.0,
        "EBIT": -42001000.0,
        "Net Interest Income": 8863000.0,
        "Interest Expense": 61000.0,
        "Interest Income": 8924000.0,
        "Normalized Income": -42062000.0,
        "Net Income From Continuing And Discontinued Operation": -42062000.0,
        "Total Expenses": 76575000.0,
        "Total Operating Income As Reported": -50925000.0,
        "Diluted Average Shares": 73059398.0,
        "Basic Average Shares": 73059398.0,
        "Diluted EPS": -0.58,
        "Basic EPS": -0.58,
        "Diluted NI Availto Com Stockholders": -42062000.0,
        "Net Income Common Stockholders": -42062000.0,
        "Net Income": -42062000.0,
        "Net Income Including Noncontrolling Interests": -42062000.0,
        "Net Income Continuous Operations": -42062000.0,
        "Pretax Income": -42062000.0,
        "Other Income Expense": NaN,
        "Special Income Charges": 0.0,
        "Impairment Of Capital Assets": 0.0,
        "Net Non Operating Interest Income Expense": 8863000.0,
        "Interest Expense Non Operating": 61000.0,
        "Interest Income Non Operating": 8924000.0,
        "Operating Income": -50925000.0,
        "Operating Expense": 76575000.0,
        "Research And Development": 59202000.0,
        "Selling General And Administration": 17373000.0,
        "General And Administrative Expense": 17373000.0,
        "Other Gand A": 17373000.0,
        "Total Revenue": 25650000.0,
        "Operating Revenue": 25650000.0
    },
    "2024-09-30": {
        "Tax Effect Of Unusual Items": 0.0,
        "Tax Rate For Calcs": 0.0,
        "Normalized EBITDA": -60440000.0,
        "Total Unusual Items": 0.0,
        "Total Unusual Items Excluding Goodwill": 0.0,
        "Net Income From Continuing Operation Net Minority Interest": -62487000.0,
        "Reconciled Depreciation": 1987000.0,
        "EBITDA": -60440000.0,
        "EBIT": -62427000.0,
        "Net Interest Income": 9637000.0,
        "Interest Expense": 60000.0,
        "Interest Income": 9697000.0,
        "Normalized Income": -62487000.0,
        "Net Income From Continuing And Discontinued Operation": -62487000.0,
        "Total Expenses": 75865000.0,
        "Total Operating Income As Reported": -72124000.0,
        "Diluted Average Shares": 76125975.0,
        "Basic Average Shares": 76125975.0,
        "Diluted EPS": -0.82,
        "Basic EPS": -0.82,
        "Diluted NI Availto Com Stockholders": -62487000.0,
        "Net Income Common Stockholders": -62487000.0,
        "Net Income": -62487000.0,
        "Net Income Including Noncontrolling Interests": -62487000.0,
        "Net Income Continuous Operations": -62487000.0,
        "Pretax Income": -62487000.0,
        "Other Income Expense": NaN,
        "Special Income Charges": 0.0,
        "Impairment Of Capital Assets": 0.0,
        "Net Non Operating Interest Income Expense": 9637000.0,
        "Interest Expense Non Operating": 60000.0,
        "Interest Income Non Operating": 9697000.0,
        "Operating Income": -72124000.0,
        "Operating Expense": 75865000.0,
        "Research And Development": 60410000.0,
        "Selling General And Administration": 15455000.0,
        "General And Administrative Expense": 15455000.0,
        "Other Gand A": 15455000.0,
        "Total Revenue": 3741000.0,
        "Operating Revenue": 3741000.0
    },
    "2024-12-31": {
        "Tax Effect Of Unusual Items": 0.0,
        "Tax Rate For Calcs": 0.0,
        "Normalized EBITDA": -68706000.0,
        "Total Unusual Items": 0.0,
        "Total Unusual Items Excluding Goodwill": 0.0,
        "Net Income From Continuing Operation Net Minority Interest": -70752000.0,
        "Reconciled Depreciation": 1987000.0,
        "EBITDA": -68706000.0,
        "EBIT": -70693000.0,
        "Net Interest Income": 10003000.0,
        "Interest Expense": 59000.0,
        "Interest Income": 10062000.0,
        "Normalized Income": -70752000.0,
        "Net Income From Continuing And Discontinued Operation": -70752000.0,
        "Total Expenses": 88149000.0,
        "Total Operating Income As Reported": -80755000.0,
        "Diluted Average Shares": 79987426.0,
        "Basic Average Shares": 79987426.0,
        "Diluted EPS": -0.88,
        "Basic EPS": -0.88,
        "Diluted NI Availto Com Stockholders": -70752000.0,
        "Net Income Common Stockholders": -70752000.0,
        "Net Income": -70752000.0,
        "Net Income Including Noncontrolling Interests": -70752000.0,
        "Net Income Continuous Operations": -70752000.0,
        "Pretax Income": -70752000.0,
        "Other Income Expense": 0.0,
        "Special Income Charges": 0.0,
        "Impairment Of Capital Assets": 0.0,
        "Net Non Operating Interest Income Expense": 10003000.0,
        "Interest Expense Non Operating": 59000.0,
        "Interest Income Non Operating": 10062000.0,
        "Operating Income": -80755000.0,
        "Operating Expense": 88149000.0,
        "Research And Development": 71817000.0,
        "Selling General And Administration": 16332000.0,
        "General And Administrative Expense": 16332000.0,
        "Other Gand A": 16332000.0,
        "Total Revenue": 7394000.0,
        "Operating Revenue": 7394000.0
    },
    "2025-03-31": {
        "Tax Effect Of Unusual Items": 0.0,
        "Tax Rate For Calcs": 0.0,
        "Normalized EBITDA": -63461000.0,
        "Total Unusual Items": 0.0,
        "Total Unusual Items Excluding Goodwill": 0.0,
        "Net Income From Continuing Operation Net Minority Interest": -65581000.0,
        "Reconciled Depreciation": 2048000.0,
        "EBITDA": -63461000.0,
        "EBIT": -65509000.0,
        "Net Interest Income": 8845000.0,
        "Interest Expense": 72000.0,
        "Interest Income": 8917000.0,
        "Normalized Income": -65581000.0,
        "Net Income From Continuing And Discontinued Operation": -65581000.0,
        "Total Expenses": 96526000.0,
        "Total Operating Income As Reported": -74426000.0,
        "Diluted Average Shares": 80146531.0,
        "Basic Average Shares": 80146531.0,
        "Diluted EPS": -0.82,
        "Basic EPS": -0.82,
        "Diluted NI Availto Com Stockholders": -65581000.0,
        "Net Income Common Stockholders": -65581000.0,
        "Net Income": -65581000.0,
        "Net Income Including Noncontrolling Interests": -65581000.0,
        "Net Income Continuous Operations": -65581000.0,
        "Pretax Income": -65581000.0,
        "Other Income Expense": NaN,
        "Special Income Charges": 0.0,
        "Impairment Of Capital Assets": 0.0,
        "Net Non Operating Interest Income Expense": 8845000.0,
        "Interest Expense Non Operating": 72000.0,
        "Interest Income Non Operating": 8917000.0,
        "Operating Income": -74426000.0,
        "Operating Expense": 96526000.0,
        "Research And Development": 80255000.0,
        "Selling General And Administration": 16271000.0,
        "General And Administrative Expense": 16271000.0,
        "Other Gand A": 16271000.0,
        "Total Revenue": 22100000.0,
        "Operating Revenue": 22100000.0
    },
    "2025-06-30": {
        "Tax Effect Of Unusual Items": 0.0,
        "Tax Rate For Calcs": 0.0,
        "Normalized EBITDA": -74422000.0,
        "Total Unusual Items": 0.0,
        "Total Unusual Items Excluding Goodwill": 0.0,
        "Net Income From Continuing Operation Net Minority Interest": -76614000.0,
        "Reconciled Depreciation": 2084000.0,
        "EBITDA": -74422000.0,
        "EBIT": -76506000.0,
        "Net Interest Income": 7943000.0,
        "Interest Expense": 108000.0,
        "Interest Income": 8051000.0,
        "Normalized Income": -76614000.0,
        "Net Income From Continuing And Discontinued Operation": -76614000.0,
        "Total Expenses": 96033000.0,
        "Total Operating Income As Reported": -84557000.0,
        "Diluted Average Shares": 80449405.0,
        "Basic Average Shares": 80449405.0,
        "Diluted EPS": -0.95,
        "Basic EPS": -0.95,
        "Diluted NI Availto Com Stockholders": -76614000.0,
        "Net Income Common Stockholders": -76614000.0,
        "Net Income": -76614000.0,
        "Net Income Including Noncontrolling Interests": -76614000.0,
        "Net Income Continuous Operations": -76614000.0,
        "Pretax Income": -76614000.0,
        "Other Income Expense": NaN,
        "Special Income Charges": 0.0,
        "Impairment Of Capital Assets": 0.0,
        "Net Non Operating Interest Income Expense": 7943000.0,
        "Interest Expense Non Operating": 108000.0,
        "Interest Income Non Operating": 8051000.0,
        "Operating Income": -84557000.0,
        "Operating Expense": 96033000.0,
        "Research And Development": 78388000.0,
        "Selling General And Administration": 17645000.0,
        "General And Administrative Expense": 17645000.0,
        "Other Gand A": 17645000.0,
        "Total Revenue": 11476000.0,
        "Operating Revenue": 11476000.0
    },
    "2025-09-30": {
        "Tax Effect Of Unusual Items": 0.0,
        "Tax Rate For Calcs": 0.0,
        "Normalized EBITDA": -76073000.0,
        "Total Unusual Items": -3855000.0,
        "Total Unusual Items Excluding Goodwill": -3855000.0,
        "Net Income From Continuing Operation Net Minority Interest": -82175000.0,
        "Reconciled Depreciation": 2149000.0,
        "EBITDA": -79928000.0,
        "EBIT": -82077000.0,
        "Net Interest Income": 10346000.0,
        "Interest Expense": 98000.0,
        "Interest Income": 10444000.0,
        "Normalized Income": -78320000.0,
        "Net Income From Continuing And Discontinued Operation": -82175000.0,
        "Total Expenses": 91430000.0,
        "Total Operating Income As Reported": -92521000.0,
        "Diluted Average Shares": 87300286.0,
        "Basic Average Shares": 87300286.0,
        "Diluted EPS": -0.94,
        "Basic EPS": -0.94,
        "Diluted NI Availto Com Stockholders": -82175000.0,
        "Net Income Common Stockholders": -82175000.0,
        "Net Income": -82175000.0,
        "Net Income Including Noncontrolling Interests": -82175000.0,
        "Net Income Continuous Operations": -82175000.0,
        "Pretax Income": -82175000.0,
        "Other Income Expense": -3855000.0,
        "Special Income Charges": -3855000.0,
        "Impairment Of Capital Assets": 3855000.0,
        "Net Non Operating Interest Income Expense": 10346000.0,
        "Interest Expense Non Operating": 98000.0,
        "Interest Income Non Operating": 10444000.0,
        "Operating Income": -88666000.0,
        "Operating Expense": 91430000.0,
        "Research And Development": 74094000.0,
        "Selling General And Administration": 17336000.0,
        "General And Administrative Expense": 17336000.0,
        "Other Gand A": 17336000.0,
        "Total Revenue": 2764000.0,
        "Operating Revenue": 2764000.0
    }
}