{
    "2023-06-30": {
        "Tax Effect Of Unusual Items": NaN,
        "Tax Rate For Calcs": NaN,
        "Total Unusual Items": 46000000.0,
        "Total Unusual Items Excluding Goodwill": 46000000.0,
        "Net Income From Continuing Operation Net Minority Interest": NaN,
        "EBIT": NaN,
        "Net Interest Income": NaN,
        "Interest Expense": NaN,
        "Normalized Income": NaN,
        "Net Income From Continuing And Discontinued Operation": NaN,
        "Total Expenses": NaN,
        "Diluted Average Shares": 227690000.0,
        "Basic Average Shares": 227690000.0,
        "Diluted EPS": 1.58,
        "Basic EPS": 1.58,
        "Diluted NI Availto Com Stockholders": NaN,
        "Net Income Common Stockholders": NaN,
        "Net Income": NaN,
        "Minority Interests": NaN,
        "Net Income Including Noncontrolling Interests": NaN,
        "Net Income Continuous Operations": NaN,
        "Tax Provision": NaN,
        "Pretax Income": NaN,
        "Other Income Expense": NaN,
        "Special Income Charges": 46000000.0,
        "Other Special Charges": -46000000.0,
        "Net Non Operating Interest Income Expense": NaN,
        "Interest Expense Non Operating": NaN,
        "Other Operating Expenses": NaN,
        "Total Revenue": NaN,
        "Operating Revenue": NaN,
        "Loss Adjustment Expense": NaN,
        "Net Policyholder Benefits And Claims": NaN
    },
    "2023-03-31": {
        "Tax Effect Of Unusual Items": NaN,
        "Tax Rate For Calcs": NaN,
        "Total Unusual Items": NaN,
        "Total Unusual Items Excluding Goodwill": NaN,
        "Net Income From Continuing Operation Net Minority Interest": NaN,
        "EBIT": NaN,
        "Net Interest Income": NaN,
        "Interest Expense": NaN,
        "Normalized Income": NaN,
        "Net Income From Continuing And Discontinued Operation": NaN,
        "Total Expenses": NaN,
        "Diluted Average Shares": 233620000.0,
        "Basic Average Shares": 233300000.0,
        "Diluted EPS": 1.61,
        "Basic EPS": 1.61,
        "Diluted NI Availto Com Stockholders": NaN,
        "Net Income Common Stockholders": NaN,
        "Net Income": NaN,
        "Minority Interests": NaN,
        "Net Income Including Noncontrolling Interests": NaN,
        "Net Income Continuous Operations": NaN,
        "Tax Provision": NaN,
        "Pretax Income": NaN,
        "Other Income Expense": NaN,
        "Special Income Charges": NaN,
        "Other Special Charges": NaN,
        "Net Non Operating Interest Income Expense": NaN,
        "Interest Expense Non Operating": NaN,
        "Other Operating Expenses": NaN,
        "Total Revenue": NaN,
        "Operating Revenue": NaN,
        "Loss Adjustment Expense": NaN,
        "Net Policyholder Benefits And Claims": NaN
    },
    "2022-12-31": {
        "Tax Effect Of Unusual Items": 0.0,
        "Tax Rate For Calcs": 0.184874,
        "Total Unusual Items": NaN,
        "Total Unusual Items Excluding Goodwill": NaN,
        "Net Income From Continuing Operation Net Minority Interest": 364000000.0,
        "EBIT": 570000000.0,
        "Net Interest Income": -94000000.0,
        "Interest Expense": 94000000.0,
        "Normalized Income": 364000000.0,
        "Net Income From Continuing And Discontinued Operation": 364000000.0,
        "Total Expenses": 3318000000.0,
        "Diluted Average Shares": NaN,
        "Basic Average Shares": NaN,
        "Diluted EPS": NaN,
        "Basic EPS": NaN,
        "Diluted NI Availto Com Stockholders": 364000000.0,
        "Net Income Common Stockholders": 364000000.0,
        "Net Income": 364000000.0,
        "Minority Interests": -24000000.0,
        "Net Income Including Noncontrolling Interests": 388000000.0,
        "Net Income Continuous Operations": 388000000.0,
        "Tax Provision": 88000000.0,
        "Pretax Income": 476000000.0,
        "Other Income Expense": 994000000.0,
        "Special Income Charges": NaN,
        "Other Special Charges": NaN,
        "Net Non Operating Interest Income Expense": -94000000.0,
        "Interest Expense Non Operating": 94000000.0,
        "Other Operating Expenses": 1290000000.0,
        "Total Revenue": 3794000000.0,
        "Operating Revenue": 3794000000.0
    },
    "2022-09-30": {
        "Tax Effect Of Unusual Items": NaN,
        "Tax Rate For Calcs": NaN,
        "Total Unusual Items": NaN,
        "Total Unusual Items Excluding Goodwill": NaN,
        "Net Income From Continuing Operation Net Minority Interest": NaN,
        "EBIT": NaN,
        "Net Interest Income": NaN,
        "Interest Expense": NaN,
        "Normalized Income": NaN,
        "Net Income From Continuing And Discontinued Operation": NaN,
        "Total Expenses": NaN,
        "Diluted Average Shares": 240760000.0,
        "Basic Average Shares": 240370000.0,
        "Diluted EPS": -0.09,
        "Basic EPS": -0.09,
        "Diluted NI Availto Com Stockholders": NaN,
        "Net Income Common Stockholders": NaN,
        "Net Income": NaN,
        "Minority Interests": NaN,
        "Net Income Including Noncontrolling Interests": NaN,
        "Net Income Continuous Operations": NaN,
        "Tax Provision": NaN,
        "Pretax Income": NaN,
        "Other Income Expense": NaN,
        "Special Income Charges": NaN,
        "Other Special Charges": NaN,
        "Net Non Operating Interest Income Expense": NaN,
        "Interest Expense Non Operating": NaN,
        "Other Operating Expenses": NaN,
        "Total Revenue": NaN,
        "Operating Revenue": NaN
    },
    "2022-06-30": {
        "Tax Effect Of Unusual Items": 0.0,
        "Tax Rate For Calcs": 0.201581,
        "Total Unusual Items": NaN,
        "Total Unusual Items Excluding Goodwill": NaN,
        "Net Income From Continuing Operation Net Minority Interest": 180000000.0,
        "EBIT": 349000000.0,
        "Net Interest Income": -96000000.0,
        "Interest Expense": 96000000.0,
        "Normalized Income": 180000000.0,
        "Net Income From Continuing And Discontinued Operation": 180000000.0,
        "Total Expenses": 3135000000.0,
        "Diluted Average Shares": 245940000.0,
        "Basic Average Shares": 245450000.0,
        "Diluted EPS": 0.68,
        "Basic EPS": 0.68,
        "Diluted NI Availto Com Stockholders": 180000000.0,
        "Net Income Common Stockholders": 180000000.0,
        "Net Income": 180000000.0,
        "Minority Interests": -22000000.0,
        "Net Income Including Noncontrolling Interests": 202000000.0,
        "Net Income Continuous Operations": 202000000.0,
        "Tax Provision": 51000000.0,
        "Pretax Income": 253000000.0,
        "Other Income Expense": 926000000.0,
        "Special Income Charges": NaN,
        "Other Special Charges": NaN,
        "Net Non Operating Interest Income Expense": -96000000.0,
        "Interest Expense Non Operating": 96000000.0,
        "Other Operating Expenses": 1082000000.0,
        "Total Revenue": 3388000000.0,
        "Operating Revenue": 3388000000.0
    },
    "2023-09-30": {
        "Tax Effect Of Unusual Items": NaN,
        "Tax Rate For Calcs": NaN,
        "Total Unusual Items": NaN,
        "Total Unusual Items Excluding Goodwill": NaN,
        "Net Income From Continuing Operation Net Minority Interest": NaN,
        "EBIT": NaN,
        "Net Interest Income": NaN,
        "Interest Expense": NaN,
        "Normalized Income": NaN,
        "Net Income From Continuing And Discontinued Operation": NaN,
        "Total Expenses": NaN,
        "Diluted Average Shares": 225990000.0,
        "Basic Average Shares": 225640000.0,
        "Diluted EPS": 1.12,
        "Basic EPS": 1.12,
        "Diluted NI Availto Com Stockholders": NaN,
        "Net Income Common Stockholders": NaN,
        "Net Income": NaN,
        "Minority Interests": NaN,
        "Net Income Including Noncontrolling Interests": NaN,
        "Net Income Continuous Operations": NaN,
        "Tax Provision": NaN,
        "Pretax Income": NaN,
        "Other Income Expense": NaN,
        "Special Income Charges": NaN,
        "Restructuring And Mergern Acquisition": NaN,
        "Net Non Operating Interest Income Expense": NaN,
        "Interest Expense Non Operating": NaN,
        "Other Operating Expenses": NaN,
        "Total Revenue": NaN,
        "Operating Revenue": NaN,
        "Loss Adjustment Expense": NaN,
        "Net Policyholder Benefits And Claims": NaN
    },
    "2023-12-31": {
        "Tax Effect Of Unusual Items": NaN,
        "Tax Rate For Calcs": NaN,
        "Total Unusual Items": 0.0,
        "Total Unusual Items Excluding Goodwill": 0.0,
        "Net Income From Continuing Operation Net Minority Interest": NaN,
        "EBIT": NaN,
        "Net Interest Income": NaN,
        "Interest Expense": NaN,
        "Normalized Income": NaN,
        "Net Income From Continuing And Discontinued Operation": NaN,
        "Total Expenses": NaN,
        "Diluted Average Shares": NaN,
        "Basic Average Shares": NaN,
        "Diluted EPS": NaN,
        "Basic EPS": NaN,
        "Diluted NI Availto Com Stockholders": NaN,
        "Net Income Common Stockholders": NaN,
        "Net Income": NaN,
        "Minority Interests": NaN,
        "Net Income Including Noncontrolling Interests": NaN,
        "Net Income Continuous Operations": NaN,
        "Tax Provision": NaN,
        "Pretax Income": NaN,
        "Other Income Expense": NaN,
        "Special Income Charges": 0.0,
        "Restructuring And Mergern Acquisition": 0.0,
        "Net Non Operating Interest Income Expense": NaN,
        "Interest Expense Non Operating": NaN,
        "Other Operating Expenses": NaN,
        "Total Revenue": NaN,
        "Operating Revenue": NaN,
        "Loss Adjustment Expense": NaN,
        "Net Policyholder Benefits And Claims": NaN
    },
    "2024-03-31": {
        "Tax Effect Of Unusual Items": 0.0,
        "Tax Rate For Calcs": 0.228935,
        "Total Unusual Items": NaN,
        "Total Unusual Items Excluding Goodwill": NaN,
        "Net Income From Continuing Operation Net Minority Interest": 457000000.0,
        "EBIT": 732000000.0,
        "Net Interest Income": -103000000.0,
        "Interest Expense": 103000000.0,
        "Normalized Income": 457000000.0,
        "Net Income From Continuing And Discontinued Operation": 457000000.0,
        "Total Expenses": 3548000000.0,
        "Diluted Average Shares": 222926829.0,
        "Basic Average Shares": 222926829.0,
        "Diluted EPS": 0.15,
        "Basic EPS": 2.05,
        "Diluted NI Availto Com Stockholders": 457000000.0,
        "Net Income Common Stockholders": 457000000.0,
        "Net Income": 457000000.0,
        "Minority Interests": -28000000.0,
        "Net Income Including Noncontrolling Interests": 485000000.0,
        "Net Income Continuous Operations": 485000000.0,
        "Tax Provision": 144000000.0,
        "Pretax Income": 629000000.0,
        "Other Income Expense": 1143000000.0,
        "Special Income Charges": NaN,
        "Restructuring And Mergern Acquisition": NaN,
        "Net Non Operating Interest Income Expense": -103000000.0,
        "Interest Expense Non Operating": 103000000.0,
        "Other Operating Expenses": 1274000000.0,
        "Total Revenue": 4177000000.0,
        "Operating Revenue": 4177000000.0,
        "Loss Adjustment Expense": 1807000000.0,
        "Net Policyholder Benefits And Claims": 1807000000.0
    },
    "2024-06-30": {
        "Tax Effect Of Unusual Items": 0.0,
        "Tax Rate For Calcs": 0.220907,
        "Total Unusual Items": NaN,
        "Total Unusual Items Excluding Goodwill": NaN,
        "Net Income From Continuing Operation Net Minority Interest": 369000000.0,
        "EBIT": 621000000.0,
        "Net Interest Income": -114000000.0,
        "Interest Expense": 114000000.0,
        "Normalized Income": 369000000.0,
        "Net Income From Continuing And Discontinued Operation": 369000000.0,
        "Total Expenses": 3686000000.0,
        "Diluted Average Shares": 221600000.0,
        "Basic Average Shares": 221350000.0,
        "Diluted EPS": 1.67,
        "Basic EPS": 1.67,
        "Diluted NI Availto Com Stockholders": 369000000.0,
        "Net Income Common Stockholders": 369000000.0,
        "Net Income": 369000000.0,
        "Minority Interests": -26000000.0,
        "Net Income Including Noncontrolling Interests": 395000000.0,
        "Net Income Continuous Operations": 395000000.0,
        "Tax Provision": 112000000.0,
        "Pretax Income": 507000000.0,
        "Other Income Expense": 1140000000.0,
        "Special Income Charges": NaN,
        "Restructuring And Mergern Acquisition": NaN,
        "Net Non Operating Interest Income Expense": -114000000.0,
        "Interest Expense Non Operating": 114000000.0,
        "Other Operating Expenses": 1356000000.0,
        "Total Revenue": 4193000000.0,
        "Operating Revenue": 4193000000.0,
        "Loss Adjustment Expense": 1882000000.0,
        "Net Policyholder Benefits And Claims": 1882000000.0
    },
    "2024-09-30": {
        "Tax Effect Of Unusual Items": 0.0,
        "Tax Rate For Calcs": 0.227273,
        "Total Unusual Items": NaN,
        "Total Unusual Items Excluding Goodwill": NaN,
        "Net Income From Continuing Operation Net Minority Interest": 401000000.0,
        "EBIT": 664000000.0,
        "Net Interest Income": -114000000.0,
        "Interest Expense": 114000000.0,
        "Normalized Income": 401000000.0,
        "Net Income From Continuing And Discontinued Operation": 401000000.0,
        "Total Expenses": 3849000000.0,
        "Diluted Average Shares": 219940000.0,
        "Basic Average Shares": 219670000.0,
        "Diluted EPS": 1.82,
        "Basic EPS": 1.83,
        "Diluted NI Availto Com Stockholders": 401000000.0,
        "Net Income Common Stockholders": 401000000.0,
        "Net Income": 401000000.0,
        "Minority Interests": -24000000.0,
        "Net Income Including Noncontrolling Interests": 425000000.0,
        "Net Income Continuous Operations": 425000000.0,
        "Tax Provision": 125000000.0,
        "Pretax Income": 550000000.0,
        "Other Income Expense": 1107000000.0,
        "Special Income Charges": NaN,
        "Restructuring And Mergern Acquisition": NaN,
        "Net Non Operating Interest Income Expense": -114000000.0,
        "Interest Expense Non Operating": 114000000.0,
        "Other Operating Expenses": 1317000000.0,
        "Total Revenue": 4399000000.0,
        "Operating Revenue": 4399000000.0,
        "Loss Adjustment Expense": 2019000000.0,
        "Net Policyholder Benefits And Claims": 2019000000.0
    },
    "2024-12-31": {
        "Tax Effect Of Unusual Items": 0.0,
        "Tax Rate For Calcs": 0.21,
        "Total Unusual Items": NaN,
        "Total Unusual Items Excluding Goodwill": NaN,
        "Net Income From Continuing Operation Net Minority Interest": 187000000.0,
        "EBIT": 298000000.0,
        "Net Interest Income": -110000000.0,
        "Interest Expense": 110000000.0,
        "Normalized Income": 187000000.0,
        "Net Income From Continuing And Discontinued Operation": 187000000.0,
        "Total Expenses": 4282000000.0,
        "Diluted Average Shares": 217830000.0,
        "Basic Average Shares": 217830000.0,
        "Diluted EPS": 0.86,
        "Basic EPS": 0.86,
        "Diluted NI Availto Com Stockholders": 187000000.0,
        "Net Income Common Stockholders": 187000000.0,
        "Net Income": 187000000.0,
        "Minority Interests": -2000000.0,
        "Net Income Including Noncontrolling Interests": 189000000.0,
        "Net Income Continuous Operations": 189000000.0,
        "Tax Provision": -1000000.0,
        "Pretax Income": 188000000.0,
        "Other Income Expense": 1210000000.0,
        "Special Income Charges": NaN,
        "Restructuring And Mergern Acquisition": NaN,
        "Net Non Operating Interest Income Expense": -110000000.0,
        "Interest Expense Non Operating": 110000000.0,
        "Other Operating Expenses": 1770000000.0,
        "Total Revenue": 4470000000.0,
        "Operating Revenue": 4470000000.0,
        "Loss Adjustment Expense": 2030000000.0,
        "Net Policyholder Benefits And Claims": 2030000000.0
    },
    "2025-03-31": {
        "Tax Effect Of Unusual Items": 0.0,
        "Tax Rate For Calcs": 0.237354,
        "Total Unusual Items": NaN,
        "Total Unusual Items Excluding Goodwill": NaN,
        "Net Income From Continuing Operation Net Minority Interest": 370000000.0,
        "EBIT": 619000000.0,
        "Net Interest Income": -105000000.0,
        "Interest Expense": 105000000.0,
        "Normalized Income": 370000000.0,
        "Net Income From Continuing And Discontinued Operation": 370000000.0,
        "Total Expenses": 3924000000.0,
        "Diluted Average Shares": 212600000.0,
        "Basic Average Shares": 212450000.0,
        "Diluted EPS": 1.74,
        "Basic EPS": 1.74,
        "Diluted NI Availto Com Stockholders": 370000000.0,
        "Net Income Common Stockholders": 370000000.0,
        "Net Income": 370000000.0,
        "Minority Interests": -22000000.0,
        "Net Income Including Noncontrolling Interests": 392000000.0,
        "Net Income Continuous Operations": 392000000.0,
        "Tax Provision": 122000000.0,
        "Pretax Income": 514000000.0,
        "Other Income Expense": 1269000000.0,
        "Special Income Charges": NaN,
        "Restructuring And Mergern Acquisition": NaN,
        "Net Non Operating Interest Income Expense": -105000000.0,
        "Interest Expense Non Operating": 105000000.0,
        "Other Operating Expenses": 1376000000.0,
        "Total Revenue": 4438000000.0,
        "Operating Revenue": 4438000000.0,
        "Loss Adjustment Expense": 2027000000.0,
        "Net Policyholder Benefits And Claims": 2027000000.0
    },
    "2025-06-30": {
        "Tax Effect Of Unusual Items": 0.0,
        "Tax Rate For Calcs": 0.2282,
        "Total Unusual Items": NaN,
        "Total Unusual Items Excluding Goodwill": NaN,
        "Net Income From Continuing Operation Net Minority Interest": 391000000.0,
        "EBIT": 646000000.0,
        "Net Interest Income": -107000000.0,
        "Interest Expense": 107000000.0,
        "Normalized Income": 391000000.0,
        "Net Income From Continuing And Discontinued Operation": 391000000.0,
        "Total Expenses": 3935000000.0,
        "Diluted Average Shares": 209360000.0,
        "Basic Average Shares": 209240000.0,
        "Diluted EPS": 1.87,
        "Basic EPS": 1.87,
        "Diluted NI Availto Com Stockholders": 391000000.0,
        "Net Income Common Stockholders": 391000000.0,
        "Net Income": 391000000.0,
        "Minority Interests": -25000000.0,
        "Net Income Including Noncontrolling Interests": 416000000.0,
        "Net Income Continuous Operations": 416000000.0,
        "Tax Provision": 123000000.0,
        "Pretax Income": 539000000.0,
        "Other Income Expense": 1193000000.0,
        "Special Income Charges": NaN,
        "Restructuring And Mergern Acquisition": NaN,
        "Net Non Operating Interest Income Expense": -107000000.0,
        "Interest Expense Non Operating": 107000000.0,
        "Other Operating Expenses": 1373000000.0,
        "Total Revenue": 4474000000.0,
        "Operating Revenue": 4474000000.0,
        "Loss Adjustment Expense": 2085000000.0,
        "Net Policyholder Benefits And Claims": 2085000000.0
    }
}