{
    "2023-03-31": {
        "Tax Effect Of Unusual Items": NaN,
        "Tax Rate For Calcs": NaN,
        "Normalized EBITDA": NaN,
        "Total Unusual Items": NaN,
        "Total Unusual Items Excluding Goodwill": NaN,
        "Net Income From Continuing Operation Net Minority Interest": NaN,
        "Reconciled Depreciation": NaN,
        "Reconciled Cost Of Revenue": NaN,
        "EBITDA": NaN,
        "EBIT": NaN,
        "Net Interest Income": NaN,
        "Interest Expense": 1117000.0,
        "Interest Income": NaN,
        "Normalized Income": NaN,
        "Net Income From Continuing And Discontinued Operation": NaN,
        "Total Expenses": NaN,
        "Total Operating Income As Reported": NaN,
        "Diluted Average Shares": NaN,
        "Basic Average Shares": NaN,
        "Diluted EPS": NaN,
        "Basic EPS": NaN,
        "Diluted NI Availto Com Stockholders": NaN,
        "Net Income Common Stockholders": NaN,
        "Preferred Stock Dividends": NaN,
        "Net Income": NaN,
        "Net Income Including Noncontrolling Interests": NaN,
        "Net Income Continuous Operations": NaN,
        "Tax Provision": NaN,
        "Pretax Income": NaN,
        "Other Income Expense": NaN,
        "Other Non Operating Income Expenses": NaN,
        "Special Income Charges": NaN,
        "Restructuring And Mergern Acquisition": NaN,
        "Net Non Operating Interest Income Expense": NaN,
        "Interest Expense Non Operating": 1117000.0,
        "Interest Income Non Operating": NaN,
        "Operating Income": NaN,
        "Operating Expense": NaN,
        "Research And Development": NaN,
        "Selling General And Administration": NaN,
        "Gross Profit": NaN,
        "Cost Of Revenue": NaN,
        "Total Revenue": NaN,
        "Operating Revenue": NaN
    },
    "2022-12-31": {
        "Tax Effect Of Unusual Items": NaN,
        "Tax Rate For Calcs": NaN,
        "Normalized EBITDA": NaN,
        "Total Unusual Items": NaN,
        "Total Unusual Items Excluding Goodwill": NaN,
        "Net Income From Continuing Operation Net Minority Interest": NaN,
        "Reconciled Depreciation": NaN,
        "Reconciled Cost Of Revenue": NaN,
        "EBITDA": NaN,
        "EBIT": NaN,
        "Net Interest Income": NaN,
        "Interest Expense": 1190000.0,
        "Interest Income": NaN,
        "Normalized Income": NaN,
        "Net Income From Continuing And Discontinued Operation": NaN,
        "Total Expenses": NaN,
        "Total Operating Income As Reported": NaN,
        "Diluted Average Shares": NaN,
        "Basic Average Shares": NaN,
        "Diluted EPS": NaN,
        "Basic EPS": NaN,
        "Diluted NI Availto Com Stockholders": NaN,
        "Net Income Common Stockholders": NaN,
        "Preferred Stock Dividends": NaN,
        "Net Income": NaN,
        "Net Income Including Noncontrolling Interests": NaN,
        "Net Income Continuous Operations": NaN,
        "Tax Provision": NaN,
        "Pretax Income": NaN,
        "Other Income Expense": NaN,
        "Other Non Operating Income Expenses": NaN,
        "Special Income Charges": NaN,
        "Restructuring And Mergern Acquisition": NaN,
        "Gain On Sale Of Security": 0.0,
        "Net Non Operating Interest Income Expense": NaN,
        "Interest Expense Non Operating": 1190000.0,
        "Interest Income Non Operating": NaN,
        "Operating Income": NaN,
        "Operating Expense": NaN,
        "Research And Development": NaN,
        "Selling General And Administration": NaN,
        "Gross Profit": NaN,
        "Cost Of Revenue": NaN,
        "Total Revenue": NaN,
        "Operating Revenue": NaN
    },
    "2022-09-30": {
        "Tax Effect Of Unusual Items": 0.0,
        "Tax Rate For Calcs": 0.023657,
        "Normalized EBITDA": -25488000.0,
        "Total Unusual Items": NaN,
        "Total Unusual Items Excluding Goodwill": NaN,
        "Net Income From Continuing Operation Net Minority Interest": -29426000.0,
        "Reconciled Depreciation": 3602000.0,
        "Reconciled Cost Of Revenue": 16426000.0,
        "EBITDA": -25488000.0,
        "EBIT": -29090000.0,
        "Net Interest Income": -1049000.0,
        "Interest Expense": 1049000.0,
        "Normalized Income": -29426000.0,
        "Net Income From Continuing And Discontinued Operation": -29426000.0,
        "Total Expenses": 54673000.0,
        "Total Operating Income As Reported": -29027000.0,
        "Diluted Average Shares": 78897000.0,
        "Basic Average Shares": 78897000.0,
        "Diluted EPS": -0.37,
        "Basic EPS": -0.37,
        "Diluted NI Availto Com Stockholders": -29426000.0,
        "Net Income Common Stockholders": -29426000.0,
        "Net Income": -29426000.0,
        "Net Income Including Noncontrolling Interests": -29426000.0,
        "Net Income Continuous Operations": -29426000.0,
        "Tax Provision": -713000.0,
        "Pretax Income": -30139000.0,
        "Other Income Expense": -63000.0,
        "Other Non Operating Income Expenses": -63000.0,
        "Special Income Charges": NaN,
        "Restructuring And Mergern Acquisition": NaN,
        "Gain On Sale Of Security": NaN,
        "Net Non Operating Interest Income Expense": -1049000.0,
        "Interest Expense Non Operating": 1049000.0,
        "Operating Income": -29027000.0,
        "Operating Expense": 38247000.0,
        "Research And Development": 8650000.0,
        "Selling General And Administration": 29597000.0,
        "Gross Profit": 9220000.0,
        "Cost Of Revenue": 16426000.0,
        "Total Revenue": 25646000.0,
        "Operating Revenue": 25169000.0
    },
    "2022-06-30": {
        "Tax Effect Of Unusual Items": -551819.698551,
        "Tax Rate For Calcs": 0.024757,
        "Normalized EBITDA": -37966000.0,
        "Total Unusual Items": -22289000.0,
        "Total Unusual Items Excluding Goodwill": -22289000.0,
        "Net Income From Continuing Operation Net Minority Interest": -63539000.0,
        "Reconciled Depreciation": 3835000.0,
        "Reconciled Cost Of Revenue": 14350000.0,
        "EBITDA": -60255000.0,
        "EBIT": -64090000.0,
        "Net Interest Income": -1062000.0,
        "Interest Expense": 1062000.0,
        "Normalized Income": -41801819.698551,
        "Net Income From Continuing And Discontinued Operation": -63539000.0,
        "Total Expenses": 57340000.0,
        "Total Operating Income As Reported": -38563000.0,
        "Diluted Average Shares": 77821000.0,
        "Basic Average Shares": 77821000.0,
        "Diluted EPS": -0.82,
        "Basic EPS": -0.82,
        "Diluted NI Availto Com Stockholders": -63539000.0,
        "Net Income Common Stockholders": -63539000.0,
        "Net Income": -63539000.0,
        "Net Income Including Noncontrolling Interests": -63539000.0,
        "Net Income Continuous Operations": -63539000.0,
        "Tax Provision": -1613000.0,
        "Pretax Income": -65152000.0,
        "Other Income Expense": -25527000.0,
        "Other Non Operating Income Expenses": -3238000.0,
        "Special Income Charges": -3064000.0,
        "Other Special Charges": 3064000.0,
        "Restructuring And Mergern Acquisition": NaN,
        "Gain On Sale Of Security": -22289000.0,
        "Net Non Operating Interest Income Expense": -1062000.0,
        "Interest Expense Non Operating": 1062000.0,
        "Operating Income": -38563000.0,
        "Operating Expense": 42990000.0,
        "Research And Development": 12606000.0,
        "Selling General And Administration": 30384000.0,
        "Gross Profit": 4427000.0,
        "Cost Of Revenue": 14350000.0,
        "Total Revenue": 18777000.0,
        "Operating Revenue": 18025000.0
    },
    "2022-03-31": {
        "Diluted EPS": -0.06,
        "Total Revenue": 41,
        "Gross Profit": 4,
        "Operating Income": -33,
        "EBIT": -26,
        "Net Income": -27
    },
    "2021-12-31": {
        "Diluted EPS": 0.24,
        "Total Revenue": 27,
        "Gross Profit": 7,
        "Operating Income": -24,
        "EBIT": -20,
        "Net Income": 3
    },
    "2021-09-30": {
        "Diluted EPS": -0.39,
        "Total Revenue": 5,
        "Gross Profit": -12,
        "Operating Income": -52,
        "EBIT": -49,
        "Net Income": -88
    },
    "2021-06-30": {
        "Diluted EPS": -0.21,
        "Total Revenue": 11,
        "Gross Profit": 2,
        "Operating Income": -13,
        "EBIT": -11,
        "Net Income": -17
    },
    "2021-03-31": {
        "Diluted EPS": -0.2,
        "Total Revenue": 18,
        "Gross Profit": 1,
        "Operating Income": -12,
        "EBIT": -10,
        "Net Income": -16
    },
    "2020-12-31": {
        "Diluted EPS": 0.0,
        "Total Revenue": NaN,
        "Gross Profit": NaN,
        "Operating Income": NaN,
        "EBIT": NaN,
        "Net Income": NaN
    },
    "2020-09-30": {
        "Diluted EPS": -0.17,
        "Total Revenue": 11,
        "Gross Profit": -2,
        "Operating Income": -13,
        "EBIT": -13,
        "Net Income": -13
    },
    "2023-06-30": {
        "Tax Effect Of Unusual Items": NaN,
        "Tax Rate For Calcs": NaN,
        "Normalized EBITDA": NaN,
        "Total Unusual Items": NaN,
        "Total Unusual Items Excluding Goodwill": NaN,
        "Net Income From Continuing Operation Net Minority Interest": NaN,
        "Reconciled Depreciation": NaN,
        "Reconciled Cost Of Revenue": NaN,
        "EBITDA": NaN,
        "EBIT": NaN,
        "Net Interest Income": NaN,
        "Interest Expense": 1129000.0,
        "Interest Income": 244000.0,
        "Normalized Income": NaN,
        "Net Income From Continuing And Discontinued Operation": NaN,
        "Total Expenses": NaN,
        "Total Operating Income As Reported": NaN,
        "Diluted Average Shares": NaN,
        "Basic Average Shares": NaN,
        "Diluted EPS": NaN,
        "Basic EPS": NaN,
        "Diluted NI Availto Com Stockholders": NaN,
        "Net Income Common Stockholders": NaN,
        "Preferred Stock Dividends": NaN,
        "Net Income": NaN,
        "Net Income Including Noncontrolling Interests": NaN,
        "Net Income Continuous Operations": NaN,
        "Tax Provision": NaN,
        "Pretax Income": NaN,
        "Other Income Expense": NaN,
        "Other Non Operating Income Expenses": NaN,
        "Special Income Charges": NaN,
        "Restructuring And Mergern Acquisition": NaN,
        "Net Non Operating Interest Income Expense": NaN,
        "Total Other Finance Cost": -244000.0,
        "Interest Expense Non Operating": 1129000.0,
        "Interest Income Non Operating": 244000.0,
        "Operating Income": NaN,
        "Operating Expense": NaN,
        "Research And Development": NaN,
        "Selling General And Administration": NaN,
        "Gross Profit": NaN,
        "Cost Of Revenue": NaN,
        "Total Revenue": NaN,
        "Operating Revenue": NaN
    },
    "2023-09-30": {
        "Tax Effect Of Unusual Items": NaN,
        "Tax Rate For Calcs": NaN,
        "Normalized EBITDA": NaN,
        "Total Unusual Items": NaN,
        "Total Unusual Items Excluding Goodwill": NaN,
        "Net Income From Continuing Operation Net Minority Interest": NaN,
        "Reconciled Depreciation": NaN,
        "Reconciled Cost Of Revenue": NaN,
        "EBITDA": NaN,
        "EBIT": NaN,
        "Net Interest Income": NaN,
        "Interest Expense": 1223000.0,
        "Interest Income": 340000.0,
        "Normalized Income": NaN,
        "Net Income From Continuing And Discontinued Operation": NaN,
        "Total Expenses": NaN,
        "Total Operating Income As Reported": NaN,
        "Diluted Average Shares": NaN,
        "Basic Average Shares": NaN,
        "Diluted EPS": NaN,
        "Basic EPS": NaN,
        "Diluted NI Availto Com Stockholders": NaN,
        "Net Income Common Stockholders": NaN,
        "Preferred Stock Dividends": NaN,
        "Net Income": NaN,
        "Net Income Including Noncontrolling Interests": NaN,
        "Net Income Continuous Operations": NaN,
        "Tax Provision": NaN,
        "Pretax Income": NaN,
        "Other Income Expense": NaN,
        "Other Non Operating Income Expenses": NaN,
        "Special Income Charges": NaN,
        "Restructuring And Mergern Acquisition": NaN,
        "Net Non Operating Interest Income Expense": NaN,
        "Total Other Finance Cost": -340000.0,
        "Interest Expense Non Operating": 1223000.0,
        "Interest Income Non Operating": 340000.0,
        "Operating Income": NaN,
        "Operating Expense": NaN,
        "Research And Development": NaN,
        "Selling General And Administration": NaN,
        "Gross Profit": NaN,
        "Cost Of Revenue": NaN,
        "Total Revenue": NaN,
        "Operating Revenue": NaN
    },
    "2023-12-31": {
        "Tax Effect Of Unusual Items": NaN,
        "Tax Rate For Calcs": NaN,
        "Normalized EBITDA": NaN,
        "Total Unusual Items": NaN,
        "Total Unusual Items Excluding Goodwill": NaN,
        "Net Income From Continuing Operation Net Minority Interest": NaN,
        "Reconciled Depreciation": NaN,
        "Reconciled Cost Of Revenue": NaN,
        "EBITDA": NaN,
        "EBIT": NaN,
        "Net Interest Income": NaN,
        "Interest Expense": 1098000.0,
        "Interest Income": NaN,
        "Normalized Income": NaN,
        "Net Income From Continuing And Discontinued Operation": NaN,
        "Total Expenses": NaN,
        "Total Operating Income As Reported": NaN,
        "Diluted Average Shares": NaN,
        "Basic Average Shares": NaN,
        "Diluted EPS": NaN,
        "Basic EPS": NaN,
        "Diluted NI Availto Com Stockholders": NaN,
        "Net Income Common Stockholders": NaN,
        "Preferred Stock Dividends": NaN,
        "Net Income": NaN,
        "Net Income Including Noncontrolling Interests": NaN,
        "Net Income Discontinuous Operations": NaN,
        "Net Income Continuous Operations": NaN,
        "Tax Provision": NaN,
        "Pretax Income": NaN,
        "Other Income Expense": NaN,
        "Other Non Operating Income Expenses": NaN,
        "Special Income Charges": NaN,
        "Restructuring And Mergern Acquisition": NaN,
        "Net Non Operating Interest Income Expense": NaN,
        "Total Other Finance Cost": NaN,
        "Interest Expense Non Operating": 1098000.0,
        "Interest Income Non Operating": NaN,
        "Operating Income": NaN,
        "Operating Expense": NaN,
        "Research And Development": NaN,
        "Selling General And Administration": NaN,
        "Gross Profit": NaN,
        "Cost Of Revenue": NaN,
        "Total Revenue": NaN,
        "Operating Revenue": NaN
    },
    "2024-03-31": {
        "Tax Effect Of Unusual Items": NaN,
        "Tax Rate For Calcs": NaN,
        "Normalized EBITDA": NaN,
        "Total Unusual Items": NaN,
        "Total Unusual Items Excluding Goodwill": NaN,
        "Net Income From Continuing Operation Net Minority Interest": NaN,
        "Reconciled Depreciation": NaN,
        "Reconciled Cost Of Revenue": NaN,
        "EBITDA": NaN,
        "EBIT": NaN,
        "Net Interest Income": NaN,
        "Interest Expense": 1033000.0,
        "Interest Income": 6207000.0,
        "Normalized Income": NaN,
        "Net Income From Continuing And Discontinued Operation": NaN,
        "Total Expenses": NaN,
        "Total Operating Income As Reported": NaN,
        "Diluted Average Shares": NaN,
        "Basic Average Shares": NaN,
        "Diluted EPS": NaN,
        "Basic EPS": NaN,
        "Diluted NI Availto Com Stockholders": NaN,
        "Net Income Common Stockholders": NaN,
        "Preferred Stock Dividends": 46014000.0,
        "Net Income": NaN,
        "Net Income Including Noncontrolling Interests": NaN,
        "Net Income Discontinuous Operations": NaN,
        "Net Income Continuous Operations": NaN,
        "Tax Provision": NaN,
        "Pretax Income": NaN,
        "Other Income Expense": NaN,
        "Other Non Operating Income Expenses": NaN,
        "Special Income Charges": NaN,
        "Restructuring And Mergern Acquisition": NaN,
        "Net Non Operating Interest Income Expense": NaN,
        "Total Other Finance Cost": -5174000.0,
        "Interest Expense Non Operating": 1033000.0,
        "Interest Income Non Operating": 6207000.0,
        "Operating Income": NaN,
        "Operating Expense": NaN,
        "Research And Development": NaN,
        "Selling General And Administration": NaN,
        "Gross Profit": NaN,
        "Cost Of Revenue": NaN,
        "Total Revenue": NaN,
        "Operating Revenue": NaN
    },
    "2024-06-30": {
        "Tax Effect Of Unusual Items": -1791510.0,
        "Tax Rate For Calcs": 0.21,
        "Normalized EBITDA": -12160000.0,
        "Total Unusual Items": -8531000.0,
        "Total Unusual Items Excluding Goodwill": -8531000.0,
        "Net Income From Continuing Operation Net Minority Interest": -25444000.0,
        "Reconciled Depreciation": 3856000.0,
        "Reconciled Cost Of Revenue": 12118000.0,
        "EBITDA": -20691000.0,
        "EBIT": -24547000.0,
        "Net Interest Income": 4444000.0,
        "Interest Expense": 858000.0,
        "Interest Income": 5302000.0,
        "Normalized Income": -18704510.0,
        "Net Income From Continuing And Discontinued Operation": -45718000.0,
        "Total Expenses": 44222000.0,
        "Total Operating Income As Reported": -30261000.0,
        "Diluted Average Shares": 372331000.0,
        "Basic Average Shares": 372331000.0,
        "Diluted EPS": -0.12,
        "Basic EPS": -0.12,
        "Diluted NI Availto Com Stockholders": -45718000.0,
        "Net Income Common Stockholders": -45718000.0,
        "Preferred Stock Dividends": NaN,
        "Net Income": -45718000.0,
        "Net Income Including Noncontrolling Interests": -45718000.0,
        "Net Income Discontinuous Operations": -20274000.0,
        "Net Income Continuous Operations": -25444000.0,
        "Tax Provision": 39000.0,
        "Pretax Income": -25405000.0,
        "Other Income Expense": -8119000.0,
        "Other Non Operating Income Expenses": 412000.0,
        "Special Income Charges": -8531000.0,
        "Restructuring And Mergern Acquisition": 8531000.0,
        "Net Non Operating Interest Income Expense": 4444000.0,
        "Total Other Finance Cost": -4444000.0,
        "Interest Expense Non Operating": 858000.0,
        "Interest Income Non Operating": 5302000.0,
        "Operating Income": -21730000.0,
        "Operating Expense": 32104000.0,
        "Research And Development": 7244000.0,
        "Selling General And Administration": 24860000.0,
        "Gross Profit": 10374000.0,
        "Cost Of Revenue": 12118000.0,
        "Total Revenue": 22492000.0,
        "Operating Revenue": 22492000.0
    },
    "2024-09-30": {
        "Tax Effect Of Unusual Items": -1558200.0,
        "Tax Rate For Calcs": 0.21,
        "Normalized EBITDA": -13020000.0,
        "Total Unusual Items": -7420000.0,
        "Total Unusual Items Excluding Goodwill": -7420000.0,
        "Net Income From Continuing Operation Net Minority Interest": -26938000.0,
        "Reconciled Depreciation": 3858000.0,
        "Reconciled Cost Of Revenue": 21708000.0,
        "EBITDA": -20440000.0,
        "EBIT": -24298000.0,
        "Net Interest Income": 3941000.0,
        "Interest Expense": NaN,
        "Interest Income": 3941000.0,
        "Normalized Income": -21076200.0,
        "Net Income From Continuing And Discontinued Operation": -26938000.0,
        "Total Expenses": 69267000.0,
        "Total Operating Income As Reported": -31718000.0,
        "Diluted Average Shares": 371538000.0,
        "Basic Average Shares": 371538000.0,
        "Diluted EPS": -0.07,
        "Basic EPS": -0.07,
        "Diluted NI Availto Com Stockholders": -26938000.0,
        "Net Income Common Stockholders": -26938000.0,
        "Preferred Stock Dividends": NaN,
        "Net Income": -26938000.0,
        "Net Income Including Noncontrolling Interests": -26938000.0,
        "Net Income Discontinuous Operations": NaN,
        "Net Income Continuous Operations": -26938000.0,
        "Tax Provision": 118000.0,
        "Pretax Income": -26820000.0,
        "Other Income Expense": -6463000.0,
        "Other Non Operating Income Expenses": 957000.0,
        "Special Income Charges": -7420000.0,
        "Restructuring And Mergern Acquisition": 7420000.0,
        "Net Non Operating Interest Income Expense": 3941000.0,
        "Total Other Finance Cost": -3941000.0,
        "Interest Expense Non Operating": NaN,
        "Interest Income Non Operating": 3941000.0,
        "Operating Income": -24298000.0,
        "Operating Expense": 47559000.0,
        "Research And Development": 13156000.0,
        "Selling General And Administration": 34403000.0,
        "Gross Profit": 23261000.0,
        "Cost Of Revenue": 21708000.0,
        "Total Revenue": 44969000.0,
        "Operating Revenue": 44031000.0
    },
    "2024-12-31": {
        "Tax Effect Of Unusual Items": -647010.0,
        "Tax Rate For Calcs": 0.21,
        "Normalized EBITDA": -22941000.0,
        "Total Unusual Items": -3081000.0,
        "Total Unusual Items Excluding Goodwill": -3081000.0,
        "Net Income From Continuing Operation Net Minority Interest": -34072000.0,
        "Reconciled Depreciation": 3953000.0,
        "Reconciled Cost Of Revenue": 24813000.0,
        "EBITDA": -26022000.0,
        "EBIT": -29975000.0,
        "Net Interest Income": 3324000.0,
        "Interest Expense": NaN,
        "Interest Income": NaN,
        "Normalized Income": -31638010.0,
        "Net Income From Continuing And Discontinued Operation": -34072000.0,
        "Total Expenses": 76454000.0,
        "Total Operating Income As Reported": -32817000.0,
        "Diluted Average Shares": 374544000.0,
        "Basic Average Shares": 374544000.0,
        "Diluted EPS": -0.09,
        "Basic EPS": -0.09,
        "Diluted NI Availto Com Stockholders": -34072000.0,
        "Net Income Common Stockholders": -34072000.0,
        "Preferred Stock Dividends": 0.0,
        "Net Income": -34072000.0,
        "Net Income Including Noncontrolling Interests": -34072000.0,
        "Net Income Discontinuous Operations": NaN,
        "Net Income Continuous Operations": -34072000.0,
        "Tax Provision": 272000.0,
        "Pretax Income": -33800000.0,
        "Other Income Expense": -7388000.0,
        "Other Non Operating Income Expenses": -4307000.0,
        "Special Income Charges": -3081000.0,
        "Restructuring And Mergern Acquisition": 3081000.0,
        "Net Non Operating Interest Income Expense": 3324000.0,
        "Total Other Finance Cost": NaN,
        "Interest Expense Non Operating": NaN,
        "Interest Income Non Operating": NaN,
        "Operating Income": -29736000.0,
        "Operating Expense": 51641000.0,
        "Research And Development": 14053000.0,
        "Selling General And Administration": 37588000.0,
        "Gross Profit": 21905000.0,
        "Cost Of Revenue": 24813000.0,
        "Total Revenue": 46718000.0,
        "Operating Revenue": 44835000.0
    },
    "2025-03-31": {
        "Tax Effect Of Unusual Items": -15432.172319,
        "Tax Rate For Calcs": 0.005767,
        "Normalized EBITDA": -19335000.0,
        "Total Unusual Items": -2676000.0,
        "Total Unusual Items Excluding Goodwill": -2676000.0,
        "Net Income From Continuing Operation Net Minority Interest": -26033000.0,
        "Reconciled Depreciation": 4171000.0,
        "Reconciled Cost Of Revenue": 21054000.0,
        "EBITDA": -22011000.0,
        "EBIT": -26182000.0,
        "Net Interest Income": 2914000.0,
        "Interest Expense": 2000.0,
        "Interest Income": 2916000.0,
        "Normalized Income": -23372432.172319,
        "Net Income From Continuing And Discontinued Operation": -26033000.0,
        "Total Expenses": 71089000.0,
        "Total Operating Income As Reported": -32970000.0,
        "Diluted Average Shares": 378228000.0,
        "Basic Average Shares": 378228000.0,
        "Diluted EPS": -0.07,
        "Basic EPS": -0.07,
        "Diluted NI Availto Com Stockholders": -26033000.0,
        "Net Income Common Stockholders": -26033000.0,
        "Preferred Stock Dividends": NaN,
        "Net Income": -26033000.0,
        "Net Income Including Noncontrolling Interests": -26033000.0,
        "Net Income Discontinuous Operations": NaN,
        "Net Income Continuous Operations": -26033000.0,
        "Tax Provision": -151000.0,
        "Pretax Income": -26184000.0,
        "Other Income Expense": 1196000.0,
        "Other Non Operating Income Expenses": 3872000.0,
        "Special Income Charges": -2676000.0,
        "Restructuring And Mergern Acquisition": 2676000.0,
        "Net Non Operating Interest Income Expense": 2914000.0,
        "Total Other Finance Cost": NaN,
        "Interest Expense Non Operating": 2000.0,
        "Interest Income Non Operating": 2916000.0,
        "Operating Income": -30294000.0,
        "Operating Expense": 50035000.0,
        "Research And Development": 11328000.0,
        "Selling General And Administration": 38707000.0,
        "Gross Profit": 19741000.0,
        "Cost Of Revenue": 21054000.0,
        "Total Revenue": 40795000.0,
        "Operating Revenue": 39839000.0
    },
    "2025-06-30": {
        "Tax Effect Of Unusual Items": -66556.28487,
        "Tax Rate For Calcs": 0.033311,
        "Normalized EBITDA": -12281000.0,
        "Total Unusual Items": -1998000.0,
        "Total Unusual Items Excluding Goodwill": -1998000.0,
        "Net Income From Continuing Operation Net Minority Interest": -17673000.0,
        "Reconciled Depreciation": 3994000.0,
        "Reconciled Cost Of Revenue": 11134000.0,
        "EBITDA": -14279000.0,
        "EBIT": -18273000.0,
        "Net Interest Income": 2452000.0,
        "Interest Expense": 9000.0,
        "Interest Income": 2461000.0,
        "Normalized Income": -15741556.28487,
        "Net Income From Continuing And Discontinued Operation": -33459000.0,
        "Total Expenses": 45461000.0,
        "Total Operating Income As Reported": -25697000.0,
        "Diluted Average Shares": 380498000.0,
        "Basic Average Shares": 380498000.0,
        "Diluted EPS": -0.09,
        "Basic EPS": -0.09,
        "Diluted NI Availto Com Stockholders": -33459000.0,
        "Net Income Common Stockholders": -33459000.0,
        "Preferred Stock Dividends": NaN,
        "Net Income": -33459000.0,
        "Net Income Including Noncontrolling Interests": -33459000.0,
        "Net Income Discontinuous Operations": -15786000.0,
        "Net Income Continuous Operations": -17673000.0,
        "Tax Provision": -609000.0,
        "Pretax Income": -18282000.0,
        "Other Income Expense": 2965000.0,
        "Other Non Operating Income Expenses": 4963000.0,
        "Special Income Charges": -1998000.0,
        "Restructuring And Mergern Acquisition": 1998000.0,
        "Net Non Operating Interest Income Expense": 2452000.0,
        "Total Other Finance Cost": NaN,
        "Interest Expense Non Operating": 9000.0,
        "Interest Income Non Operating": 2461000.0,
        "Operating Income": -23699000.0,
        "Operating Expense": 34327000.0,
        "Research And Development": 6222000.0,
        "Selling General And Administration": 28105000.0,
        "Gross Profit": 10628000.0,
        "Cost Of Revenue": 11134000.0,
        "Total Revenue": 21762000.0,
        "Operating Revenue": 21762000.0
    }
}