{
    "2023-03-31": {
        "Tax Effect Of Unusual Items": 0.0,
        "Tax Rate For Calcs": 0.0,
        "Normalized EBITDA": -6475000.0,
        "Total Unusual Items": -4000.0,
        "Total Unusual Items Excluding Goodwill": -4000.0,
        "Net Income From Continuing Operation Net Minority Interest": -6034000.0,
        "Reconciled Depreciation": 0.0,
        "EBITDA": -6479000.0,
        "EBIT": -6479000.0,
        "Net Interest Income": 449000.0,
        "Interest Income": 449000.0,
        "Normalized Income": -6030000.0,
        "Net Income From Continuing And Discontinued Operation": -6034000.0,
        "Total Expenses": 6479000.0,
        "Total Operating Income As Reported": -6479000.0,
        "Diluted Average Shares": 6484233.0,
        "Basic Average Shares": 6484233.0,
        "Diluted EPS": -0.93,
        "Basic EPS": -0.93,
        "Diluted NI Availto Com Stockholders": -6034000.0,
        "Net Income Common Stockholders": -6034000.0,
        "Net Income": -6034000.0,
        "Net Income Including Noncontrolling Interests": -6034000.0,
        "Net Income Continuous Operations": -6034000.0,
        "Pretax Income": -6034000.0,
        "Other Income Expense": -4000.0,
        "Other Non Operating Income Expenses": NaN,
        "Gain On Sale Of Security": -4000.0,
        "Net Non Operating Interest Income Expense": 449000.0,
        "Total Other Finance Cost": -449000.0,
        "Interest Income Non Operating": 449000.0,
        "Operating Income": -6479000.0,
        "Operating Expense": 6479000.0,
        "Research And Development": 3326000.0,
        "Selling General And Administration": 3153000.0,
        "General And Administrative Expense": 3153000.0,
        "Other Gand A": 3153000.0,
        "Total Revenue": 0.0,
        "Operating Revenue": 0.0
    },
    "2022-12-31": {
        "Tax Effect Of Unusual Items": NaN,
        "Tax Rate For Calcs": NaN,
        "Normalized EBITDA": NaN,
        "Total Unusual Items": NaN,
        "Total Unusual Items Excluding Goodwill": NaN,
        "Net Income From Continuing Operation Net Minority Interest": NaN,
        "Reconciled Depreciation": 0.0,
        "EBITDA": NaN,
        "EBIT": NaN,
        "Net Interest Income": NaN,
        "Interest Income": NaN,
        "Normalized Income": NaN,
        "Net Income From Continuing And Discontinued Operation": NaN,
        "Total Expenses": NaN,
        "Total Operating Income As Reported": NaN,
        "Diluted Average Shares": 4025489.0,
        "Basic Average Shares": 4025489.0,
        "Diluted EPS": -1.3,
        "Basic EPS": -1.3,
        "Diluted NI Availto Com Stockholders": NaN,
        "Net Income Common Stockholders": NaN,
        "Net Income": NaN,
        "Net Income Including Noncontrolling Interests": NaN,
        "Net Income Continuous Operations": NaN,
        "Pretax Income": NaN,
        "Other Income Expense": NaN,
        "Other Non Operating Income Expenses": NaN,
        "Gain On Sale Of Security": NaN,
        "Net Non Operating Interest Income Expense": NaN,
        "Total Other Finance Cost": NaN,
        "Interest Income Non Operating": NaN,
        "Operating Income": NaN,
        "Operating Expense": NaN,
        "Research And Development": NaN,
        "Selling General And Administration": NaN,
        "General And Administrative Expense": NaN,
        "Other Gand A": NaN,
        "Total Revenue": NaN,
        "Operating Revenue": NaN
    },
    "2022-09-30": {
        "Tax Effect Of Unusual Items": NaN,
        "Tax Rate For Calcs": NaN,
        "Normalized EBITDA": NaN,
        "Total Unusual Items": NaN,
        "Total Unusual Items Excluding Goodwill": NaN,
        "Net Income From Continuing Operation Net Minority Interest": NaN,
        "Reconciled Depreciation": NaN,
        "EBITDA": NaN,
        "EBIT": NaN,
        "Net Interest Income": NaN,
        "Interest Income": NaN,
        "Normalized Income": NaN,
        "Net Income From Continuing And Discontinued Operation": NaN,
        "Total Expenses": NaN,
        "Total Operating Income As Reported": NaN,
        "Diluted Average Shares": NaN,
        "Basic Average Shares": NaN,
        "Diluted EPS": NaN,
        "Basic EPS": NaN,
        "Diluted NI Availto Com Stockholders": NaN,
        "Net Income Common Stockholders": NaN,
        "Net Income": NaN,
        "Net Income Including Noncontrolling Interests": NaN,
        "Net Income Continuous Operations": NaN,
        "Pretax Income": NaN,
        "Other Income Expense": NaN,
        "Other Non Operating Income Expenses": -67000.0,
        "Gain On Sale Of Security": NaN,
        "Net Non Operating Interest Income Expense": NaN,
        "Total Other Finance Cost": 67000.0,
        "Interest Income Non Operating": NaN,
        "Operating Income": NaN,
        "Operating Expense": NaN,
        "Research And Development": NaN,
        "Selling General And Administration": NaN,
        "General And Administrative Expense": NaN,
        "Other Gand A": NaN,
        "Total Revenue": NaN,
        "Operating Revenue": NaN
    },
    "2022-06-30": {
        "Tax Effect Of Unusual Items": 0.0,
        "Tax Rate For Calcs": 0.0,
        "Normalized EBITDA": -11067000.0,
        "Total Unusual Items": 25000.0,
        "Total Unusual Items Excluding Goodwill": 25000.0,
        "Net Income From Continuing Operation Net Minority Interest": -11284000.0,
        "Reconciled Depreciation": 224000.0,
        "EBITDA": -11042000.0,
        "EBIT": -11266000.0,
        "Net Interest Income": NaN,
        "Normalized Income": -11309000.0,
        "Net Income From Continuing And Discontinued Operation": -11284000.0,
        "Total Expenses": 11266000.0,
        "Total Operating Income As Reported": -11266000.0,
        "Diluted Average Shares": 4025489.0,
        "Basic Average Shares": 4025489.0,
        "Diluted EPS": -2.8,
        "Basic EPS": -2.8,
        "Diluted NI Availto Com Stockholders": -11284000.0,
        "Net Income Common Stockholders": -11284000.0,
        "Net Income": -11284000.0,
        "Net Income Including Noncontrolling Interests": -11284000.0,
        "Net Income Continuous Operations": -11284000.0,
        "Pretax Income": -11284000.0,
        "Other Income Expense": -18000.0,
        "Other Non Operating Income Expenses": -43000.0,
        "Gain On Sale Of Security": 25000.0,
        "Net Non Operating Interest Income Expense": NaN,
        "Total Other Finance Cost": NaN,
        "Operating Income": -11266000.0,
        "Operating Expense": 11266000.0,
        "Research And Development": 6604000.0,
        "Selling General And Administration": 4662000.0,
        "General And Administrative Expense": 4662000.0,
        "Other Gand A": 4662000.0,
        "Total Revenue": 0.0,
        "Operating Revenue": 0.0
    },
    "2022-03-31": {
        "Diluted EPS": -3.7,
        "Total Revenue": NaN,
        "Gross Profit": NaN,
        "Operating Income": -15,
        "EBIT": -14,
        "Net Income": -15
    },
    "2021-12-31": {
        "Diluted EPS": -4.4,
        "Total Revenue": NaN,
        "Gross Profit": NaN,
        "Operating Income": -20,
        "EBIT": -20,
        "Net Income": -20
    },
    "2021-09-30": {
        "Diluted EPS": -3.2,
        "Total Revenue": NaN,
        "Gross Profit": NaN,
        "Operating Income": -12,
        "EBIT": -11,
        "Net Income": -13
    },
    "2021-06-30": {
        "Diluted EPS": 1.2,
        "Total Revenue": 18,
        "Gross Profit": 18,
        "Operating Income": 4,
        "EBIT": 4,
        "Net Income": 4
    },
    "2021-03-31": {
        "Diluted EPS": -3.8,
        "Total Revenue": NaN,
        "Gross Profit": NaN,
        "Operating Income": -10,
        "EBIT": -10,
        "Net Income": -10
    },
    "2020-12-31": {
        "Diluted EPS": -5.8,
        "Total Revenue": NaN,
        "Gross Profit": NaN,
        "Operating Income": -11,
        "EBIT": -11,
        "Net Income": -11
    },
    "2020-09-30": {
        "Diluted EPS": -6.7,
        "Total Revenue": NaN,
        "Gross Profit": NaN,
        "Operating Income": -8,
        "EBIT": -8,
        "Net Income": -8
    },
    "2020-06-30": {
        "Diluted EPS": -7.3,
        "Total Revenue": NaN,
        "Gross Profit": NaN,
        "Operating Income": -5,
        "EBIT": -5,
        "Net Income": -5
    },
    "2020-03-31": {
        "Diluted EPS": -4.9,
        "Total Revenue": NaN,
        "Gross Profit": NaN,
        "Operating Income": -6,
        "EBIT": -6,
        "Net Income": -6
    },
    "2019-12-31": {
        "Diluted EPS": 0.0,
        "Total Revenue": NaN,
        "Gross Profit": NaN,
        "Operating Income": NaN,
        "EBIT": NaN,
        "Net Income": NaN
    },
    "2023-06-30": {
        "Tax Effect Of Unusual Items": 0.0,
        "Tax Rate For Calcs": 0.0,
        "Normalized EBITDA": -4399000.0,
        "Total Unusual Items": -40000.0,
        "Total Unusual Items Excluding Goodwill": -40000.0,
        "Net Income From Continuing Operation Net Minority Interest": -3922000.0,
        "Reconciled Depreciation": 0.0,
        "EBITDA": -4439000.0,
        "EBIT": -4439000.0,
        "Net Interest Income": 557000.0,
        "Interest Income": NaN,
        "Normalized Income": -3882000.0,
        "Net Income From Continuing And Discontinued Operation": -3922000.0,
        "Total Expenses": 4439000.0,
        "Total Operating Income As Reported": -4439000.0,
        "Diluted Average Shares": 6207707.0,
        "Basic Average Shares": 6207707.0,
        "Diluted EPS": -0.63,
        "Basic EPS": -0.63,
        "Diluted NI Availto Com Stockholders": -3922000.0,
        "Net Income Common Stockholders": -3922000.0,
        "Net Income": -3922000.0,
        "Net Income Including Noncontrolling Interests": -3922000.0,
        "Net Income Continuous Operations": -3922000.0,
        "Pretax Income": -3922000.0,
        "Other Income Expense": -40000.0,
        "Other Non Operating Income Expenses": NaN,
        "Gain On Sale Of Security": -40000.0,
        "Net Non Operating Interest Income Expense": 557000.0,
        "Total Other Finance Cost": -557000.0,
        "Interest Income Non Operating": NaN,
        "Operating Income": -4439000.0,
        "Operating Expense": 4439000.0,
        "Research And Development": 2463000.0,
        "Selling General And Administration": 1976000.0,
        "General And Administrative Expense": 1976000.0,
        "Other Gand A": 1976000.0,
        "Total Revenue": 0.0,
        "Operating Revenue": 0.0
    },
    "2023-09-30": {
        "Tax Effect Of Unusual Items": 0.0,
        "Tax Rate For Calcs": 0.0,
        "Normalized EBITDA": -5196000.0,
        "Total Unusual Items": -3000.0,
        "Total Unusual Items Excluding Goodwill": -3000.0,
        "Net Income From Continuing Operation Net Minority Interest": -5860000.0,
        "Reconciled Depreciation": 0.0,
        "EBITDA": -5199000.0,
        "EBIT": -5199000.0,
        "Net Interest Income": -658000.0,
        "Interest Income": NaN,
        "Normalized Income": -5857000.0,
        "Net Income From Continuing And Discontinued Operation": -5860000.0,
        "Total Expenses": 5199000.0,
        "Total Operating Income As Reported": -5199000.0,
        "Diluted Average Shares": 6207638.0,
        "Basic Average Shares": 6207638.0,
        "Diluted EPS": -0.94,
        "Basic EPS": -0.94,
        "Diluted NI Availto Com Stockholders": -5860000.0,
        "Net Income Common Stockholders": -5860000.0,
        "Net Income": -5860000.0,
        "Net Income Including Noncontrolling Interests": -5860000.0,
        "Net Income Continuous Operations": -5860000.0,
        "Pretax Income": -5860000.0,
        "Other Income Expense": -3000.0,
        "Other Non Operating Income Expenses": NaN,
        "Gain On Sale Of Security": -3000.0,
        "Net Non Operating Interest Income Expense": -658000.0,
        "Total Other Finance Cost": 658000.0,
        "Interest Income Non Operating": NaN,
        "Operating Income": -5199000.0,
        "Operating Expense": 5199000.0,
        "Research And Development": 3063000.0,
        "Selling General And Administration": 2136000.0,
        "General And Administrative Expense": 2136000.0,
        "Other Gand A": 2136000.0,
        "Total Revenue": 0.0,
        "Operating Revenue": 0.0
    },
    "2023-12-31": {
        "Tax Effect Of Unusual Items": 0.0,
        "Tax Rate For Calcs": 0.0,
        "Normalized EBITDA": -6613000.0,
        "Total Unusual Items": 3000.0,
        "Total Unusual Items Excluding Goodwill": 3000.0,
        "Net Income From Continuing Operation Net Minority Interest": -6119000.0,
        "Reconciled Depreciation": 0.0,
        "EBITDA": -6610000.0,
        "EBIT": -6610000.0,
        "Net Interest Income": 488000.0,
        "Interest Income": NaN,
        "Normalized Income": -6122000.0,
        "Net Income From Continuing And Discontinued Operation": -6119000.0,
        "Total Expenses": 6610000.0,
        "Total Operating Income As Reported": -6610000.0,
        "Diluted Average Shares": NaN,
        "Basic Average Shares": NaN,
        "Diluted EPS": NaN,
        "Basic EPS": NaN,
        "Diluted NI Availto Com Stockholders": -6119000.0,
        "Net Income Common Stockholders": -6119000.0,
        "Net Income": -6119000.0,
        "Net Income Including Noncontrolling Interests": -6119000.0,
        "Net Income Continuous Operations": -6119000.0,
        "Pretax Income": -6119000.0,
        "Other Income Expense": 3000.0,
        "Other Non Operating Income Expenses": NaN,
        "Gain On Sale Of Security": 3000.0,
        "Net Non Operating Interest Income Expense": 488000.0,
        "Total Other Finance Cost": NaN,
        "Interest Income Non Operating": NaN,
        "Operating Income": -6610000.0,
        "Operating Expense": 6610000.0,
        "Research And Development": 3147000.0,
        "Selling General And Administration": 3463000.0,
        "General And Administrative Expense": 3463000.0,
        "Other Gand A": 3463000.0,
        "Total Revenue": 0.0,
        "Operating Revenue": 0.0
    },
    "2024-03-31": {
        "Tax Effect Of Unusual Items": 0.0,
        "Tax Rate For Calcs": 0.0,
        "Normalized EBITDA": -9292000.0,
        "Total Unusual Items": -3000.0,
        "Total Unusual Items Excluding Goodwill": -3000.0,
        "Net Income From Continuing Operation Net Minority Interest": -8897000.0,
        "Reconciled Depreciation": NaN,
        "EBITDA": -9295000.0,
        "EBIT": -9295000.0,
        "Net Interest Income": 401000.0,
        "Interest Income": 401000.0,
        "Normalized Income": -8894000.0,
        "Net Income From Continuing And Discontinued Operation": -8897000.0,
        "Total Expenses": 9295000.0,
        "Total Operating Income As Reported": -9295000.0,
        "Diluted Average Shares": 6207637.0,
        "Basic Average Shares": 6207637.0,
        "Diluted EPS": -1.43,
        "Basic EPS": -1.43,
        "Diluted NI Availto Com Stockholders": -8897000.0,
        "Net Income Common Stockholders": -8897000.0,
        "Net Income": -8897000.0,
        "Net Income Including Noncontrolling Interests": -8897000.0,
        "Net Income Continuous Operations": -8897000.0,
        "Pretax Income": -8897000.0,
        "Other Income Expense": -3000.0,
        "Other Non Operating Income Expenses": NaN,
        "Gain On Sale Of Security": -3000.0,
        "Net Non Operating Interest Income Expense": 401000.0,
        "Total Other Finance Cost": NaN,
        "Interest Income Non Operating": 401000.0,
        "Operating Income": -9295000.0,
        "Operating Expense": 9295000.0,
        "Research And Development": 3151000.0,
        "Selling General And Administration": 6144000.0,
        "General And Administrative Expense": 6144000.0,
        "Other Gand A": 6144000.0,
        "Total Revenue": 0.0,
        "Operating Revenue": 0.0
    }
}