{
    "2023-03-31": {
        "Tax Effect Of Unusual Items": NaN,
        "Tax Rate For Calcs": NaN,
        "Normalized EBITDA": NaN,
        "Total Unusual Items": 0.0,
        "Total Unusual Items Excluding Goodwill": 0.0,
        "Net Income From Continuing Operation Net Minority Interest": NaN,
        "Reconciled Depreciation": NaN,
        "Reconciled Cost Of Revenue": NaN,
        "EBITDA": NaN,
        "EBIT": NaN,
        "Normalized Income": NaN,
        "Net Income From Continuing And Discontinued Operation": NaN,
        "Total Expenses": NaN,
        "Total Operating Income As Reported": NaN,
        "Diluted Average Shares": 27487000.0,
        "Basic Average Shares": 27465000.0,
        "Diluted EPS": 0.89,
        "Basic EPS": 0.89,
        "Diluted NI Availto Com Stockholders": NaN,
        "Net Income Common Stockholders": NaN,
        "Otherunder Preferred Stock Dividend": NaN,
        "Net Income": NaN,
        "Net Income Including Noncontrolling Interests": NaN,
        "Net Income Continuous Operations": NaN,
        "Tax Provision": NaN,
        "Pretax Income": NaN,
        "Other Income Expense": NaN,
        "Other Non Operating Income Expenses": NaN,
        "Special Income Charges": 0.0,
        "Restructuring And Mergern Acquisition": 0.0,
        "Operating Income": NaN,
        "Operating Expense": NaN,
        "Depreciation Amortization Depletion Income Statement": NaN,
        "Depreciation And Amortization In Income Statement": NaN,
        "Amortization": NaN,
        "Amortization Of Intangibles Income Statement": NaN,
        "Selling General And Administration": NaN,
        "General And Administrative Expense": NaN,
        "Other Gand A": NaN,
        "Gross Profit": NaN,
        "Cost Of Revenue": NaN,
        "Total Revenue": NaN,
        "Operating Revenue": NaN
    },
    "2022-12-31": {
        "Tax Effect Of Unusual Items": NaN,
        "Tax Rate For Calcs": NaN,
        "Normalized EBITDA": NaN,
        "Total Unusual Items": 0.0,
        "Total Unusual Items Excluding Goodwill": 0.0,
        "Net Income From Continuing Operation Net Minority Interest": NaN,
        "Reconciled Depreciation": NaN,
        "Reconciled Cost Of Revenue": NaN,
        "EBITDA": NaN,
        "EBIT": NaN,
        "Normalized Income": NaN,
        "Net Income From Continuing And Discontinued Operation": NaN,
        "Total Expenses": NaN,
        "Total Operating Income As Reported": NaN,
        "Diluted Average Shares": 27493000.0,
        "Basic Average Shares": 27471000.0,
        "Diluted EPS": 1.45,
        "Basic EPS": 1.45,
        "Diluted NI Availto Com Stockholders": NaN,
        "Net Income Common Stockholders": NaN,
        "Otherunder Preferred Stock Dividend": NaN,
        "Net Income": NaN,
        "Net Income Including Noncontrolling Interests": NaN,
        "Net Income Continuous Operations": NaN,
        "Tax Provision": NaN,
        "Pretax Income": NaN,
        "Other Income Expense": NaN,
        "Other Non Operating Income Expenses": NaN,
        "Special Income Charges": 0.0,
        "Restructuring And Mergern Acquisition": 0.0,
        "Operating Income": NaN,
        "Operating Expense": NaN,
        "Depreciation Amortization Depletion Income Statement": 628000.0,
        "Depreciation And Amortization In Income Statement": 628000.0,
        "Amortization": 628000.0,
        "Amortization Of Intangibles Income Statement": 628000.0,
        "Selling General And Administration": NaN,
        "General And Administrative Expense": 50147000.0,
        "Other Gand A": 50147000.0,
        "Gross Profit": NaN,
        "Cost Of Revenue": NaN,
        "Total Revenue": NaN,
        "Operating Revenue": NaN
    },
    "2022-09-30": {
        "Tax Effect Of Unusual Items": NaN,
        "Tax Rate For Calcs": NaN,
        "Normalized EBITDA": NaN,
        "Total Unusual Items": NaN,
        "Total Unusual Items Excluding Goodwill": NaN,
        "Net Income From Continuing Operation Net Minority Interest": NaN,
        "Reconciled Depreciation": NaN,
        "Reconciled Cost Of Revenue": NaN,
        "EBITDA": NaN,
        "EBIT": NaN,
        "Normalized Income": NaN,
        "Net Income From Continuing And Discontinued Operation": NaN,
        "Total Expenses": NaN,
        "Total Operating Income As Reported": NaN,
        "Diluted Average Shares": NaN,
        "Basic Average Shares": NaN,
        "Diluted EPS": NaN,
        "Basic EPS": NaN,
        "Diluted NI Availto Com Stockholders": NaN,
        "Net Income Common Stockholders": NaN,
        "Otherunder Preferred Stock Dividend": NaN,
        "Net Income": NaN,
        "Net Income Including Noncontrolling Interests": NaN,
        "Net Income Continuous Operations": NaN,
        "Tax Provision": NaN,
        "Pretax Income": NaN,
        "Other Income Expense": NaN,
        "Other Non Operating Income Expenses": NaN,
        "Special Income Charges": NaN,
        "Restructuring And Mergern Acquisition": NaN,
        "Operating Income": NaN,
        "Operating Expense": NaN,
        "Depreciation Amortization Depletion Income Statement": NaN,
        "Depreciation And Amortization In Income Statement": NaN,
        "Amortization": NaN,
        "Amortization Of Intangibles Income Statement": NaN,
        "Selling General And Administration": NaN,
        "General And Administrative Expense": 49757000.0,
        "Other Gand A": 49757000.0,
        "Gross Profit": NaN,
        "Cost Of Revenue": NaN,
        "Total Revenue": NaN,
        "Operating Revenue": NaN
    },
    "2022-06-30": {
        "Tax Effect Of Unusual Items": -1518325.358006,
        "Tax Rate For Calcs": 0.144204,
        "Normalized EBITDA": 54769000.0,
        "Total Unusual Items": -10529000.0,
        "Total Unusual Items Excluding Goodwill": -10529000.0,
        "Net Income From Continuing Operation Net Minority Interest": 29044000.0,
        "Reconciled Depreciation": 11463000.0,
        "Reconciled Cost Of Revenue": 353995000.0,
        "EBITDA": 44240000.0,
        "EBIT": 44240000.0,
        "Normalized Income": 38054674.641994,
        "Net Income From Continuing And Discontinued Operation": 29044000.0,
        "Total Expenses": 408173000.0,
        "Total Operating Income As Reported": 33711000.0,
        "Diluted Average Shares": 27454000.0,
        "Basic Average Shares": 27448000.0,
        "Diluted EPS": 1.06,
        "Basic EPS": 1.06,
        "Diluted NI Availto Com Stockholders": 29044000.0,
        "Net Income Common Stockholders": 29044000.0,
        "Otherunder Preferred Stock Dividend": 56000.0,
        "Net Income": 29044000.0,
        "Net Income Including Noncontrolling Interests": 29044000.0,
        "Net Income Continuous Operations": 29044000.0,
        "Tax Provision": 4894000.0,
        "Pretax Income": 33938000.0,
        "Other Income Expense": -10302000.0,
        "Other Non Operating Income Expenses": 227000.0,
        "Special Income Charges": -10529000.0,
        "Restructuring And Mergern Acquisition": 10529000.0,
        "Operating Income": 44240000.0,
        "Operating Expense": 54178000.0,
        "Selling General And Administration": 54178000.0,
        "General And Administrative Expense": NaN,
        "Other Gand A": NaN,
        "Gross Profit": 98418000.0,
        "Cost Of Revenue": 353995000.0,
        "Total Revenue": 452413000.0,
        "Operating Revenue": 452413000.0
    },
    "2022-03-31": {
        "Diluted EPS": -0.17,
        "Total Revenue": 403,
        "Gross Profit": 68,
        "Operating Income": -8,
        "EBIT": 4,
        "Net Income": -5
    },
    "2021-12-31": {
        "Diluted EPS": 1.25,
        "Total Revenue": 428,
        "Gross Profit": 97,
        "Operating Income": 45,
        "EBIT": 57,
        "Net Income": 34
    },
    "2021-09-30": {
        "Diluted EPS": 1.11,
        "Total Revenue": 392,
        "Gross Profit": 92,
        "Operating Income": 41,
        "EBIT": 52,
        "Net Income": 31
    },
    "2021-06-30": {
        "Diluted EPS": 1.14,
        "Total Revenue": 386,
        "Gross Profit": 97,
        "Operating Income": 41,
        "EBIT": 53,
        "Net Income": 32
    },
    "2021-03-31": {
        "Diluted EPS": 1.05,
        "Total Revenue": 357,
        "Gross Profit": 91,
        "Operating Income": 37,
        "EBIT": 49,
        "Net Income": 29
    },
    "2020-12-31": {
        "Diluted EPS": 1.62,
        "Total Revenue": 375,
        "Gross Profit": 107,
        "Operating Income": 59,
        "EBIT": 69,
        "Net Income": 45
    },
    "2020-09-30": {
        "Diluted EPS": 1.35,
        "Total Revenue": 349,
        "Gross Profit": 93,
        "Operating Income": 49,
        "EBIT": 59,
        "Net Income": 37
    },
    "2020-06-30": {
        "Diluted EPS": 1.1,
        "Total Revenue": 321,
        "Gross Profit": 89,
        "Operating Income": 40,
        "EBIT": 50,
        "Net Income": 31
    },
    "2020-03-31": {
        "Diluted EPS": 0.81,
        "Total Revenue": 321,
        "Gross Profit": 77,
        "Operating Income": 30,
        "EBIT": 40,
        "Net Income": 22
    },
    "2019-12-31": {
        "Diluted EPS": 1.58,
        "Total Revenue": 355,
        "Gross Profit": 100,
        "Operating Income": 54,
        "EBIT": 63,
        "Net Income": 43
    },
    "2019-09-30": {
        "Diluted EPS": 1.48,
        "Total Revenue": 337,
        "Gross Profit": 92,
        "Operating Income": 52,
        "EBIT": 60,
        "Net Income": 41
    },
    "2019-06-30": {
        "Diluted EPS": 1.2,
        "Total Revenue": 324,
        "Gross Profit": 78,
        "Operating Income": 43,
        "EBIT": 52,
        "Net Income": 33
    },
    "2019-03-31": {
        "Diluted EPS": 1.11,
        "Total Revenue": 318,
        "Gross Profit": 75,
        "Operating Income": 37,
        "EBIT": 46,
        "Net Income": 31
    },
    "2018-12-31": {
        "Diluted EPS": 1.73,
        "Total Revenue": 350,
        "Gross Profit": 91,
        "Operating Income": 61,
        "EBIT": 69,
        "Net Income": 48
    },
    "2018-09-30": {
        "Diluted EPS": 1.42,
        "Total Revenue": 317,
        "Gross Profit": 81,
        "Operating Income": 49,
        "EBIT": 56,
        "Net Income": 39
    },
    "2018-06-30": {
        "Diluted EPS": 1.18,
        "Total Revenue": 308,
        "Gross Profit": 76,
        "Operating Income": 43,
        "EBIT": 50,
        "Net Income": 33
    },
    "2018-03-31": {
        "Diluted EPS": 1.0,
        "Total Revenue": 296,
        "Gross Profit": 68,
        "Operating Income": 38,
        "EBIT": 44,
        "Net Income": 28
    },
    "2017-12-31": {
        "Diluted EPS": 1.67,
        "Total Revenue": 320,
        "Gross Profit": 84,
        "Operating Income": 47,
        "EBIT": 54,
        "Net Income": 46
    },
    "2017-09-30": {
        "Diluted EPS": 1.07,
        "Total Revenue": 299,
        "Gross Profit": 75,
        "Operating Income": 44,
        "EBIT": 51,
        "Net Income": 29
    },
    "2017-06-30": {
        "Diluted EPS": 1.03,
        "Total Revenue": 290,
        "Gross Profit": 73,
        "Operating Income": 42,
        "EBIT": 49,
        "Net Income": 29
    },
    "2017-03-31": {
        "Diluted EPS": 0.53,
        "Total Revenue": 294,
        "Gross Profit": 72,
        "Operating Income": 22,
        "EBIT": 28,
        "Net Income": 14
    },
    "2016-12-31": {
        "Diluted EPS": 1.42,
        "Total Revenue": 327,
        "Gross Profit": 94,
        "Operating Income": 59,
        "EBIT": 65,
        "Net Income": 39
    },
    "2016-09-30": {
        "Diluted EPS": 1.22,
        "Total Revenue": 291,
        "Gross Profit": 81,
        "Operating Income": 51,
        "EBIT": 57,
        "Net Income": 33
    },
    "2016-06-30": {
        "Diluted EPS": 1.12,
        "Total Revenue": 284,
        "Gross Profit": 75,
        "Operating Income": 47,
        "EBIT": 53,
        "Net Income": 31
    },
    "2016-03-31": {
        "Diluted EPS": 1.06,
        "Total Revenue": 288,
        "Gross Profit": 73,
        "Operating Income": 44,
        "EBIT": 50,
        "Net Income": 29
    },
    "2015-12-31": {
        "Diluted EPS": 1.25,
        "Total Revenue": 325,
        "Gross Profit": 84,
        "Operating Income": 52,
        "EBIT": 58,
        "Net Income": 34
    },
    "2015-09-30": {
        "Diluted EPS": 1.01,
        "Total Revenue": 294,
        "Gross Profit": 68,
        "Operating Income": 42,
        "EBIT": 48,
        "Net Income": 28
    },
    "2015-06-30": {
        "Diluted EPS": 0.94,
        "Total Revenue": 278,
        "Gross Profit": 65,
        "Operating Income": 39,
        "EBIT": 45,
        "Net Income": 26
    },
    "2015-03-31": {
        "Diluted EPS": 0.75,
        "Total Revenue": 263,
        "Gross Profit": 57,
        "Operating Income": 31,
        "EBIT": 36,
        "Net Income": 20
    },
    "2014-12-31": {
        "Diluted EPS": 1.2,
        "Total Revenue": 303,
        "Gross Profit": 79,
        "Operating Income": 50,
        "EBIT": 55,
        "Net Income": 33
    },
    "2014-09-30": {
        "Diluted EPS": 0.83,
        "Total Revenue": 260,
        "Gross Profit": 57,
        "Operating Income": 35,
        "EBIT": 39,
        "Net Income": 23
    },
    "2014-06-30": {
        "Diluted EPS": 0.77,
        "Total Revenue": 259,
        "Gross Profit": 58,
        "Operating Income": 32,
        "EBIT": 37,
        "Net Income": 21
    },
    "2014-03-31": {
        "Diluted EPS": -0.38,
        "Total Revenue": 242,
        "Gross Profit": 52,
        "Operating Income": 29,
        "EBIT": 34,
        "Net Income": -10
    },
    "2013-12-31": {
        "Diluted EPS": 1.44,
        "Total Revenue": 292,
        "Gross Profit": 82,
        "Operating Income": 56,
        "EBIT": 62,
        "Net Income": 39
    },
    "2013-09-30": {
        "Diluted EPS": 0.91,
        "Total Revenue": 248,
        "Gross Profit": 57,
        "Operating Income": 36,
        "EBIT": 42,
        "Net Income": 25
    },
    "2013-06-30": {
        "Diluted EPS": 0.93,
        "Total Revenue": 150,
        "Gross Profit": 44,
        "Operating Income": 30,
        "EBIT": 35,
        "Net Income": 26
    },
    "2013-03-31": {
        "Diluted EPS": 0.8,
        "Total Revenue": 247,
        "Gross Profit": 54,
        "Operating Income": 31,
        "EBIT": 36,
        "Net Income": 22
    },
    "2012-12-31": {
        "Diluted EPS": 1.28,
        "Total Revenue": 326,
        "Gross Profit": 82,
        "Operating Income": 53,
        "EBIT": 58,
        "Net Income": 35
    },
    "2012-09-30": {
        "Diluted EPS": 0.98,
        "Total Revenue": 291,
        "Gross Profit": 66,
        "Operating Income": 41,
        "EBIT": 46,
        "Net Income": 27
    },
    "2012-06-30": {
        "Diluted EPS": 0.95,
        "Total Revenue": 132,
        "Gross Profit": 44,
        "Operating Income": 37,
        "EBIT": 42,
        "Net Income": 26
    },
    "2012-03-31": {
        "Diluted EPS": 0.67,
        "Total Revenue": 271,
        "Gross Profit": 54,
        "Operating Income": 28,
        "EBIT": 33,
        "Net Income": 18
    },
    "2011-12-31": {
        "Diluted EPS": 1.11,
        "Total Revenue": 312,
        "Gross Profit": 70,
        "Operating Income": 44,
        "EBIT": 49,
        "Net Income": 30
    },
    "2011-09-30": {
        "Diluted EPS": 0.78,
        "Total Revenue": 275,
        "Gross Profit": 55,
        "Operating Income": 33,
        "EBIT": 38,
        "Net Income": 21
    },
    "2011-06-30": {
        "Diluted EPS": 1.07,
        "Total Revenue": 256,
        "Gross Profit": 54,
        "Operating Income": 31,
        "EBIT": 35,
        "Net Income": 29
    },
    "2011-03-31": {
        "Diluted EPS": 0.71,
        "Total Revenue": 253,
        "Gross Profit": 53,
        "Operating Income": 29,
        "EBIT": 34,
        "Net Income": 19
    },
    "2010-12-31": {
        "Diluted EPS": 1.25,
        "Total Revenue": 316,
        "Gross Profit": 78,
        "Operating Income": 52,
        "EBIT": 57,
        "Net Income": 35
    },
    "2010-09-30": {
        "Diluted EPS": 0.81,
        "Total Revenue": 265,
        "Gross Profit": 58,
        "Operating Income": 35,
        "EBIT": 40,
        "Net Income": 23
    },
    "2010-06-30": {
        "Diluted EPS": 0.8,
        "Total Revenue": 248,
        "Gross Profit": 60,
        "Operating Income": 35,
        "EBIT": 40,
        "Net Income": 23
    },
    "2010-03-31": {
        "Diluted EPS": 0.86,
        "Total Revenue": 250,
        "Gross Profit": 62,
        "Operating Income": 38,
        "EBIT": 42,
        "Net Income": 24
    },
    "2009-12-31": {
        "Diluted EPS": 1.4,
        "Total Revenue": 304,
        "Gross Profit": 85,
        "Operating Income": 59,
        "EBIT": 65,
        "Net Income": 40
    },
    "2009-09-30": {
        "Diluted EPS": 1.01,
        "Total Revenue": 254,
        "Gross Profit": 64,
        "Operating Income": 42,
        "EBIT": 48,
        "Net Income": 28
    },
    "2009-06-30": {
        "Diluted EPS": 1.0,
        "Total Revenue": 253,
        "Gross Profit": 65,
        "Operating Income": 43,
        "EBIT": 49,
        "Net Income": 28
    },
    "2009-03-31": {
        "Diluted EPS": 0.76,
        "Total Revenue": 246,
        "Gross Profit": 53,
        "Operating Income": 32,
        "EBIT": 38,
        "Net Income": 21
    },
    "2023-06-30": {
        "Tax Effect Of Unusual Items": NaN,
        "Tax Rate For Calcs": NaN,
        "Normalized EBITDA": NaN,
        "Total Unusual Items": -24969000.0,
        "Total Unusual Items Excluding Goodwill": -24969000.0,
        "Net Income From Continuing Operation Net Minority Interest": NaN,
        "Reconciled Depreciation": NaN,
        "Reconciled Cost Of Revenue": NaN,
        "EBITDA": NaN,
        "EBIT": NaN,
        "Normalized Income": NaN,
        "Net Income From Continuing And Discontinued Operation": NaN,
        "Total Expenses": NaN,
        "Total Operating Income As Reported": NaN,
        "Diluted Average Shares": NaN,
        "Basic Average Shares": NaN,
        "Diluted EPS": NaN,
        "Basic EPS": NaN,
        "Diluted NI Availto Com Stockholders": NaN,
        "Net Income Common Stockholders": NaN,
        "Otherunder Preferred Stock Dividend": NaN,
        "Net Income": NaN,
        "Net Income Including Noncontrolling Interests": NaN,
        "Net Income Continuous Operations": NaN,
        "Tax Provision": NaN,
        "Pretax Income": NaN,
        "Other Income Expense": NaN,
        "Other Non Operating Income Expenses": NaN,
        "Special Income Charges": -24969000.0,
        "Restructuring And Mergern Acquisition": 24969000.0,
        "Operating Income": NaN,
        "Operating Expense": NaN,
        "Depreciation Amortization Depletion Income Statement": NaN,
        "Depreciation And Amortization In Income Statement": NaN,
        "Amortization": NaN,
        "Amortization Of Intangibles Income Statement": NaN,
        "Selling General And Administration": NaN,
        "General And Administrative Expense": NaN,
        "Other Gand A": NaN,
        "Gross Profit": NaN,
        "Cost Of Revenue": NaN,
        "Total Revenue": NaN,
        "Operating Revenue": NaN
    },
    "2023-09-30": {
        "Tax Effect Of Unusual Items": NaN,
        "Tax Rate For Calcs": NaN,
        "Normalized EBITDA": NaN,
        "Total Unusual Items": NaN,
        "Total Unusual Items Excluding Goodwill": NaN,
        "Net Income From Continuing Operation Net Minority Interest": NaN,
        "Reconciled Depreciation": NaN,
        "Reconciled Cost Of Revenue": NaN,
        "EBITDA": NaN,
        "EBIT": NaN,
        "Normalized Income": NaN,
        "Net Income From Continuing And Discontinued Operation": NaN,
        "Total Expenses": NaN,
        "Total Operating Income As Reported": NaN,
        "Diluted Average Shares": 27473000.0,
        "Basic Average Shares": 27449000.0,
        "Diluted EPS": 1.59,
        "Basic EPS": 1.6,
        "Diluted NI Availto Com Stockholders": NaN,
        "Net Income Common Stockholders": NaN,
        "Otherunder Preferred Stock Dividend": NaN,
        "Net Income": NaN,
        "Net Income Including Noncontrolling Interests": NaN,
        "Net Income Continuous Operations": NaN,
        "Tax Provision": NaN,
        "Pretax Income": NaN,
        "Other Income Expense": NaN,
        "Other Non Operating Income Expenses": NaN,
        "Special Income Charges": NaN,
        "Restructuring And Mergern Acquisition": NaN,
        "Operating Income": NaN,
        "Operating Expense": NaN,
        "Depreciation Amortization Depletion Income Statement": NaN,
        "Depreciation And Amortization In Income Statement": NaN,
        "Amortization": NaN,
        "Amortization Of Intangibles Income Statement": NaN,
        "Selling General And Administration": NaN,
        "General And Administrative Expense": 51947000.0,
        "Other Gand A": 51947000.0,
        "Gross Profit": NaN,
        "Cost Of Revenue": NaN,
        "Total Revenue": NaN,
        "Operating Revenue": NaN
    },
    "2023-12-31": {
        "Tax Effect Of Unusual Items": NaN,
        "Tax Rate For Calcs": NaN,
        "Normalized EBITDA": NaN,
        "Total Unusual Items": NaN,
        "Total Unusual Items Excluding Goodwill": NaN,
        "Net Income From Continuing Operation Net Minority Interest": NaN,
        "Reconciled Depreciation": NaN,
        "Reconciled Cost Of Revenue": NaN,
        "EBITDA": NaN,
        "EBIT": NaN,
        "Normalized Income": NaN,
        "Net Income From Continuing And Discontinued Operation": NaN,
        "Total Expenses": NaN,
        "Total Operating Income As Reported": NaN,
        "Diluted Average Shares": 27440000.0,
        "Basic Average Shares": 27425000.0,
        "Diluted EPS": 1.87,
        "Basic EPS": 1.87,
        "Diluted NI Availto Com Stockholders": NaN,
        "Net Income Common Stockholders": NaN,
        "Otherunder Preferred Stock Dividend": NaN,
        "Net Income": NaN,
        "Net Income Including Noncontrolling Interests": NaN,
        "Net Income Continuous Operations": NaN,
        "Tax Provision": NaN,
        "Pretax Income": NaN,
        "Other Income Expense": NaN,
        "Other Non Operating Income Expenses": NaN,
        "Special Income Charges": NaN,
        "Restructuring And Mergern Acquisition": NaN,
        "Operating Income": NaN,
        "Operating Expense": NaN,
        "Depreciation Amortization Depletion Income Statement": 132000.0,
        "Depreciation And Amortization In Income Statement": 132000.0,
        "Amortization": 132000.0,
        "Amortization Of Intangibles Income Statement": 132000.0,
        "Selling General And Administration": NaN,
        "General And Administrative Expense": 55582000.0,
        "Other Gand A": 55582000.0,
        "Gross Profit": NaN,
        "Cost Of Revenue": NaN,
        "Total Revenue": NaN,
        "Operating Revenue": NaN
    },
    "2024-03-31": {
        "Tax Effect Of Unusual Items": -2815784.0,
        "Tax Rate For Calcs": 0.232,
        "Normalized EBITDA": 73789000.0,
        "Total Unusual Items": -12137000.0,
        "Total Unusual Items Excluding Goodwill": -12137000.0,
        "Net Income From Continuing Operation Net Minority Interest": 28350000.0,
        "Reconciled Depreciation": 14369000.0,
        "Reconciled Cost Of Revenue": 366952000.0,
        "EBITDA": 61652000.0,
        "EBIT": 47283000.0,
        "Normalized Income": 37671216.0,
        "Net Income From Continuing And Discontinued Operation": 28350000.0,
        "Total Expenses": 424163000.0,
        "Total Operating Income As Reported": 35146000.0,
        "Diluted Average Shares": 27451000.0,
        "Basic Average Shares": 27436000.0,
        "Diluted EPS": 1.03,
        "Basic EPS": 1.03,
        "Diluted NI Availto Com Stockholders": 28285000.0,
        "Net Income Common Stockholders": 28285000.0,
        "Otherunder Preferred Stock Dividend": 65000.0,
        "Net Income": 28350000.0,
        "Net Income Including Noncontrolling Interests": 28350000.0,
        "Net Income Continuous Operations": 28350000.0,
        "Tax Provision": 8544000.0,
        "Pretax Income": 36894000.0,
        "Other Income Expense": -10389000.0,
        "Other Non Operating Income Expenses": 1748000.0,
        "Special Income Charges": -12137000.0,
        "Restructuring And Mergern Acquisition": 12137000.0,
        "Operating Income": 47283000.0,
        "Operating Expense": 57211000.0,
        "Depreciation Amortization Depletion Income Statement": NaN,
        "Depreciation And Amortization In Income Statement": NaN,
        "Amortization": NaN,
        "Amortization Of Intangibles Income Statement": NaN,
        "Selling General And Administration": 57211000.0,
        "General And Administrative Expense": NaN,
        "Other Gand A": NaN,
        "Gross Profit": 104494000.0,
        "Cost Of Revenue": 366952000.0,
        "Total Revenue": 471446000.0,
        "Operating Revenue": 471446000.0
    },
    "2024-06-30": {
        "Tax Effect Of Unusual Items": -561144.350605,
        "Tax Rate For Calcs": 0.205022,
        "Normalized EBITDA": 61164000.0,
        "Total Unusual Items": -2737000.0,
        "Total Unusual Items Excluding Goodwill": -2737000.0,
        "Net Income From Continuing Operation Net Minority Interest": 34828000.0,
        "Reconciled Depreciation": 14002000.0,
        "Reconciled Cost Of Revenue": 355207000.0,
        "EBITDA": 58427000.0,
        "EBIT": 44425000.0,
        "Normalized Income": 37003855.649395,
        "Net Income From Continuing And Discontinued Operation": 34828000.0,
        "Total Expenses": 408400000.0,
        "Total Operating Income As Reported": 41688000.0,
        "Diluted Average Shares": NaN,
        "Basic Average Shares": NaN,
        "Diluted EPS": NaN,
        "Basic EPS": NaN,
        "Diluted NI Availto Com Stockholders": 34748000.0,
        "Net Income Common Stockholders": 34748000.0,
        "Otherunder Preferred Stock Dividend": 80000.0,
        "Net Income": 34828000.0,
        "Net Income Including Noncontrolling Interests": 34828000.0,
        "Net Income Continuous Operations": 34828000.0,
        "Tax Provision": 8982000.0,
        "Pretax Income": 43810000.0,
        "Other Income Expense": -615000.0,
        "Other Non Operating Income Expenses": 2122000.0,
        "Special Income Charges": -2737000.0,
        "Restructuring And Mergern Acquisition": 2737000.0,
        "Operating Income": 44425000.0,
        "Operating Expense": 53193000.0,
        "Depreciation Amortization Depletion Income Statement": NaN,
        "Depreciation And Amortization In Income Statement": NaN,
        "Amortization": NaN,
        "Amortization Of Intangibles Income Statement": NaN,
        "Selling General And Administration": 53193000.0,
        "General And Administrative Expense": NaN,
        "Other Gand A": NaN,
        "Gross Profit": 97618000.0,
        "Cost Of Revenue": 355207000.0,
        "Total Revenue": 452825000.0,
        "Operating Revenue": 452825000.0
    },
    "2024-09-30": {
        "Tax Effect Of Unusual Items": 0.0,
        "Tax Rate For Calcs": 0.228,
        "Normalized EBITDA": 70221000.0,
        "Total Unusual Items": NaN,
        "Total Unusual Items Excluding Goodwill": NaN,
        "Net Income From Continuing Operation Net Minority Interest": 44701000.0,
        "Reconciled Depreciation": 14357000.0,
        "Reconciled Cost Of Revenue": 355734000.0,
        "EBITDA": 70221000.0,
        "EBIT": 55864000.0,
        "Normalized Income": 44701000.0,
        "Net Income From Continuing And Discontinued Operation": 44701000.0,
        "Total Expenses": 410694000.0,
        "Total Operating Income As Reported": 55864000.0,
        "Diluted Average Shares": 27478000.0,
        "Basic Average Shares": 27457000.0,
        "Diluted EPS": 1.62,
        "Basic EPS": 1.62,
        "Diluted NI Availto Com Stockholders": 44577000.0,
        "Net Income Common Stockholders": 44577000.0,
        "Otherunder Preferred Stock Dividend": 124000.0,
        "Net Income": 44701000.0,
        "Net Income Including Noncontrolling Interests": 44701000.0,
        "Net Income Continuous Operations": 44701000.0,
        "Tax Provision": 13182000.0,
        "Pretax Income": 57883000.0,
        "Other Income Expense": 2019000.0,
        "Other Non Operating Income Expenses": 2019000.0,
        "Special Income Charges": NaN,
        "Restructuring And Mergern Acquisition": NaN,
        "Operating Income": 55864000.0,
        "Operating Expense": 54960000.0,
        "Depreciation Amortization Depletion Income Statement": NaN,
        "Depreciation And Amortization In Income Statement": NaN,
        "Amortization": NaN,
        "Amortization Of Intangibles Income Statement": NaN,
        "Selling General And Administration": 54960000.0,
        "General And Administrative Expense": NaN,
        "Other Gand A": NaN,
        "Gross Profit": 110824000.0,
        "Cost Of Revenue": 355734000.0,
        "Total Revenue": 466558000.0,
        "Operating Revenue": 466558000.0
    },
    "2024-12-31": {
        "Tax Effect Of Unusual Items": 0.0,
        "Tax Rate For Calcs": 0.225,
        "Normalized EBITDA": 90710000.0,
        "Total Unusual Items": NaN,
        "Total Unusual Items Excluding Goodwill": NaN,
        "Net Income From Continuing Operation Net Minority Interest": 48993000.0,
        "Reconciled Depreciation": 15049000.0,
        "Reconciled Cost Of Revenue": 376533000.0,
        "EBITDA": 90710000.0,
        "EBIT": 75661000.0,
        "Normalized Income": 48993000.0,
        "Net Income From Continuing And Discontinued Operation": 48993000.0,
        "Total Expenses": 433640000.0,
        "Total Operating Income As Reported": 75661000.0,
        "Diluted Average Shares": 27495000.0,
        "Basic Average Shares": 27480000.0,
        "Diluted EPS": 1.78,
        "Basic EPS": 1.78,
        "Diluted NI Availto Com Stockholders": 48857000.0,
        "Net Income Common Stockholders": 48857000.0,
        "Otherunder Preferred Stock Dividend": 136000.0,
        "Net Income": 48993000.0,
        "Net Income Including Noncontrolling Interests": 48993000.0,
        "Net Income Continuous Operations": 48993000.0,
        "Tax Provision": 14241000.0,
        "Pretax Income": 63234000.0,
        "Other Income Expense": -12427000.0,
        "Other Non Operating Income Expenses": -12427000.0,
        "Special Income Charges": NaN,
        "Restructuring And Mergern Acquisition": NaN,
        "Operating Income": 75661000.0,
        "Operating Expense": 57107000.0,
        "Depreciation Amortization Depletion Income Statement": NaN,
        "Depreciation And Amortization In Income Statement": NaN,
        "Amortization": NaN,
        "Amortization Of Intangibles Income Statement": NaN,
        "Selling General And Administration": 57107000.0,
        "General And Administrative Expense": NaN,
        "Other Gand A": NaN,
        "Gross Profit": 132768000.0,
        "Cost Of Revenue": 376533000.0,
        "Total Revenue": 509301000.0,
        "Operating Revenue": 509301000.0
    },
    "2025-03-31": {
        "Tax Effect Of Unusual Items": 0.0,
        "Tax Rate For Calcs": 0.206667,
        "Normalized EBITDA": 65527000.0,
        "Total Unusual Items": 0.0,
        "Total Unusual Items Excluding Goodwill": 0.0,
        "Net Income From Continuing Operation Net Minority Interest": 41124000.0,
        "Reconciled Depreciation": 15650000.0,
        "Reconciled Cost Of Revenue": 351874000.0,
        "EBITDA": 65527000.0,
        "EBIT": 49877000.0,
        "Normalized Income": 41124000.0,
        "Net Income From Continuing And Discontinued Operation": 41124000.0,
        "Total Expenses": 407959000.0,
        "Total Operating Income As Reported": 49877000.0,
        "Diluted Average Shares": NaN,
        "Basic Average Shares": NaN,
        "Diluted EPS": NaN,
        "Basic EPS": NaN,
        "Diluted NI Availto Com Stockholders": 41015000.0,
        "Net Income Common Stockholders": 41015000.0,
        "Otherunder Preferred Stock Dividend": 109000.0,
        "Net Income": 41124000.0,
        "Net Income Including Noncontrolling Interests": 41124000.0,
        "Net Income Continuous Operations": 41124000.0,
        "Tax Provision": 10713000.0,
        "Pretax Income": 51837000.0,
        "Other Income Expense": 1960000.0,
        "Other Non Operating Income Expenses": 1960000.0,
        "Special Income Charges": 0.0,
        "Restructuring And Mergern Acquisition": 0.0,
        "Operating Income": 49877000.0,
        "Operating Expense": 56085000.0,
        "Depreciation Amortization Depletion Income Statement": NaN,
        "Depreciation And Amortization In Income Statement": NaN,
        "Amortization": NaN,
        "Amortization Of Intangibles Income Statement": NaN,
        "Selling General And Administration": 56085000.0,
        "General And Administrative Expense": NaN,
        "Other Gand A": NaN,
        "Gross Profit": 105962000.0,
        "Cost Of Revenue": 351874000.0,
        "Total Revenue": 457836000.0,
        "Operating Revenue": 457836000.0
    }
}