{
    "2023-03-31": {
        "Tax Effect Of Unusual Items": NaN,
        "Tax Rate For Calcs": NaN,
        "Total Unusual Items": NaN,
        "Total Unusual Items Excluding Goodwill": NaN,
        "Net Income From Continuing Operation Net Minority Interest": NaN,
        "Reconciled Depreciation": NaN,
        "Net Interest Income": NaN,
        "Interest Expense": NaN,
        "Interest Income": NaN,
        "Normalized Income": NaN,
        "Net Income From Continuing And Discontinued Operation": NaN,
        "Diluted Average Shares": NaN,
        "Basic Average Shares": NaN,
        "Diluted EPS": NaN,
        "Basic EPS": NaN,
        "Diluted NI Availto Com Stockholders": NaN,
        "Net Income Common Stockholders": NaN,
        "Net Income": NaN,
        "Net Income Including Noncontrolling Interests": NaN,
        "Net Income Continuous Operations": NaN,
        "Tax Provision": NaN,
        "Pretax Income": NaN,
        "Special Income Charges": NaN,
        "Restructuring And Mergern Acquisition": NaN,
        "Gain On Sale Of Security": NaN,
        "Depreciation Amortization Depletion Income Statement": NaN,
        "Depreciation And Amortization In Income Statement": NaN,
        "Amortization": NaN,
        "Amortization Of Intangibles Income Statement": NaN,
        "Selling General And Administration": NaN,
        "General And Administrative Expense": NaN,
        "Other Gand A": 589000.0,
        "Salaries And Wages": NaN,
        "Total Revenue": NaN,
        "Operating Revenue": NaN,
        "Occupancy And Equipment": NaN,
        "Professional Expense And Contract Services Expense": NaN,
        "Other Non Interest Expense": NaN
    },
    "2022-12-31": {
        "Tax Effect Of Unusual Items": NaN,
        "Tax Rate For Calcs": NaN,
        "Total Unusual Items": -3043000.0,
        "Total Unusual Items Excluding Goodwill": -3043000.0,
        "Net Income From Continuing Operation Net Minority Interest": NaN,
        "Reconciled Depreciation": NaN,
        "Net Interest Income": NaN,
        "Interest Expense": NaN,
        "Interest Income": NaN,
        "Normalized Income": NaN,
        "Net Income From Continuing And Discontinued Operation": NaN,
        "Diluted Average Shares": NaN,
        "Basic Average Shares": NaN,
        "Diluted EPS": NaN,
        "Basic EPS": NaN,
        "Diluted NI Availto Com Stockholders": NaN,
        "Net Income Common Stockholders": NaN,
        "Net Income": NaN,
        "Net Income Including Noncontrolling Interests": NaN,
        "Net Income Continuous Operations": NaN,
        "Tax Provision": NaN,
        "Pretax Income": NaN,
        "Special Income Charges": -3043000.0,
        "Restructuring And Mergern Acquisition": 3043000.0,
        "Gain On Sale Of Security": -750000.0,
        "Depreciation Amortization Depletion Income Statement": NaN,
        "Depreciation And Amortization In Income Statement": NaN,
        "Amortization": NaN,
        "Amortization Of Intangibles Income Statement": NaN,
        "Selling General And Administration": NaN,
        "General And Administrative Expense": NaN,
        "Other Gand A": NaN,
        "Salaries And Wages": NaN,
        "Total Revenue": NaN,
        "Operating Revenue": NaN,
        "Occupancy And Equipment": NaN,
        "Professional Expense And Contract Services Expense": NaN,
        "Other Non Interest Expense": NaN
    },
    "2022-09-30": {
        "Tax Effect Of Unusual Items": NaN,
        "Tax Rate For Calcs": NaN,
        "Total Unusual Items": -134000.0,
        "Total Unusual Items Excluding Goodwill": -134000.0,
        "Net Income From Continuing Operation Net Minority Interest": NaN,
        "Reconciled Depreciation": NaN,
        "Net Interest Income": NaN,
        "Interest Expense": NaN,
        "Interest Income": NaN,
        "Normalized Income": NaN,
        "Net Income From Continuing And Discontinued Operation": NaN,
        "Diluted Average Shares": NaN,
        "Basic Average Shares": NaN,
        "Diluted EPS": NaN,
        "Basic EPS": NaN,
        "Diluted NI Availto Com Stockholders": NaN,
        "Net Income Common Stockholders": NaN,
        "Net Income": NaN,
        "Net Income Including Noncontrolling Interests": NaN,
        "Net Income Continuous Operations": NaN,
        "Tax Provision": NaN,
        "Pretax Income": NaN,
        "Special Income Charges": -134000.0,
        "Restructuring And Mergern Acquisition": 134000.0,
        "Gain On Sale Of Security": -353000.0,
        "Depreciation Amortization Depletion Income Statement": NaN,
        "Depreciation And Amortization In Income Statement": NaN,
        "Amortization": NaN,
        "Amortization Of Intangibles Income Statement": NaN,
        "Selling General And Administration": NaN,
        "General And Administrative Expense": NaN,
        "Other Gand A": 383000.0,
        "Salaries And Wages": NaN,
        "Total Revenue": NaN,
        "Operating Revenue": NaN
    },
    "2022-06-30": {
        "Tax Effect Of Unusual Items": -38454.0,
        "Tax Rate For Calcs": 0.174,
        "Total Unusual Items": -221000.0,
        "Total Unusual Items Excluding Goodwill": -221000.0,
        "Net Income From Continuing Operation Net Minority Interest": 3033000.0,
        "Reconciled Depreciation": 335000.0,
        "Net Interest Income": 8898000.0,
        "Interest Expense": 531000.0,
        "Interest Income": 9429000.0,
        "Normalized Income": 3215546.0,
        "Net Income From Continuing And Discontinued Operation": 3033000.0,
        "Diluted Average Shares": 5252546.0,
        "Basic Average Shares": 5237837.0,
        "Diluted EPS": 0.58,
        "Basic EPS": 0.58,
        "Diluted NI Availto Com Stockholders": 3033000.0,
        "Net Income Common Stockholders": 3033000.0,
        "Net Income": 3033000.0,
        "Net Income Including Noncontrolling Interests": 3033000.0,
        "Net Income Continuous Operations": 3033000.0,
        "Tax Provision": 639000.0,
        "Pretax Income": 3672000.0,
        "Special Income Charges": -221000.0,
        "Restructuring And Mergern Acquisition": 221000.0,
        "Gain On Sale Of Security": 0.0,
        "Depreciation Amortization Depletion Income Statement": 335000.0,
        "Depreciation And Amortization In Income Statement": 335000.0,
        "Amortization": 335000.0,
        "Amortization Of Intangibles Income Statement": 335000.0,
        "Selling General And Administration": 5315000.0,
        "General And Administrative Expense": 5315000.0,
        "Other Gand A": 362000.0,
        "Salaries And Wages": 4953000.0,
        "Total Revenue": 12694000.0,
        "Operating Revenue": 12694000.0
    },
    "2022-03-31": {
        "Diluted EPS": 0.59,
        "Total Revenue": 13,
        "Gross Profit": 12,
        "Operating Income": 4,
        "EBIT": NaN,
        "Net Income": 3
    },
    "2021-12-31": {
        "Diluted EPS": 0.59,
        "Total Revenue": 14,
        "Gross Profit": 14,
        "Operating Income": 4,
        "EBIT": NaN,
        "Net Income": 3
    },
    "2021-09-30": {
        "Diluted EPS": 0.86,
        "Total Revenue": 15,
        "Gross Profit": 15,
        "Operating Income": 6,
        "EBIT": NaN,
        "Net Income": 5
    },
    "2021-06-30": {
        "Diluted EPS": 0.94,
        "Total Revenue": 16,
        "Gross Profit": 15,
        "Operating Income": 6,
        "EBIT": NaN,
        "Net Income": 5
    },
    "2021-03-31": {
        "Diluted EPS": 1.03,
        "Total Revenue": 17,
        "Gross Profit": 16,
        "Operating Income": 7,
        "EBIT": NaN,
        "Net Income": 5
    },
    "2020-12-31": {
        "Diluted EPS": 1.07,
        "Total Revenue": 17,
        "Gross Profit": 17,
        "Operating Income": 7,
        "EBIT": NaN,
        "Net Income": 6
    },
    "2020-09-30": {
        "Diluted EPS": 1.03,
        "Total Revenue": 18,
        "Gross Profit": 17,
        "Operating Income": 7,
        "EBIT": NaN,
        "Net Income": 5
    },
    "2020-06-30": {
        "Diluted EPS": 0.98,
        "Total Revenue": 17,
        "Gross Profit": 16,
        "Operating Income": 6,
        "EBIT": NaN,
        "Net Income": 5
    },
    "2020-03-31": {
        "Diluted EPS": 0.64,
        "Total Revenue": 15,
        "Gross Profit": 13,
        "Operating Income": 4,
        "EBIT": NaN,
        "Net Income": 3
    },
    "2019-12-31": {
        "Diluted EPS": 0.62,
        "Total Revenue": 13,
        "Gross Profit": 12,
        "Operating Income": 3,
        "EBIT": NaN,
        "Net Income": 3
    },
    "2019-09-30": {
        "Diluted EPS": 0.49,
        "Total Revenue": 14,
        "Gross Profit": 12,
        "Operating Income": 3,
        "EBIT": NaN,
        "Net Income": 3
    },
    "2019-06-30": {
        "Diluted EPS": 0.48,
        "Total Revenue": 13,
        "Gross Profit": 11,
        "Operating Income": 3,
        "EBIT": NaN,
        "Net Income": 3
    },
    "2019-03-31": {
        "Diluted EPS": 0.41,
        "Total Revenue": 12,
        "Gross Profit": 10,
        "Operating Income": 3,
        "EBIT": NaN,
        "Net Income": 2
    },
    "2018-12-31": {
        "Diluted EPS": 0.47,
        "Total Revenue": 12,
        "Gross Profit": 11,
        "Operating Income": 2,
        "EBIT": NaN,
        "Net Income": 2
    },
    "2018-09-30": {
        "Diluted EPS": 0.57,
        "Total Revenue": 13,
        "Gross Profit": 12,
        "Operating Income": 4,
        "EBIT": NaN,
        "Net Income": 3
    },
    "2018-06-30": {
        "Diluted EPS": 0.54,
        "Total Revenue": 12,
        "Gross Profit": 11,
        "Operating Income": 3,
        "EBIT": NaN,
        "Net Income": 3
    },
    "2018-03-31": {
        "Diluted EPS": 0.4,
        "Total Revenue": 11,
        "Gross Profit": 10,
        "Operating Income": 2,
        "EBIT": NaN,
        "Net Income": 2
    },
    "2017-12-31": {
        "Diluted EPS": 0.46,
        "Total Revenue": 11,
        "Gross Profit": 10,
        "Operating Income": 3,
        "EBIT": NaN,
        "Net Income": 2
    },
    "2017-09-30": {
        "Diluted EPS": -0.51,
        "Total Revenue": 11,
        "Gross Profit": 11,
        "Operating Income": -5,
        "EBIT": NaN,
        "Net Income": -3
    },
    "2017-06-30": {
        "Diluted EPS": 0.45,
        "Total Revenue": 12,
        "Gross Profit": 11,
        "Operating Income": 3,
        "EBIT": NaN,
        "Net Income": 2
    },
    "2017-03-31": {
        "Diluted EPS": 0.42,
        "Total Revenue": 11,
        "Gross Profit": 10,
        "Operating Income": 3,
        "EBIT": NaN,
        "Net Income": 2
    },
    "2016-12-31": {
        "Diluted EPS": 0.4,
        "Total Revenue": 11,
        "Gross Profit": 10,
        "Operating Income": 2,
        "EBIT": NaN,
        "Net Income": 2
    },
    "2016-09-30": {
        "Diluted EPS": 0.41,
        "Total Revenue": 11,
        "Gross Profit": 10,
        "Operating Income": 3,
        "EBIT": NaN,
        "Net Income": 2
    },
    "2016-06-30": {
        "Diluted EPS": 0.45,
        "Total Revenue": 11,
        "Gross Profit": 11,
        "Operating Income": 3,
        "EBIT": NaN,
        "Net Income": 2
    },
    "2016-03-31": {
        "Diluted EPS": 0.47,
        "Total Revenue": 11,
        "Gross Profit": 10,
        "Operating Income": 3,
        "EBIT": NaN,
        "Net Income": 2
    },
    "2015-12-31": {
        "Diluted EPS": 0.51,
        "Total Revenue": 11,
        "Gross Profit": 11,
        "Operating Income": 3,
        "EBIT": NaN,
        "Net Income": 3
    },
    "2015-09-30": {
        "Diluted EPS": 0.5,
        "Total Revenue": 12,
        "Gross Profit": 11,
        "Operating Income": 3,
        "EBIT": NaN,
        "Net Income": 3
    },
    "2015-06-30": {
        "Diluted EPS": 0.51,
        "Total Revenue": 12,
        "Gross Profit": 11,
        "Operating Income": 4,
        "EBIT": NaN,
        "Net Income": 3
    },
    "2015-03-31": {
        "Diluted EPS": 0.55,
        "Total Revenue": 11,
        "Gross Profit": 10,
        "Operating Income": 4,
        "EBIT": NaN,
        "Net Income": 3
    },
    "2014-12-31": {
        "Diluted EPS": 0.41,
        "Total Revenue": 11,
        "Gross Profit": 10,
        "Operating Income": 3,
        "EBIT": NaN,
        "Net Income": 2
    },
    "2014-09-30": {
        "Diluted EPS": 0.43,
        "Total Revenue": 11,
        "Gross Profit": 10,
        "Operating Income": 3,
        "EBIT": NaN,
        "Net Income": 2
    },
    "2014-06-30": {
        "Diluted EPS": 0.42,
        "Total Revenue": 11,
        "Gross Profit": 10,
        "Operating Income": 3,
        "EBIT": NaN,
        "Net Income": 2
    },
    "2014-03-31": {
        "Diluted EPS": 0.35,
        "Total Revenue": 10,
        "Gross Profit": 9,
        "Operating Income": 2,
        "EBIT": NaN,
        "Net Income": 2
    },
    "2013-12-31": {
        "Diluted EPS": 0.11,
        "Total Revenue": 9,
        "Gross Profit": 8,
        "Operating Income": 2,
        "EBIT": NaN,
        "Net Income": 1
    },
    "2013-09-30": {
        "Diluted EPS": 0.26,
        "Total Revenue": 8,
        "Gross Profit": 7,
        "Operating Income": 2,
        "EBIT": NaN,
        "Net Income": 1
    },
    "2013-06-30": {
        "Diluted EPS": 0.29,
        "Total Revenue": 8,
        "Gross Profit": 7,
        "Operating Income": 2,
        "EBIT": NaN,
        "Net Income": 1
    },
    "2013-03-31": {
        "Diluted EPS": 0.3,
        "Total Revenue": 8,
        "Gross Profit": 7,
        "Operating Income": 2,
        "EBIT": NaN,
        "Net Income": 1
    },
    "2012-12-31": {
        "Diluted EPS": 0.33,
        "Total Revenue": 9,
        "Gross Profit": 8,
        "Operating Income": 2,
        "EBIT": NaN,
        "Net Income": 2
    },
    "2012-09-30": {
        "Diluted EPS": 0.25,
        "Total Revenue": 9,
        "Gross Profit": 8,
        "Operating Income": 1,
        "EBIT": NaN,
        "Net Income": 1
    },
    "2012-06-30": {
        "Diluted EPS": 0.38,
        "Total Revenue": 9,
        "Gross Profit": 8,
        "Operating Income": 2,
        "EBIT": NaN,
        "Net Income": 2
    },
    "2012-03-31": {
        "Diluted EPS": 0.36,
        "Total Revenue": 8,
        "Gross Profit": 7,
        "Operating Income": 2,
        "EBIT": NaN,
        "Net Income": 2
    },
    "2011-12-31": {
        "Diluted EPS": 0.27,
        "Total Revenue": 8,
        "Gross Profit": 7,
        "Operating Income": 1,
        "EBIT": NaN,
        "Net Income": 1
    },
    "2011-09-30": {
        "Diluted EPS": 0.32,
        "Total Revenue": 8,
        "Gross Profit": 7,
        "Operating Income": 2,
        "EBIT": NaN,
        "Net Income": 1
    },
    "2011-06-30": {
        "Diluted EPS": 0.15,
        "Total Revenue": 8,
        "Gross Profit": 7,
        "Operating Income": 1,
        "EBIT": NaN,
        "Net Income": 1
    },
    "2011-03-31": {
        "Diluted EPS": 0.21,
        "Total Revenue": 8,
        "Gross Profit": 6,
        "Operating Income": 1,
        "EBIT": NaN,
        "Net Income": 1
    },
    "2010-12-31": {
        "Diluted EPS": 0.17,
        "Total Revenue": 9,
        "Gross Profit": 7,
        "Operating Income": 1,
        "EBIT": NaN,
        "Net Income": 1
    },
    "2010-09-30": {
        "Diluted EPS": 0.23,
        "Total Revenue": 8,
        "Gross Profit": 7,
        "Operating Income": 1,
        "EBIT": NaN,
        "Net Income": 1
    },
    "2010-06-30": {
        "Diluted EPS": -0.22,
        "Total Revenue": 8,
        "Gross Profit": 7,
        "Operating Income": -2,
        "EBIT": NaN,
        "Net Income": -1
    },
    "2010-03-31": {
        "Diluted EPS": 0.25,
        "Total Revenue": 9,
        "Gross Profit": 7,
        "Operating Income": 1,
        "EBIT": NaN,
        "Net Income": 1
    },
    "2009-12-31": {
        "Diluted EPS": 0.24,
        "Total Revenue": 8,
        "Gross Profit": 6,
        "Operating Income": 2,
        "EBIT": NaN,
        "Net Income": 1
    },
    "2009-09-30": {
        "Diluted EPS": 0.03,
        "Total Revenue": 9,
        "Gross Profit": 7,
        "Operating Income": 0,
        "EBIT": NaN,
        "Net Income": 0
    },
    "2009-06-30": {
        "Diluted EPS": 0.22,
        "Total Revenue": 9,
        "Gross Profit": 7,
        "Operating Income": 1,
        "EBIT": NaN,
        "Net Income": 1
    },
    "2009-03-31": {
        "Diluted EPS": 0.21,
        "Total Revenue": 8,
        "Gross Profit": 6,
        "Operating Income": 1,
        "EBIT": NaN,
        "Net Income": 1
    },
    "2023-06-30": {
        "Tax Effect Of Unusual Items": NaN,
        "Tax Rate For Calcs": NaN,
        "Total Unusual Items": 0.0,
        "Total Unusual Items Excluding Goodwill": 0.0,
        "Net Income From Continuing Operation Net Minority Interest": NaN,
        "Reconciled Depreciation": NaN,
        "Net Interest Income": NaN,
        "Interest Expense": NaN,
        "Interest Income": NaN,
        "Normalized Income": NaN,
        "Net Income From Continuing And Discontinued Operation": NaN,
        "Diluted Average Shares": NaN,
        "Basic Average Shares": NaN,
        "Diluted EPS": NaN,
        "Basic EPS": NaN,
        "Diluted NI Availto Com Stockholders": NaN,
        "Net Income Common Stockholders": NaN,
        "Net Income": NaN,
        "Net Income Including Noncontrolling Interests": NaN,
        "Net Income Continuous Operations": NaN,
        "Tax Provision": NaN,
        "Pretax Income": NaN,
        "Special Income Charges": 0.0,
        "Restructuring And Mergern Acquisition": 0.0,
        "Gain On Sale Of Security": NaN,
        "Depreciation Amortization Depletion Income Statement": NaN,
        "Depreciation And Amortization In Income Statement": NaN,
        "Amortization": NaN,
        "Amortization Of Intangibles Income Statement": NaN,
        "Selling General And Administration": NaN,
        "General And Administrative Expense": NaN,
        "Other Gand A": NaN,
        "Salaries And Wages": NaN,
        "Total Revenue": NaN,
        "Operating Revenue": NaN,
        "Occupancy And Equipment": NaN,
        "Professional Expense And Contract Services Expense": NaN,
        "Other Non Interest Expense": NaN
    },
    "2023-09-30": {
        "Tax Effect Of Unusual Items": NaN,
        "Tax Rate For Calcs": NaN,
        "Total Unusual Items": 0.0,
        "Total Unusual Items Excluding Goodwill": 0.0,
        "Net Income From Continuing Operation Net Minority Interest": NaN,
        "Reconciled Depreciation": NaN,
        "Net Interest Income": NaN,
        "Interest Expense": NaN,
        "Interest Income": NaN,
        "Normalized Income": NaN,
        "Net Income From Continuing And Discontinued Operation": NaN,
        "Diluted Average Shares": NaN,
        "Basic Average Shares": NaN,
        "Diluted EPS": NaN,
        "Basic EPS": NaN,
        "Diluted NI Availto Com Stockholders": NaN,
        "Net Income Common Stockholders": NaN,
        "Net Income": NaN,
        "Net Income Including Noncontrolling Interests": NaN,
        "Net Income Continuous Operations": NaN,
        "Tax Provision": NaN,
        "Pretax Income": NaN,
        "Special Income Charges": 0.0,
        "Write Off": NaN,
        "Restructuring And Mergern Acquisition": 0.0,
        "Gain On Sale Of Security": 0.0,
        "Depreciation Amortization Depletion Income Statement": NaN,
        "Depreciation And Amortization In Income Statement": NaN,
        "Amortization": NaN,
        "Amortization Of Intangibles Income Statement": NaN,
        "Selling General And Administration": NaN,
        "General And Administrative Expense": NaN,
        "Other Gand A": NaN,
        "Salaries And Wages": NaN,
        "Total Revenue": NaN,
        "Operating Revenue": NaN,
        "Occupancy And Equipment": NaN,
        "Professional Expense And Contract Services Expense": NaN,
        "Other Non Interest Expense": NaN
    },
    "2023-12-31": {
        "Tax Effect Of Unusual Items": NaN,
        "Tax Rate For Calcs": NaN,
        "Total Unusual Items": 0.0,
        "Total Unusual Items Excluding Goodwill": 0.0,
        "Net Income From Continuing Operation Net Minority Interest": NaN,
        "Reconciled Depreciation": NaN,
        "Net Interest Income": NaN,
        "Interest Expense": NaN,
        "Interest Income": NaN,
        "Normalized Income": NaN,
        "Net Income From Continuing And Discontinued Operation": NaN,
        "Diluted Average Shares": NaN,
        "Basic Average Shares": NaN,
        "Diluted EPS": NaN,
        "Basic EPS": NaN,
        "Diluted NI Availto Com Stockholders": NaN,
        "Net Income Common Stockholders": NaN,
        "Net Income": NaN,
        "Net Income Including Noncontrolling Interests": NaN,
        "Net Income Continuous Operations": NaN,
        "Tax Provision": NaN,
        "Pretax Income": NaN,
        "Special Income Charges": 0.0,
        "Write Off": NaN,
        "Restructuring And Mergern Acquisition": 0.0,
        "Gain On Sale Of Security": -1246000.0,
        "Depreciation Amortization Depletion Income Statement": NaN,
        "Depreciation And Amortization In Income Statement": NaN,
        "Amortization": NaN,
        "Amortization Of Intangibles Income Statement": NaN,
        "Selling General And Administration": NaN,
        "General And Administrative Expense": NaN,
        "Other Gand A": NaN,
        "Salaries And Wages": NaN,
        "Total Revenue": NaN,
        "Operating Revenue": NaN,
        "Occupancy And Equipment": NaN,
        "Professional Expense And Contract Services Expense": NaN,
        "Other Non Interest Expense": NaN
    },
    "2024-03-31": {
        "Tax Effect Of Unusual Items": -20273.665049,
        "Tax Rate For Calcs": 0.15716,
        "Total Unusual Items": -129000.0,
        "Total Unusual Items Excluding Goodwill": -129000.0,
        "Net Income From Continuing Operation Net Minority Interest": 2778000.0,
        "Reconciled Depreciation": 732000.0,
        "Net Interest Income": 10747000.0,
        "Interest Expense": 6998000.0,
        "Interest Income": 17745000.0,
        "Normalized Income": 2886726.334951,
        "Net Income From Continuing And Discontinued Operation": 2778000.0,
        "Diluted Average Shares": 5748595.0,
        "Basic Average Shares": 5743452.0,
        "Diluted EPS": 0.48,
        "Basic EPS": 0.48,
        "Diluted NI Availto Com Stockholders": 2778000.0,
        "Net Income Common Stockholders": 2778000.0,
        "Net Income": 2778000.0,
        "Net Income Including Noncontrolling Interests": 2778000.0,
        "Net Income Continuous Operations": 2778000.0,
        "Tax Provision": 518000.0,
        "Pretax Income": 3296000.0,
        "Special Income Charges": -129000.0,
        "Write Off": 129000.0,
        "Restructuring And Mergern Acquisition": NaN,
        "Gain On Sale Of Security": 0.0,
        "Depreciation Amortization Depletion Income Statement": 412000.0,
        "Depreciation And Amortization In Income Statement": 412000.0,
        "Amortization": 412000.0,
        "Amortization Of Intangibles Income Statement": 412000.0,
        "Selling General And Administration": 5532000.0,
        "General And Administrative Expense": 5532000.0,
        "Other Gand A": 481000.0,
        "Salaries And Wages": 5532000.0,
        "Total Revenue": 14147000.0,
        "Operating Revenue": 14147000.0,
        "Occupancy And Equipment": 1390000.0,
        "Professional Expense And Contract Services Expense": 647000.0,
        "Other Non Interest Expense": 2441000.0
    },
    "2024-06-30": {
        "Tax Effect Of Unusual Items": 0.0,
        "Tax Rate For Calcs": 0.163,
        "Total Unusual Items": NaN,
        "Total Unusual Items Excluding Goodwill": NaN,
        "Net Income From Continuing Operation Net Minority Interest": 3012000.0,
        "Reconciled Depreciation": 583000.0,
        "Net Interest Income": 10974000.0,
        "Interest Expense": 7206000.0,
        "Interest Income": 18180000.0,
        "Normalized Income": 3012000.0,
        "Net Income From Continuing And Discontinued Operation": 3012000.0,
        "Diluted Average Shares": 5748052.0,
        "Basic Average Shares": 5745310.0,
        "Diluted EPS": 0.52381,
        "Basic EPS": 0.52381,
        "Diluted NI Availto Com Stockholders": 3012000.0,
        "Net Income Common Stockholders": 3012000.0,
        "Net Income": 3012000.0,
        "Net Income Including Noncontrolling Interests": 3012000.0,
        "Net Income Continuous Operations": 3012000.0,
        "Tax Provision": 587000.0,
        "Pretax Income": 3599000.0,
        "Special Income Charges": NaN,
        "Write Off": NaN,
        "Restructuring And Mergern Acquisition": NaN,
        "Gain On Sale Of Security": NaN,
        "Depreciation Amortization Depletion Income Statement": 256000.0,
        "Depreciation And Amortization In Income Statement": 256000.0,
        "Amortization": 256000.0,
        "Amortization Of Intangibles Income Statement": 256000.0,
        "Selling General And Administration": 5504000.0,
        "General And Administrative Expense": 5504000.0,
        "Other Gand A": NaN,
        "Salaries And Wages": 5504000.0,
        "Total Revenue": 14694000.0,
        "Operating Revenue": 14694000.0,
        "Occupancy And Equipment": 1294000.0,
        "Professional Expense And Contract Services Expense": 649000.0,
        "Other Non Interest Expense": 3392000.0
    },
    "2024-09-30": {
        "Tax Effect Of Unusual Items": 0.0,
        "Tax Rate For Calcs": 0.181,
        "Total Unusual Items": NaN,
        "Total Unusual Items Excluding Goodwill": NaN,
        "Net Income From Continuing Operation Net Minority Interest": 3931000.0,
        "Reconciled Depreciation": 596000.0,
        "Net Interest Income": 11604000.0,
        "Interest Expense": 7418000.0,
        "Interest Income": 19022000.0,
        "Normalized Income": 3931000.0,
        "Net Income From Continuing And Discontinued Operation": 3931000.0,
        "Diluted Average Shares": 5770514.0,
        "Basic Average Shares": 5765348.0,
        "Diluted EPS": 0.685714,
        "Basic EPS": 0.685714,
        "Diluted NI Availto Com Stockholders": 3931000.0,
        "Net Income Common Stockholders": 3931000.0,
        "Net Income": 3931000.0,
        "Net Income Including Noncontrolling Interests": 3931000.0,
        "Net Income Continuous Operations": 3931000.0,
        "Tax Provision": 867000.0,
        "Pretax Income": 4798000.0,
        "Special Income Charges": NaN,
        "Write Off": NaN,
        "Restructuring And Mergern Acquisition": NaN,
        "Gain On Sale Of Security": NaN,
        "Depreciation Amortization Depletion Income Statement": 256000.0,
        "Depreciation And Amortization In Income Statement": 256000.0,
        "Amortization": 256000.0,
        "Amortization Of Intangibles Income Statement": 256000.0,
        "Selling General And Administration": 5803000.0,
        "General And Administrative Expense": 5803000.0,
        "Other Gand A": NaN,
        "Salaries And Wages": 5803000.0,
        "Total Revenue": 15857000.0,
        "Operating Revenue": 15857000.0,
        "Occupancy And Equipment": 1429000.0,
        "Professional Expense And Contract Services Expense": 573000.0,
        "Other Non Interest Expense": 2498000.0
    },
    "2024-12-31": {
        "Tax Effect Of Unusual Items": 0.0,
        "Tax Rate For Calcs": 0.21,
        "Total Unusual Items": NaN,
        "Total Unusual Items Excluding Goodwill": NaN,
        "Net Income From Continuing Operation Net Minority Interest": 3282000.0,
        "Reconciled Depreciation": 588000.0,
        "Net Interest Income": 12399000.0,
        "Interest Expense": 6553000.0,
        "Interest Income": 18952000.0,
        "Normalized Income": 3282000.0,
        "Net Income From Continuing And Discontinued Operation": 3282000.0,
        "Diluted Average Shares": 5789764.0,
        "Basic Average Shares": 5775227.0,
        "Diluted EPS": 0.57,
        "Basic EPS": 0.57,
        "Diluted NI Availto Com Stockholders": 3282000.0,
        "Net Income Common Stockholders": 3282000.0,
        "Net Income": 3282000.0,
        "Net Income Including Noncontrolling Interests": 3282000.0,
        "Net Income Continuous Operations": 3282000.0,
        "Tax Provision": -886000.0,
        "Pretax Income": 2396000.0,
        "Special Income Charges": NaN,
        "Write Off": NaN,
        "Restructuring And Mergern Acquisition": NaN,
        "Gain On Sale Of Security": NaN,
        "Depreciation Amortization Depletion Income Statement": 240000.0,
        "Depreciation And Amortization In Income Statement": 240000.0,
        "Amortization": 240000.0,
        "Amortization Of Intangibles Income Statement": 240000.0,
        "Selling General And Administration": 6264000.0,
        "General And Administrative Expense": 6264000.0,
        "Other Gand A": NaN,
        "Salaries And Wages": 6264000.0,
        "Total Revenue": 15770000.0,
        "Operating Revenue": 15770000.0,
        "Occupancy And Equipment": 1550000.0,
        "Professional Expense And Contract Services Expense": 1043000.0,
        "Other Non Interest Expense": 1669000.0
    },
    "2025-03-31": {
        "Tax Effect Of Unusual Items": 0.0,
        "Tax Rate For Calcs": 0.177572,
        "Total Unusual Items": 0.0,
        "Total Unusual Items Excluding Goodwill": 0.0,
        "Net Income From Continuing Operation Net Minority Interest": 4701000.0,
        "Reconciled Depreciation": 560000.0,
        "Net Interest Income": 13119000.0,
        "Interest Expense": 6223000.0,
        "Interest Income": 19342000.0,
        "Normalized Income": 4701000.0,
        "Net Income From Continuing And Discontinued Operation": 4701000.0,
        "Diluted Average Shares": 5814650.0,
        "Basic Average Shares": 5777593.0,
        "Diluted EPS": 0.81,
        "Basic EPS": 0.81,
        "Diluted NI Availto Com Stockholders": 4701000.0,
        "Net Income Common Stockholders": 4701000.0,
        "Net Income": 4701000.0,
        "Net Income Including Noncontrolling Interests": 4701000.0,
        "Net Income Continuous Operations": 4701000.0,
        "Tax Provision": 1015000.0,
        "Pretax Income": 5716000.0,
        "Special Income Charges": 0.0,
        "Write Off": 0.0,
        "Restructuring And Mergern Acquisition": NaN,
        "Gain On Sale Of Security": -2000.0,
        "Depreciation Amortization Depletion Income Statement": 239000.0,
        "Depreciation And Amortization In Income Statement": 239000.0,
        "Amortization": 239000.0,
        "Amortization Of Intangibles Income Statement": 239000.0,
        "Selling General And Administration": 6154000.0,
        "General And Administrative Expense": 6154000.0,
        "Other Gand A": NaN,
        "Salaries And Wages": 6154000.0,
        "Total Revenue": 16477000.0,
        "Operating Revenue": 16477000.0,
        "Occupancy And Equipment": 1252000.0,
        "Professional Expense And Contract Services Expense": 745000.0,
        "Other Non Interest Expense": 2371000.0
    }
}