{
    "2023-03-31": {
        "Tax Effect Of Unusual Items": NaN,
        "Tax Rate For Calcs": NaN,
        "Normalized EBITDA": NaN,
        "Net Income From Continuing Operation Net Minority Interest": NaN,
        "Reconciled Depreciation": NaN,
        "Reconciled Cost Of Revenue": NaN,
        "EBITDA": NaN,
        "EBIT": NaN,
        "Net Interest Income": NaN,
        "Interest Income": NaN,
        "Normalized Income": NaN,
        "Net Income From Continuing And Discontinued Operation": NaN,
        "Total Expenses": NaN,
        "Total Operating Income As Reported": NaN,
        "Diluted Average Shares": NaN,
        "Basic Average Shares": NaN,
        "Diluted EPS": NaN,
        "Basic EPS": NaN,
        "Diluted NI Availto Com Stockholders": NaN,
        "Net Income Common Stockholders": NaN,
        "Net Income": NaN,
        "Net Income Including Noncontrolling Interests": NaN,
        "Net Income Continuous Operations": NaN,
        "Tax Provision": NaN,
        "Pretax Income": NaN,
        "Other Income Expense": NaN,
        "Other Non Operating Income Expenses": NaN,
        "Net Non Operating Interest Income Expense": NaN,
        "Total Other Finance Cost": -337000.0,
        "Interest Income Non Operating": NaN,
        "Operating Income": NaN,
        "Operating Expense": NaN,
        "Research And Development": NaN,
        "Selling General And Administration": NaN,
        "Gross Profit": NaN,
        "Cost Of Revenue": NaN,
        "Total Revenue": NaN,
        "Operating Revenue": NaN
    },
    "2022-12-31": {
        "Tax Effect Of Unusual Items": NaN,
        "Tax Rate For Calcs": NaN,
        "Normalized EBITDA": NaN,
        "Net Income From Continuing Operation Net Minority Interest": NaN,
        "Reconciled Depreciation": NaN,
        "Reconciled Cost Of Revenue": NaN,
        "EBITDA": NaN,
        "EBIT": NaN,
        "Net Interest Income": NaN,
        "Interest Income": NaN,
        "Normalized Income": NaN,
        "Net Income From Continuing And Discontinued Operation": NaN,
        "Total Expenses": NaN,
        "Total Operating Income As Reported": NaN,
        "Diluted Average Shares": NaN,
        "Basic Average Shares": NaN,
        "Diluted EPS": NaN,
        "Basic EPS": NaN,
        "Diluted NI Availto Com Stockholders": NaN,
        "Net Income Common Stockholders": NaN,
        "Net Income": NaN,
        "Net Income Including Noncontrolling Interests": NaN,
        "Net Income Continuous Operations": NaN,
        "Tax Provision": NaN,
        "Pretax Income": NaN,
        "Other Income Expense": NaN,
        "Other Non Operating Income Expenses": NaN,
        "Net Non Operating Interest Income Expense": NaN,
        "Total Other Finance Cost": -291000.0,
        "Interest Income Non Operating": NaN,
        "Operating Income": NaN,
        "Operating Expense": NaN,
        "Research And Development": NaN,
        "Selling General And Administration": NaN,
        "Gross Profit": NaN,
        "Cost Of Revenue": NaN,
        "Total Revenue": NaN,
        "Operating Revenue": NaN
    },
    "2022-09-30": {
        "Tax Effect Of Unusual Items": NaN,
        "Tax Rate For Calcs": NaN,
        "Normalized EBITDA": NaN,
        "Net Income From Continuing Operation Net Minority Interest": NaN,
        "Reconciled Depreciation": NaN,
        "Reconciled Cost Of Revenue": NaN,
        "EBITDA": NaN,
        "EBIT": NaN,
        "Net Interest Income": NaN,
        "Interest Income": 167000.0,
        "Normalized Income": NaN,
        "Net Income From Continuing And Discontinued Operation": NaN,
        "Total Expenses": NaN,
        "Total Operating Income As Reported": NaN,
        "Diluted Average Shares": NaN,
        "Basic Average Shares": NaN,
        "Diluted EPS": NaN,
        "Basic EPS": NaN,
        "Diluted NI Availto Com Stockholders": NaN,
        "Net Income Common Stockholders": NaN,
        "Net Income": NaN,
        "Net Income Including Noncontrolling Interests": NaN,
        "Net Income Continuous Operations": NaN,
        "Tax Provision": NaN,
        "Pretax Income": NaN,
        "Other Income Expense": NaN,
        "Other Non Operating Income Expenses": NaN,
        "Net Non Operating Interest Income Expense": NaN,
        "Total Other Finance Cost": -167000.0,
        "Interest Income Non Operating": 167000.0,
        "Operating Income": NaN,
        "Operating Expense": NaN,
        "Research And Development": NaN,
        "Selling General And Administration": NaN,
        "Gross Profit": NaN,
        "Cost Of Revenue": NaN,
        "Total Revenue": NaN,
        "Operating Revenue": NaN
    },
    "2022-06-30": {
        "Tax Effect Of Unusual Items": 0.0,
        "Tax Rate For Calcs": 0.000966,
        "Normalized EBITDA": -10317000.0,
        "Total Unusual Items": NaN,
        "Total Unusual Items Excluding Goodwill": NaN,
        "Net Income From Continuing Operation Net Minority Interest": -10342000.0,
        "Reconciled Depreciation": 3805000.0,
        "Reconciled Cost Of Revenue": 45442000.0,
        "EBITDA": -10317000.0,
        "EBIT": -10317000.0,
        "Net Interest Income": 71000.0,
        "Normalized Income": -10342000.0,
        "Net Income From Continuing And Discontinued Operation": -10342000.0,
        "Total Expenses": 71144000.0,
        "Total Operating Income As Reported": -10317000.0,
        "Diluted Average Shares": 44178000.0,
        "Basic Average Shares": 44178000.0,
        "Diluted EPS": -0.23,
        "Basic EPS": -0.23,
        "Diluted NI Availto Com Stockholders": -10342000.0,
        "Net Income Common Stockholders": -10342000.0,
        "Net Income": -10342000.0,
        "Net Income Including Noncontrolling Interests": -10342000.0,
        "Net Income Continuous Operations": -10342000.0,
        "Tax Provision": -10000.0,
        "Pretax Income": -10352000.0,
        "Other Income Expense": -106000.0,
        "Other Non Operating Income Expenses": -106000.0,
        "Special Income Charges": NaN,
        "Restructuring And Mergern Acquisition": NaN,
        "Net Non Operating Interest Income Expense": 71000.0,
        "Total Other Finance Cost": -71000.0,
        "Operating Income": -10317000.0,
        "Operating Expense": 25702000.0,
        "Research And Development": 13788000.0,
        "Selling General And Administration": 11914000.0,
        "Gross Profit": 15385000.0,
        "Cost Of Revenue": 45442000.0,
        "Total Revenue": 60827000.0,
        "Operating Revenue": 60827000.0
    },
    "2022-03-31": {
        "Diluted EPS": -0.2,
        "Total Revenue": 64,
        "Gross Profit": 16,
        "Operating Income": -8,
        "EBIT": -5,
        "Net Income": -9
    },
    "2021-12-31": {
        "Diluted EPS": -0.2,
        "Total Revenue": 67,
        "Gross Profit": 18,
        "Operating Income": -9,
        "EBIT": -5,
        "Net Income": -9
    },
    "2021-09-30": {
        "Diluted EPS": -0.16,
        "Total Revenue": 72,
        "Gross Profit": 21,
        "Operating Income": -7,
        "EBIT": -3,
        "Net Income": -7
    },
    "2021-06-30": {
        "Diluted EPS": -0.19,
        "Total Revenue": 69,
        "Gross Profit": 20,
        "Operating Income": -9,
        "EBIT": -5,
        "Net Income": -8
    },
    "2021-03-31": {
        "Diluted EPS": -0.15,
        "Total Revenue": 61,
        "Gross Profit": 18,
        "Operating Income": -6,
        "EBIT": -2,
        "Net Income": -6
    },
    "2020-12-31": {
        "Diluted EPS": -0.12,
        "Total Revenue": 66,
        "Gross Profit": 20,
        "Operating Income": -4,
        "EBIT": -1,
        "Net Income": -5
    },
    "2020-09-30": {
        "Diluted EPS": -0.05,
        "Total Revenue": 62,
        "Gross Profit": 17,
        "Operating Income": -4,
        "EBIT": 0,
        "Net Income": -2
    },
    "2020-06-30": {
        "Diluted EPS": -0.18,
        "Total Revenue": 52,
        "Gross Profit": 13,
        "Operating Income": -6,
        "EBIT": -3,
        "Net Income": -7
    },
    "2020-03-31": {
        "Diluted EPS": -0.2,
        "Total Revenue": 43,
        "Gross Profit": 10,
        "Operating Income": -7,
        "EBIT": -4,
        "Net Income": -7
    },
    "2019-12-31": {
        "Diluted EPS": -0.3,
        "Total Revenue": 43,
        "Gross Profit": 10,
        "Operating Income": -9,
        "EBIT": -6,
        "Net Income": -11
    },
    "2019-09-30": {
        "Diluted EPS": -0.02,
        "Total Revenue": 44,
        "Gross Profit": 13,
        "Operating Income": -1,
        "EBIT": 2,
        "Net Income": -1
    },
    "2019-06-30": {
        "Diluted EPS": 0.0,
        "Total Revenue": 48,
        "Gross Profit": 16,
        "Operating Income": 1,
        "EBIT": 3,
        "Net Income": 0
    },
    "2019-03-31": {
        "Diluted EPS": -0.03,
        "Total Revenue": 42,
        "Gross Profit": 14,
        "Operating Income": -1,
        "EBIT": 1,
        "Net Income": -1
    },
    "2018-12-31": {
        "Diluted EPS": 0.11,
        "Total Revenue": 46,
        "Gross Profit": 17,
        "Operating Income": 2,
        "EBIT": 4,
        "Net Income": 2
    },
    "2018-09-30": {
        "Diluted EPS": 0.1,
        "Total Revenue": 51,
        "Gross Profit": 18,
        "Operating Income": 5,
        "EBIT": 7,
        "Net Income": 4
    },
    "2018-06-30": {
        "Diluted EPS": 0.11,
        "Total Revenue": 52,
        "Gross Profit": 18,
        "Operating Income": 6,
        "EBIT": 8,
        "Net Income": 3
    },
    "2018-03-31": {
        "Diluted EPS": 0.0,
        "Total Revenue": 42,
        "Gross Profit": 15,
        "Operating Income": 4,
        "EBIT": 6,
        "Net Income": NaN
    },
    "2017-12-31": {
        "Diluted EPS": 0.58,
        "Total Revenue": 38,
        "Gross Profit": 12,
        "Operating Income": 3,
        "EBIT": 5,
        "Net Income": 1
    },
    "2017-09-30": {
        "Diluted EPS": 0.0,
        "Total Revenue": 37,
        "Gross Profit": 12,
        "Operating Income": 5,
        "EBIT": 6,
        "Net Income": 0
    },
    "2017-06-30": {
        "Diluted EPS": -0.11,
        "Total Revenue": 35,
        "Gross Profit": 11,
        "Operating Income": 2,
        "EBIT": 4,
        "Net Income": 0
    },
    "2017-03-31": {
        "Diluted EPS": -0.47,
        "Total Revenue": 30,
        "Gross Profit": 9,
        "Operating Income": 1,
        "EBIT": 3,
        "Net Income": -1
    },
    "2016-12-31": {
        "Diluted EPS": 0.0,
        "Total Revenue": NaN,
        "Gross Profit": NaN,
        "Operating Income": NaN,
        "EBIT": NaN,
        "Net Income": NaN
    },
    "2023-06-30": {
        "Tax Effect Of Unusual Items": NaN,
        "Tax Rate For Calcs": NaN,
        "Normalized EBITDA": NaN,
        "Net Income From Continuing Operation Net Minority Interest": NaN,
        "Reconciled Depreciation": NaN,
        "Reconciled Cost Of Revenue": NaN,
        "EBITDA": NaN,
        "EBIT": NaN,
        "Net Interest Income": NaN,
        "Interest Income": NaN,
        "Normalized Income": NaN,
        "Net Income From Continuing And Discontinued Operation": NaN,
        "Total Expenses": NaN,
        "Total Operating Income As Reported": NaN,
        "Diluted Average Shares": NaN,
        "Basic Average Shares": NaN,
        "Diluted EPS": NaN,
        "Basic EPS": NaN,
        "Diluted NI Availto Com Stockholders": NaN,
        "Net Income Common Stockholders": NaN,
        "Net Income": NaN,
        "Net Income Including Noncontrolling Interests": NaN,
        "Net Income Continuous Operations": NaN,
        "Tax Provision": NaN,
        "Pretax Income": NaN,
        "Other Income Expense": NaN,
        "Other Non Operating Income Expenses": NaN,
        "Net Non Operating Interest Income Expense": NaN,
        "Total Other Finance Cost": -350000.0,
        "Interest Income Non Operating": NaN,
        "Operating Income": NaN,
        "Operating Expense": NaN,
        "Research And Development": NaN,
        "Selling General And Administration": NaN,
        "Gross Profit": NaN,
        "Cost Of Revenue": NaN,
        "Total Revenue": NaN,
        "Operating Revenue": NaN
    },
    "2023-09-30": {
        "Tax Effect Of Unusual Items": NaN,
        "Tax Rate For Calcs": NaN,
        "Normalized EBITDA": NaN,
        "Net Income From Continuing Operation Net Minority Interest": NaN,
        "Reconciled Depreciation": NaN,
        "Reconciled Cost Of Revenue": NaN,
        "EBITDA": NaN,
        "EBIT": NaN,
        "Net Interest Income": NaN,
        "Interest Income": NaN,
        "Normalized Income": NaN,
        "Net Income From Continuing And Discontinued Operation": NaN,
        "Total Expenses": NaN,
        "Total Operating Income As Reported": NaN,
        "Diluted Average Shares": NaN,
        "Basic Average Shares": NaN,
        "Diluted EPS": NaN,
        "Basic EPS": NaN,
        "Diluted NI Availto Com Stockholders": NaN,
        "Net Income Common Stockholders": NaN,
        "Net Income": NaN,
        "Net Income Including Noncontrolling Interests": NaN,
        "Net Income Continuous Operations": NaN,
        "Tax Provision": NaN,
        "Pretax Income": NaN,
        "Other Income Expense": NaN,
        "Other Non Operating Income Expenses": NaN,
        "Net Non Operating Interest Income Expense": NaN,
        "Total Other Finance Cost": -303000.0,
        "Interest Income Non Operating": NaN,
        "Operating Income": NaN,
        "Operating Expense": NaN,
        "Research And Development": NaN,
        "Selling General And Administration": NaN,
        "Gross Profit": NaN,
        "Cost Of Revenue": NaN,
        "Total Revenue": NaN,
        "Operating Revenue": NaN
    },
    "2023-12-31": {
        "Tax Effect Of Unusual Items": 0.0,
        "Tax Rate For Calcs": 0.21,
        "Normalized EBITDA": -9484000.0,
        "Net Income From Continuing Operation Net Minority Interest": -13238000.0,
        "Reconciled Depreciation": 4041000.0,
        "Reconciled Cost Of Revenue": 42088000.0,
        "EBITDA": -9484000.0,
        "EBIT": -13525000.0,
        "Net Interest Income": 352000.0,
        "Interest Income": NaN,
        "Normalized Income": -13238000.0,
        "Net Income From Continuing And Discontinued Operation": -13238000.0,
        "Total Expenses": 65417000.0,
        "Total Operating Income As Reported": -14342000.0,
        "Diluted Average Shares": 46735000.0,
        "Basic Average Shares": 46735000.0,
        "Diluted EPS": -0.28,
        "Basic EPS": -0.28,
        "Diluted NI Availto Com Stockholders": -13238000.0,
        "Net Income Common Stockholders": -13238000.0,
        "Net Income": -13238000.0,
        "Net Income Including Noncontrolling Interests": -13238000.0,
        "Net Income Continuous Operations": -13238000.0,
        "Tax Provision": 27000.0,
        "Pretax Income": -13211000.0,
        "Other Income Expense": -38000.0,
        "Other Non Operating Income Expenses": 779000.0,
        "Net Non Operating Interest Income Expense": 352000.0,
        "Total Other Finance Cost": NaN,
        "Interest Income Non Operating": NaN,
        "Operating Income": -13525000.0,
        "Operating Expense": 23329000.0,
        "Research And Development": 12114000.0,
        "Selling General And Administration": 11215000.0,
        "Gross Profit": 9804000.0,
        "Cost Of Revenue": 42088000.0,
        "Total Revenue": 51892000.0,
        "Operating Revenue": 51892000.0
    },
    "2024-03-31": {
        "Tax Effect Of Unusual Items": 0.0,
        "Tax Rate For Calcs": 0.21,
        "Normalized EBITDA": -10325000.0,
        "Net Income From Continuing Operation Net Minority Interest": -13766000.0,
        "Reconciled Depreciation": 4393000.0,
        "Reconciled Cost Of Revenue": 37039000.0,
        "EBITDA": -10325000.0,
        "EBIT": -14718000.0,
        "Net Interest Income": 455000.0,
        "Interest Income": 455000.0,
        "Normalized Income": -13766000.0,
        "Net Income From Continuing And Discontinued Operation": -13766000.0,
        "Total Expenses": 59245000.0,
        "Total Operating Income As Reported": -14718000.0,
        "Diluted Average Shares": 47242000.0,
        "Basic Average Shares": 47242000.0,
        "Diluted EPS": -0.29,
        "Basic EPS": -0.29,
        "Diluted NI Availto Com Stockholders": -13766000.0,
        "Net Income Common Stockholders": -13766000.0,
        "Net Income": -13766000.0,
        "Net Income Including Noncontrolling Interests": -13766000.0,
        "Net Income Continuous Operations": -13766000.0,
        "Tax Provision": 144000.0,
        "Pretax Income": -13622000.0,
        "Other Income Expense": 641000.0,
        "Other Non Operating Income Expenses": 641000.0,
        "Net Non Operating Interest Income Expense": 455000.0,
        "Interest Income Non Operating": 455000.0,
        "Operating Income": -14718000.0,
        "Operating Expense": 22206000.0,
        "Research And Development": 10659000.0,
        "Selling General And Administration": 11547000.0,
        "Gross Profit": 7488000.0,
        "Cost Of Revenue": 37039000.0,
        "Total Revenue": 44527000.0,
        "Operating Revenue": 44527000.0
    },
    "2024-06-30": {
        "Tax Effect Of Unusual Items": NaN,
        "Tax Rate For Calcs": NaN,
        "Normalized EBITDA": NaN,
        "Total Unusual Items": NaN,
        "Total Unusual Items Excluding Goodwill": NaN,
        "Net Income From Continuing Operation Net Minority Interest": NaN,
        "Reconciled Depreciation": NaN,
        "Reconciled Cost Of Revenue": NaN,
        "EBITDA": NaN,
        "EBIT": NaN,
        "Net Interest Income": NaN,
        "Interest Expense": 20000.0,
        "Interest Income": NaN,
        "Normalized Income": NaN,
        "Net Income From Continuing And Discontinued Operation": NaN,
        "Total Expenses": NaN,
        "Total Operating Income As Reported": NaN,
        "Diluted Average Shares": NaN,
        "Basic Average Shares": NaN,
        "Diluted EPS": NaN,
        "Basic EPS": NaN,
        "Diluted NI Availto Com Stockholders": NaN,
        "Net Income Common Stockholders": NaN,
        "Net Income": NaN,
        "Net Income Including Noncontrolling Interests": NaN,
        "Net Income Continuous Operations": NaN,
        "Tax Provision": NaN,
        "Pretax Income": NaN,
        "Other Income Expense": NaN,
        "Other Non Operating Income Expenses": NaN,
        "Special Income Charges": NaN,
        "Restructuring And Mergern Acquisition": NaN,
        "Net Non Operating Interest Income Expense": NaN,
        "Interest Expense Non Operating": 20000.0,
        "Interest Income Non Operating": NaN,
        "Operating Income": NaN,
        "Operating Expense": NaN,
        "Research And Development": NaN,
        "Selling General And Administration": NaN,
        "Gross Profit": NaN,
        "Cost Of Revenue": NaN,
        "Total Revenue": NaN,
        "Operating Revenue": NaN
    },
    "2024-09-30": {
        "Tax Effect Of Unusual Items": 0.0,
        "Tax Rate For Calcs": 0.21,
        "Normalized EBITDA": -5769000.0,
        "Total Unusual Items": 0.0,
        "Total Unusual Items Excluding Goodwill": 0.0,
        "Net Income From Continuing Operation Net Minority Interest": -10335000.0,
        "Reconciled Depreciation": 4278000.0,
        "Reconciled Cost Of Revenue": 43579000.0,
        "EBITDA": -5769000.0,
        "EBIT": -10047000.0,
        "Net Interest Income": 394000.0,
        "Interest Expense": 27000.0,
        "Interest Income": 421000.0,
        "Normalized Income": -10335000.0,
        "Net Income From Continuing And Discontinued Operation": -10335000.0,
        "Total Expenses": 67928000.0,
        "Total Operating Income As Reported": -11799000.0,
        "Diluted Average Shares": 48133000.0,
        "Basic Average Shares": 48133000.0,
        "Diluted EPS": -0.21,
        "Basic EPS": -0.21,
        "Diluted NI Availto Com Stockholders": -10335000.0,
        "Net Income Common Stockholders": -10335000.0,
        "Net Income": -10335000.0,
        "Net Income Including Noncontrolling Interests": -10335000.0,
        "Net Income Continuous Operations": -10335000.0,
        "Tax Provision": 261000.0,
        "Pretax Income": -10074000.0,
        "Other Income Expense": 1331000.0,
        "Other Non Operating Income Expenses": 1331000.0,
        "Special Income Charges": 0.0,
        "Restructuring And Mergern Acquisition": 0.0,
        "Net Non Operating Interest Income Expense": 394000.0,
        "Interest Expense Non Operating": 27000.0,
        "Interest Income Non Operating": 421000.0,
        "Operating Income": -11799000.0,
        "Operating Expense": 24349000.0,
        "Research And Development": 11328000.0,
        "Selling General And Administration": 13021000.0,
        "Gross Profit": 12550000.0,
        "Cost Of Revenue": 43579000.0,
        "Total Revenue": 56129000.0,
        "Operating Revenue": 56129000.0
    },
    "2024-12-31": {
        "Tax Effect Of Unusual Items": 0.0,
        "Tax Rate For Calcs": 0.023511,
        "Normalized EBITDA": -17301000.0,
        "Total Unusual Items": NaN,
        "Total Unusual Items Excluding Goodwill": NaN,
        "Net Income From Continuing Operation Net Minority Interest": -24962000.0,
        "Reconciled Depreciation": 4837000.0,
        "Reconciled Cost Of Revenue": 46250000.0,
        "EBITDA": -17301000.0,
        "EBIT": -22138000.0,
        "Net Interest Income": 360000.0,
        "Interest Expense": NaN,
        "Interest Income": 360000.0,
        "Normalized Income": -24962000.0,
        "Net Income From Continuing And Discontinued Operation": -24962000.0,
        "Total Expenses": 69519000.0,
        "Total Operating Income As Reported": -26429000.0,
        "Diluted Average Shares": 48557000.0,
        "Basic Average Shares": 48557000.0,
        "Diluted EPS": -0.51,
        "Basic EPS": -0.51,
        "Diluted NI Availto Com Stockholders": -24962000.0,
        "Net Income Common Stockholders": -24962000.0,
        "Net Income": -24962000.0,
        "Net Income Including Noncontrolling Interests": -24962000.0,
        "Net Income Continuous Operations": -24962000.0,
        "Tax Provision": -601000.0,
        "Pretax Income": -25563000.0,
        "Other Income Expense": -3785000.0,
        "Other Non Operating Income Expenses": 506000.0,
        "Special Income Charges": NaN,
        "Restructuring And Mergern Acquisition": NaN,
        "Net Non Operating Interest Income Expense": 360000.0,
        "Interest Expense Non Operating": NaN,
        "Interest Income Non Operating": 360000.0,
        "Operating Income": -22138000.0,
        "Operating Expense": 23269000.0,
        "Research And Development": 11384000.0,
        "Selling General And Administration": 11885000.0,
        "Gross Profit": 1131000.0,
        "Cost Of Revenue": 46250000.0,
        "Total Revenue": 47381000.0,
        "Operating Revenue": 47381000.0
    },
    "2025-03-31": {
        "Tax Effect Of Unusual Items": 0.0,
        "Tax Rate For Calcs": 0.21,
        "Normalized EBITDA": -5940000.0,
        "Total Unusual Items": NaN,
        "Total Unusual Items Excluding Goodwill": NaN,
        "Net Income From Continuing Operation Net Minority Interest": -8093000.0,
        "Reconciled Depreciation": 3670000.0,
        "Reconciled Cost Of Revenue": 37869000.0,
        "EBITDA": -5940000.0,
        "EBIT": -9610000.0,
        "Net Interest Income": 1640000.0,
        "Interest Expense": NaN,
        "Interest Income": 1640000.0,
        "Normalized Income": -8093000.0,
        "Net Income From Continuing And Discontinued Operation": -8093000.0,
        "Total Expenses": 61278000.0,
        "Total Operating Income As Reported": -9610000.0,
        "Diluted Average Shares": 49093000.0,
        "Basic Average Shares": 49093000.0,
        "Diluted EPS": -0.16,
        "Basic EPS": -0.16,
        "Diluted NI Availto Com Stockholders": -8093000.0,
        "Net Income Common Stockholders": -8093000.0,
        "Net Income": -8093000.0,
        "Net Income Including Noncontrolling Interests": -8093000.0,
        "Net Income Continuous Operations": -8093000.0,
        "Tax Provision": 137000.0,
        "Pretax Income": -7956000.0,
        "Other Income Expense": 14000.0,
        "Other Non Operating Income Expenses": 14000.0,
        "Special Income Charges": NaN,
        "Restructuring And Mergern Acquisition": NaN,
        "Net Non Operating Interest Income Expense": 1640000.0,
        "Interest Expense Non Operating": NaN,
        "Interest Income Non Operating": 1640000.0,
        "Operating Income": -9610000.0,
        "Operating Expense": 23409000.0,
        "Research And Development": 11374000.0,
        "Selling General And Administration": 12035000.0,
        "Gross Profit": 13799000.0,
        "Cost Of Revenue": 37869000.0,
        "Total Revenue": 51668000.0,
        "Operating Revenue": 51668000.0
    },
    "2025-06-30": {
        "Tax Effect Of Unusual Items": 0.0,
        "Tax Rate For Calcs": 0.21,
        "Normalized EBITDA": 229000.0,
        "Total Unusual Items": NaN,
        "Total Unusual Items Excluding Goodwill": NaN,
        "Net Income From Continuing Operation Net Minority Interest": -3591000.0,
        "Reconciled Depreciation": 3415000.0,
        "Reconciled Cost Of Revenue": 43278000.0,
        "EBITDA": 229000.0,
        "EBIT": -3186000.0,
        "Net Interest Income": 720000.0,
        "Interest Expense": 388000.0,
        "Interest Income": 1108000.0,
        "Normalized Income": -3591000.0,
        "Net Income From Continuing And Discontinued Operation": -3591000.0,
        "Total Expenses": 65971000.0,
        "Total Operating Income As Reported": -4236000.0,
        "Diluted Average Shares": 49581000.0,
        "Basic Average Shares": 49581000.0,
        "Diluted EPS": -0.07,
        "Basic EPS": -0.07,
        "Diluted NI Availto Com Stockholders": -3591000.0,
        "Net Income Common Stockholders": -3591000.0,
        "Net Income": -3591000.0,
        "Net Income Including Noncontrolling Interests": -3591000.0,
        "Net Income Continuous Operations": -3591000.0,
        "Tax Provision": 17000.0,
        "Pretax Income": -3574000.0,
        "Other Income Expense": -58000.0,
        "Other Non Operating Income Expenses": -58000.0,
        "Special Income Charges": NaN,
        "Restructuring And Mergern Acquisition": NaN,
        "Net Non Operating Interest Income Expense": 720000.0,
        "Interest Expense Non Operating": 388000.0,
        "Interest Income Non Operating": 1108000.0,
        "Operating Income": -4236000.0,
        "Operating Expense": 22693000.0,
        "Research And Development": 11012000.0,
        "Selling General And Administration": 11681000.0,
        "Gross Profit": 18457000.0,
        "Cost Of Revenue": 43278000.0,
        "Total Revenue": 61735000.0,
        "Operating Revenue": 61735000.0
    },
    "2025-09-30": {
        "Tax Effect Of Unusual Items": -363930.0,
        "Tax Rate For Calcs": 0.21,
        "Normalized EBITDA": -1238000.0,
        "Total Unusual Items": -1733000.0,
        "Total Unusual Items Excluding Goodwill": -1733000.0,
        "Net Income From Continuing Operation Net Minority Interest": -6874000.0,
        "Reconciled Depreciation": 3313000.0,
        "Reconciled Cost Of Revenue": 45989000.0,
        "EBITDA": -2971000.0,
        "EBIT": -6284000.0,
        "Net Interest Income": 762000.0,
        "Interest Expense": 317000.0,
        "Interest Income": 1079000.0,
        "Normalized Income": -5504930.0,
        "Net Income From Continuing And Discontinued Operation": -6874000.0,
        "Total Expenses": 72308000.0,
        "Total Operating Income As Reported": -7299000.0,
        "Diluted Average Shares": 50288000.0,
        "Basic Average Shares": 50288000.0,
        "Diluted EPS": -0.14,
        "Basic EPS": -0.14,
        "Diluted NI Availto Com Stockholders": -6874000.0,
        "Net Income Common Stockholders": -6874000.0,
        "Net Income": -6874000.0,
        "Net Income Including Noncontrolling Interests": -6874000.0,
        "Net Income Continuous Operations": -6874000.0,
        "Tax Provision": 273000.0,
        "Pretax Income": -6601000.0,
        "Other Income Expense": -1797000.0,
        "Other Non Operating Income Expenses": -64000.0,
        "Special Income Charges": -1733000.0,
        "Restructuring And Mergern Acquisition": 1733000.0,
        "Net Non Operating Interest Income Expense": 762000.0,
        "Interest Expense Non Operating": 317000.0,
        "Interest Income Non Operating": 1079000.0,
        "Operating Income": -5566000.0,
        "Operating Expense": 26319000.0,
        "Research And Development": 11534000.0,
        "Selling General And Administration": 14785000.0,
        "Gross Profit": 20753000.0,
        "Cost Of Revenue": 45989000.0,
        "Total Revenue": 66742000.0,
        "Operating Revenue": 66742000.0
    }
}