{
    "2023-03-31": {
        "Tax Effect Of Unusual Items": NaN,
        "Tax Rate For Calcs": NaN,
        "Normalized EBITDA": NaN,
        "Total Unusual Items": NaN,
        "Total Unusual Items Excluding Goodwill": NaN,
        "Net Income From Continuing Operation Net Minority Interest": NaN,
        "Reconciled Depreciation": NaN,
        "Reconciled Cost Of Revenue": NaN,
        "EBITDA": NaN,
        "EBIT": NaN,
        "Net Interest Income": NaN,
        "Interest Expense": NaN,
        "Interest Income": NaN,
        "Normalized Income": NaN,
        "Net Income From Continuing And Discontinued Operation": NaN,
        "Total Expenses": NaN,
        "Total Operating Income As Reported": NaN,
        "Diluted Average Shares": NaN,
        "Basic Average Shares": NaN,
        "Diluted EPS": NaN,
        "Basic EPS": NaN,
        "Diluted NI Availto Com Stockholders": NaN,
        "Net Income Common Stockholders": NaN,
        "Net Income": NaN,
        "Minority Interests": NaN,
        "Net Income Including Noncontrolling Interests": NaN,
        "Net Income Discontinuous Operations": NaN,
        "Net Income Continuous Operations": NaN,
        "Earnings From Equity Interest Net Of Tax": -3000.0,
        "Tax Provision": NaN,
        "Pretax Income": NaN,
        "Other Income Expense": NaN,
        "Other Non Operating Income Expenses": NaN,
        "Special Income Charges": NaN,
        "Gain On Sale Of Business": NaN,
        "Impairment Of Capital Assets": 0.0,
        "Gain On Sale Of Security": NaN,
        "Net Non Operating Interest Income Expense": NaN,
        "Interest Expense Non Operating": NaN,
        "Interest Income Non Operating": NaN,
        "Operating Income": NaN,
        "Operating Expense": NaN,
        "Selling General And Administration": NaN,
        "General And Administrative Expense": NaN,
        "Other Gand A": NaN,
        "Gross Profit": NaN,
        "Cost Of Revenue": NaN,
        "Total Revenue": NaN,
        "Operating Revenue": NaN
    },
    "2022-12-31": {
        "Tax Effect Of Unusual Items": NaN,
        "Tax Rate For Calcs": NaN,
        "Normalized EBITDA": NaN,
        "Total Unusual Items": NaN,
        "Total Unusual Items Excluding Goodwill": NaN,
        "Net Income From Continuing Operation Net Minority Interest": NaN,
        "Reconciled Depreciation": NaN,
        "Reconciled Cost Of Revenue": NaN,
        "EBITDA": NaN,
        "EBIT": NaN,
        "Net Interest Income": NaN,
        "Interest Expense": NaN,
        "Interest Income": NaN,
        "Normalized Income": NaN,
        "Net Income From Continuing And Discontinued Operation": NaN,
        "Total Expenses": NaN,
        "Total Operating Income As Reported": NaN,
        "Diluted Average Shares": NaN,
        "Basic Average Shares": NaN,
        "Diluted EPS": NaN,
        "Basic EPS": NaN,
        "Diluted NI Availto Com Stockholders": NaN,
        "Net Income Common Stockholders": NaN,
        "Net Income": NaN,
        "Minority Interests": NaN,
        "Net Income Including Noncontrolling Interests": NaN,
        "Net Income Discontinuous Operations": NaN,
        "Net Income Continuous Operations": NaN,
        "Earnings From Equity Interest Net Of Tax": 188000.0,
        "Tax Provision": NaN,
        "Pretax Income": NaN,
        "Other Income Expense": NaN,
        "Other Non Operating Income Expenses": NaN,
        "Special Income Charges": NaN,
        "Gain On Sale Of Business": NaN,
        "Impairment Of Capital Assets": 0.0,
        "Gain On Sale Of Security": NaN,
        "Net Non Operating Interest Income Expense": NaN,
        "Interest Expense Non Operating": NaN,
        "Interest Income Non Operating": NaN,
        "Operating Income": NaN,
        "Operating Expense": NaN,
        "Selling General And Administration": NaN,
        "General And Administrative Expense": NaN,
        "Other Gand A": NaN,
        "Gross Profit": NaN,
        "Cost Of Revenue": NaN,
        "Total Revenue": NaN,
        "Operating Revenue": NaN
    },
    "2022-09-30": {
        "Tax Effect Of Unusual Items": NaN,
        "Tax Rate For Calcs": NaN,
        "Normalized EBITDA": NaN,
        "Total Unusual Items": NaN,
        "Total Unusual Items Excluding Goodwill": NaN,
        "Net Income From Continuing Operation Net Minority Interest": NaN,
        "Reconciled Depreciation": NaN,
        "Reconciled Cost Of Revenue": NaN,
        "EBITDA": NaN,
        "EBIT": NaN,
        "Net Interest Income": NaN,
        "Interest Expense": NaN,
        "Interest Income": NaN,
        "Normalized Income": NaN,
        "Net Income From Continuing And Discontinued Operation": NaN,
        "Total Expenses": NaN,
        "Total Operating Income As Reported": NaN,
        "Diluted Average Shares": NaN,
        "Basic Average Shares": NaN,
        "Diluted EPS": NaN,
        "Basic EPS": NaN,
        "Diluted NI Availto Com Stockholders": NaN,
        "Net Income Common Stockholders": NaN,
        "Net Income": NaN,
        "Minority Interests": NaN,
        "Net Income Including Noncontrolling Interests": NaN,
        "Net Income Discontinuous Operations": NaN,
        "Net Income Continuous Operations": NaN,
        "Earnings From Equity Interest Net Of Tax": NaN,
        "Tax Provision": NaN,
        "Pretax Income": NaN,
        "Other Income Expense": NaN,
        "Other Non Operating Income Expenses": NaN,
        "Special Income Charges": NaN,
        "Gain On Sale Of Business": NaN,
        "Impairment Of Capital Assets": 0.0,
        "Gain On Sale Of Security": NaN,
        "Net Non Operating Interest Income Expense": NaN,
        "Interest Expense Non Operating": NaN,
        "Interest Income Non Operating": NaN,
        "Operating Income": NaN,
        "Operating Expense": NaN,
        "Selling General And Administration": NaN,
        "General And Administrative Expense": NaN,
        "Other Gand A": NaN,
        "Gross Profit": NaN,
        "Cost Of Revenue": NaN,
        "Total Revenue": NaN,
        "Operating Revenue": NaN
    },
    "2022-06-30": {
        "Tax Effect Of Unusual Items": -5196000.0,
        "Tax Rate For Calcs": 0.4,
        "Normalized EBITDA": 150922000.0,
        "Total Unusual Items": -12990000.0,
        "Total Unusual Items Excluding Goodwill": -12990000.0,
        "Net Income From Continuing Operation Net Minority Interest": 39278000.0,
        "Reconciled Depreciation": 22350000.0,
        "Reconciled Cost Of Revenue": 242814000.0,
        "EBITDA": 137932000.0,
        "EBIT": 115582000.0,
        "Net Interest Income": -2479000.0,
        "Interest Expense": 4164000.0,
        "Interest Income": 1685000.0,
        "Normalized Income": 47072000.0,
        "Net Income From Continuing And Discontinued Operation": 43423000.0,
        "Total Expenses": 258740000.0,
        "Total Operating Income As Reported": 126641000.0,
        "Diluted Average Shares": 167463000.0,
        "Basic Average Shares": 167119000.0,
        "Diluted EPS": 0.25,
        "Basic EPS": 0.26,
        "Diluted NI Availto Com Stockholders": 43423000.0,
        "Net Income Common Stockholders": 43423000.0,
        "Net Income": 43423000.0,
        "Minority Interests": -136000.0,
        "Net Income Including Noncontrolling Interests": 43559000.0,
        "Net Income Discontinuous Operations": 4145000.0,
        "Net Income Continuous Operations": 39414000.0,
        "Earnings From Equity Interest Net Of Tax": -38000.0,
        "Tax Provision": 71966000.0,
        "Pretax Income": 111418000.0,
        "Other Income Expense": -12744000.0,
        "Other Non Operating Income Expenses": 246000.0,
        "Special Income Charges": 1461000.0,
        "Gain On Sale Of Business": 1461000.0,
        "Impairment Of Capital Assets": 0.0,
        "Gain On Sale Of Security": -14451000.0,
        "Net Non Operating Interest Income Expense": -2479000.0,
        "Interest Expense Non Operating": 4164000.0,
        "Interest Income Non Operating": 1685000.0,
        "Operating Income": 126641000.0,
        "Operating Expense": 15926000.0,
        "Selling General And Administration": 15926000.0,
        "General And Administrative Expense": 15926000.0,
        "Other Gand A": 15926000.0,
        "Gross Profit": 142567000.0,
        "Cost Of Revenue": 242814000.0,
        "Total Revenue": 385381000.0,
        "Operating Revenue": 436005000.0
    },
    "2023-06-30": {
        "Tax Effect Of Unusual Items": NaN,
        "Tax Rate For Calcs": NaN,
        "Normalized EBITDA": NaN,
        "Total Unusual Items": NaN,
        "Total Unusual Items Excluding Goodwill": NaN,
        "Net Income From Continuing Operation Net Minority Interest": NaN,
        "Reconciled Depreciation": NaN,
        "Reconciled Cost Of Revenue": NaN,
        "EBITDA": NaN,
        "EBIT": NaN,
        "Net Interest Income": NaN,
        "Interest Expense": NaN,
        "Interest Income": NaN,
        "Normalized Income": NaN,
        "Net Income From Continuing And Discontinued Operation": NaN,
        "Total Expenses": NaN,
        "Total Operating Income As Reported": NaN,
        "Diluted Average Shares": NaN,
        "Basic Average Shares": NaN,
        "Diluted EPS": NaN,
        "Basic EPS": NaN,
        "Diluted NI Availto Com Stockholders": NaN,
        "Net Income Common Stockholders": NaN,
        "Net Income": NaN,
        "Minority Interests": NaN,
        "Net Income Including Noncontrolling Interests": NaN,
        "Net Income Discontinuous Operations": NaN,
        "Net Income Continuous Operations": NaN,
        "Earnings From Equity Interest Net Of Tax": 0.0,
        "Tax Provision": NaN,
        "Pretax Income": NaN,
        "Other Income Expense": NaN,
        "Other Non Operating Income Expenses": NaN,
        "Special Income Charges": NaN,
        "Gain On Sale Of Business": NaN,
        "Impairment Of Capital Assets": 1620000.0,
        "Gain On Sale Of Security": NaN,
        "Net Non Operating Interest Income Expense": NaN,
        "Interest Expense Non Operating": NaN,
        "Interest Income Non Operating": NaN,
        "Operating Income": NaN,
        "Operating Expense": NaN,
        "Selling General And Administration": NaN,
        "General And Administrative Expense": NaN,
        "Other Gand A": NaN,
        "Gross Profit": NaN,
        "Cost Of Revenue": NaN,
        "Total Revenue": NaN,
        "Operating Revenue": NaN
    },
    "2022-03-31": {
        "Diluted EPS": -0.25,
        "Total Revenue": 210,
        "Gross Profit": 27,
        "Operating Income": 9,
        "EBIT": 31,
        "Net Income": -44
    },
    "2021-12-31": {
        "Diluted EPS": 0.04,
        "Total Revenue": 297,
        "Gross Profit": 59,
        "Operating Income": -11,
        "EBIT": 23,
        "Net Income": 26
    },
    "2021-09-30": {
        "Diluted EPS": 1.94,
        "Total Revenue": 268,
        "Gross Profit": 86,
        "Operating Income": 35,
        "EBIT": 70,
        "Net Income": 360
    },
    "2021-06-30": {
        "Diluted EPS": -0.15,
        "Total Revenue": 328,
        "Gross Profit": 114,
        "Operating Income": 58,
        "EBIT": 96,
        "Net Income": -29
    },
    "2021-03-31": {
        "Diluted EPS": -0.82,
        "Total Revenue": 195,
        "Gross Profit": 13,
        "Operating Income": -86,
        "EBIT": -48,
        "Net Income": -165
    },
    "2020-12-31": {
        "Diluted EPS": 1.81,
        "Total Revenue": 285,
        "Gross Profit": 97,
        "Operating Income": 37,
        "EBIT": 76,
        "Net Income": 379
    },
    "2020-09-30": {
        "Diluted EPS": -3.73,
        "Total Revenue": 244,
        "Gross Profit": 58,
        "Operating Income": -318,
        "EBIT": -268,
        "Net Income": -784
    },
    "2020-06-30": {
        "Diluted EPS": -1.46,
        "Total Revenue": 304,
        "Gross Profit": 96,
        "Operating Income": 29,
        "EBIT": 95,
        "Net Income": -308
    },
    "2020-03-31": {
        "Diluted EPS": 0.47,
        "Total Revenue": 192,
        "Gross Profit": -28,
        "Operating Income": -77,
        "EBIT": -10,
        "Net Income": 100
    },
    "2019-12-31": {
        "Diluted EPS": 0.28,
        "Total Revenue": 352,
        "Gross Profit": 109,
        "Operating Income": 57,
        "EBIT": 131,
        "Net Income": 60
    },
    "2019-09-30": {
        "Diluted EPS": -0.43,
        "Total Revenue": 277,
        "Gross Profit": 48,
        "Operating Income": -18,
        "EBIT": 63,
        "Net Income": -95
    },
    "2019-06-30": {
        "Diluted EPS": 3.48,
        "Total Revenue": 992,
        "Gross Profit": 285,
        "Operating Income": 217,
        "EBIT": 296,
        "Net Income": 782
    },
    "2019-03-31": {
        "Diluted EPS": 0.85,
        "Total Revenue": 601,
        "Gross Profit": -38,
        "Operating Income": -92,
        "EBIT": -11,
        "Net Income": 191
    },
    "2018-12-31": {
        "Diluted EPS": 0.56,
        "Total Revenue": NaN,
        "Gross Profit": -118,
        "Operating Income": -181,
        "EBIT": -131,
        "Net Income": 70
    },
    "2018-09-30": {
        "Diluted EPS": -0.42,
        "Total Revenue": 778,
        "Gross Profit": 113,
        "Operating Income": 29,
        "EBIT": 89,
        "Net Income": -94
    },
    "2018-06-30": {
        "Diluted EPS": 1.0,
        "Total Revenue": NaN,
        "Gross Profit": 291,
        "Operating Income": 218,
        "EBIT": 281,
        "Net Income": 294
    },
    "2018-03-31": {
        "Diluted EPS": 0.59,
        "Total Revenue": 632,
        "Gross Profit": -45,
        "Operating Income": -93,
        "EBIT": -25,
        "Net Income": 111
    },
    "2017-12-31": {
        "Diluted EPS": 0.59,
        "Total Revenue": 381,
        "Gross Profit": 130,
        "Operating Income": 29,
        "EBIT": 95,
        "Net Income": 89
    },
    "2017-09-30": {
        "Diluted EPS": -1.02,
        "Total Revenue": 819,
        "Gross Profit": 90,
        "Operating Income": 25,
        "EBIT": 93,
        "Net Income": -182
    },
    "2017-06-30": {
        "Diluted EPS": 0.28,
        "Total Revenue": NaN,
        "Gross Profit": 335,
        "Operating Income": 244,
        "EBIT": 311,
        "Net Income": 47
    },
    "2017-03-31": {
        "Diluted EPS": -1.05,
        "Total Revenue": 856,
        "Gross Profit": 3,
        "Operating Income": -63,
        "EBIT": 2,
        "Net Income": -162
    },
    "2016-12-31": {
        "Diluted EPS": 0.27,
        "Total Revenue": NaN,
        "Gross Profit": NaN,
        "Operating Income": NaN,
        "EBIT": NaN,
        "Net Income": 41
    },
    "2016-09-30": {
        "Diluted EPS": 0.66,
        "Total Revenue": 930,
        "Gross Profit": 66,
        "Operating Income": 13,
        "EBIT": 79,
        "Net Income": 88
    },
    "2016-06-30": {
        "Diluted EPS": 2.59,
        "Total Revenue": NaN,
        "Gross Profit": 268,
        "Operating Income": 211,
        "EBIT": 280,
        "Net Income": 347
    },
    "2016-03-31": {
        "Diluted EPS": -0.76,
        "Total Revenue": 907,
        "Gross Profit": 37,
        "Operating Income": -11,
        "EBIT": 55,
        "Net Income": -102
    },
    "2015-12-31": {
        "Diluted EPS": 0.0,
        "Total Revenue": NaN,
        "Gross Profit": NaN,
        "Operating Income": NaN,
        "EBIT": NaN,
        "Net Income": NaN
    },
    "2014-12-31": {
        "Diluted EPS": 0.0,
        "Total Revenue": NaN,
        "Gross Profit": NaN,
        "Operating Income": NaN,
        "EBIT": NaN,
        "Net Income": NaN
    },
    "2013-12-31": {
        "Diluted EPS": 0.0,
        "Total Revenue": NaN,
        "Gross Profit": NaN,
        "Operating Income": NaN,
        "EBIT": NaN,
        "Net Income": NaN
    },
    "2023-09-30": {
        "Tax Effect Of Unusual Items": NaN,
        "Tax Rate For Calcs": NaN,
        "Normalized EBITDA": NaN,
        "Total Unusual Items": NaN,
        "Total Unusual Items Excluding Goodwill": NaN,
        "Net Income From Continuing Operation Net Minority Interest": NaN,
        "Reconciled Depreciation": NaN,
        "Reconciled Cost Of Revenue": NaN,
        "EBITDA": NaN,
        "EBIT": NaN,
        "Net Interest Income": NaN,
        "Interest Expense": NaN,
        "Interest Income": NaN,
        "Normalized Income": NaN,
        "Net Income From Continuing And Discontinued Operation": NaN,
        "Total Expenses": NaN,
        "Total Operating Income As Reported": NaN,
        "Diluted Average Shares": 157800000.0,
        "Basic Average Shares": 157300000.0,
        "Diluted EPS": 0.23,
        "Basic EPS": 0.23,
        "Diluted NI Availto Com Stockholders": NaN,
        "Net Income Common Stockholders": NaN,
        "Net Income": NaN,
        "Minority Interests": NaN,
        "Net Income Including Noncontrolling Interests": NaN,
        "Net Income Discontinuous Operations": NaN,
        "Net Income Continuous Operations": NaN,
        "Earnings From Equity Interest Net Of Tax": NaN,
        "Tax Provision": NaN,
        "Pretax Income": NaN,
        "Other Income Expense": NaN,
        "Other Non Operating Income Expenses": NaN,
        "Special Income Charges": NaN,
        "Gain On Sale Of Business": NaN,
        "Impairment Of Capital Assets": NaN,
        "Gain On Sale Of Security": NaN,
        "Net Non Operating Interest Income Expense": NaN,
        "Interest Expense Non Operating": NaN,
        "Interest Income Non Operating": NaN,
        "Operating Income": NaN,
        "Operating Expense": NaN,
        "Selling General And Administration": NaN,
        "General And Administrative Expense": NaN,
        "Other Gand A": NaN,
        "Gross Profit": NaN,
        "Cost Of Revenue": NaN,
        "Total Revenue": NaN,
        "Operating Revenue": NaN
    },
    "2023-12-31": {
        "Tax Effect Of Unusual Items": NaN,
        "Tax Rate For Calcs": NaN,
        "Normalized EBITDA": NaN,
        "Total Unusual Items": NaN,
        "Total Unusual Items Excluding Goodwill": NaN,
        "Net Income From Continuing Operation Net Minority Interest": NaN,
        "Reconciled Depreciation": NaN,
        "Reconciled Cost Of Revenue": NaN,
        "EBITDA": NaN,
        "EBIT": NaN,
        "Net Interest Income": NaN,
        "Interest Expense": NaN,
        "Interest Income": NaN,
        "Normalized Income": NaN,
        "Net Income From Continuing And Discontinued Operation": NaN,
        "Total Expenses": NaN,
        "Total Operating Income As Reported": NaN,
        "Diluted Average Shares": NaN,
        "Basic Average Shares": NaN,
        "Diluted EPS": NaN,
        "Basic EPS": NaN,
        "Diluted NI Availto Com Stockholders": NaN,
        "Net Income Common Stockholders": NaN,
        "Net Income": NaN,
        "Minority Interests": NaN,
        "Net Income Including Noncontrolling Interests": NaN,
        "Net Income Discontinuous Operations": NaN,
        "Net Income Continuous Operations": NaN,
        "Earnings From Equity Interest Net Of Tax": 174000.0,
        "Tax Provision": NaN,
        "Pretax Income": NaN,
        "Other Income Expense": NaN,
        "Other Non Operating Income Expenses": NaN,
        "Special Income Charges": NaN,
        "Gain On Sale Of Business": NaN,
        "Impairment Of Capital Assets": 1453000.0,
        "Gain On Sale Of Security": NaN,
        "Net Non Operating Interest Income Expense": NaN,
        "Interest Expense Non Operating": NaN,
        "Interest Income Non Operating": NaN,
        "Operating Income": NaN,
        "Operating Expense": NaN,
        "Selling General And Administration": NaN,
        "General And Administrative Expense": NaN,
        "Other Gand A": NaN,
        "Gross Profit": NaN,
        "Cost Of Revenue": NaN,
        "Total Revenue": NaN,
        "Operating Revenue": NaN
    },
    "2024-03-31": {
        "Tax Effect Of Unusual Items": NaN,
        "Tax Rate For Calcs": NaN,
        "Normalized EBITDA": NaN,
        "Total Unusual Items": NaN,
        "Total Unusual Items Excluding Goodwill": NaN,
        "Net Income From Continuing Operation Net Minority Interest": NaN,
        "Reconciled Depreciation": NaN,
        "Reconciled Cost Of Revenue": NaN,
        "EBITDA": NaN,
        "EBIT": NaN,
        "Net Interest Income": NaN,
        "Interest Expense": NaN,
        "Interest Income": NaN,
        "Normalized Income": NaN,
        "Net Income From Continuing And Discontinued Operation": NaN,
        "Total Expenses": NaN,
        "Total Operating Income As Reported": NaN,
        "Diluted Average Shares": NaN,
        "Basic Average Shares": NaN,
        "Diluted EPS": NaN,
        "Basic EPS": NaN,
        "Diluted NI Availto Com Stockholders": NaN,
        "Net Income Common Stockholders": NaN,
        "Net Income": NaN,
        "Minority Interests": NaN,
        "Net Income Including Noncontrolling Interests": NaN,
        "Net Income Discontinuous Operations": NaN,
        "Net Income Continuous Operations": NaN,
        "Earnings From Equity Interest Net Of Tax": -7000.0,
        "Tax Provision": NaN,
        "Pretax Income": NaN,
        "Other Income Expense": NaN,
        "Other Non Operating Income Expenses": NaN,
        "Special Income Charges": -3086000.0,
        "Gain On Sale Of Business": -3086000.0,
        "Impairment Of Capital Assets": NaN,
        "Gain On Sale Of Security": NaN,
        "Net Non Operating Interest Income Expense": NaN,
        "Interest Expense Non Operating": NaN,
        "Interest Income Non Operating": NaN,
        "Operating Income": NaN,
        "Operating Expense": NaN,
        "Selling General And Administration": NaN,
        "General And Administrative Expense": NaN,
        "Other Gand A": NaN,
        "Gross Profit": NaN,
        "Cost Of Revenue": NaN,
        "Total Revenue": NaN,
        "Operating Revenue": NaN
    },
    "2024-06-30": {
        "Tax Effect Of Unusual Items": NaN,
        "Tax Rate For Calcs": NaN,
        "Normalized EBITDA": NaN,
        "Total Unusual Items": NaN,
        "Total Unusual Items Excluding Goodwill": NaN,
        "Net Income From Continuing Operation Net Minority Interest": NaN,
        "Reconciled Depreciation": NaN,
        "Reconciled Cost Of Revenue": NaN,
        "EBITDA": NaN,
        "EBIT": NaN,
        "Net Interest Income": NaN,
        "Interest Expense": NaN,
        "Interest Income": NaN,
        "Normalized Income": NaN,
        "Net Income From Continuing And Discontinued Operation": NaN,
        "Total Expenses": NaN,
        "Total Operating Income As Reported": NaN,
        "Diluted Average Shares": NaN,
        "Basic Average Shares": NaN,
        "Diluted EPS": NaN,
        "Basic EPS": NaN,
        "Diluted NI Availto Com Stockholders": NaN,
        "Net Income Common Stockholders": NaN,
        "Net Income": NaN,
        "Minority Interests": NaN,
        "Net Income Including Noncontrolling Interests": NaN,
        "Net Income Discontinuous Operations": NaN,
        "Net Income Continuous Operations": NaN,
        "Earnings From Equity Interest Net Of Tax": NaN,
        "Tax Provision": NaN,
        "Pretax Income": NaN,
        "Other Income Expense": NaN,
        "Other Non Operating Income Expenses": NaN,
        "Special Income Charges": 0.0,
        "Gain On Sale Of Business": 0.0,
        "Impairment Of Capital Assets": 0.0,
        "Gain On Sale Of Security": NaN,
        "Net Non Operating Interest Income Expense": NaN,
        "Interest Expense Non Operating": NaN,
        "Interest Income Non Operating": NaN,
        "Operating Income": NaN,
        "Operating Expense": NaN,
        "Selling General And Administration": NaN,
        "General And Administrative Expense": NaN,
        "Other Gand A": NaN,
        "Gross Profit": NaN,
        "Cost Of Revenue": NaN,
        "Total Revenue": NaN,
        "Operating Revenue": NaN
    },
    "2024-09-30": {
        "Tax Effect Of Unusual Items": 3049830.0,
        "Tax Rate For Calcs": 0.21,
        "Normalized EBITDA": 100941000.0,
        "Total Unusual Items": 14523000.0,
        "Total Unusual Items Excluding Goodwill": 14523000.0,
        "Net Income From Continuing Operation Net Minority Interest": 85467000.0,
        "Reconciled Depreciation": 25622000.0,
        "Reconciled Cost Of Revenue": 285956000.0,
        "EBITDA": 115464000.0,
        "EBIT": 89842000.0,
        "Net Interest Income": -2623000.0,
        "Interest Expense": 4979000.0,
        "Interest Income": 2356000.0,
        "Normalized Income": 73993830.0,
        "Net Income From Continuing And Discontinued Operation": 85463000.0,
        "Total Expenses": 296591000.0,
        "Total Operating Income As Reported": 72040000.0,
        "Diluted Average Shares": 152200000.0,
        "Basic Average Shares": 151600000.0,
        "Diluted EPS": 0.561761,
        "Basic EPS": 0.563984,
        "Diluted NI Availto Com Stockholders": 85463000.0,
        "Net Income Common Stockholders": 85463000.0,
        "Net Income": 85463000.0,
        "Minority Interests": 136000.0,
        "Net Income Including Noncontrolling Interests": 85327000.0,
        "Net Income Discontinuous Operations": -4000.0,
        "Net Income Continuous Operations": 85331000.0,
        "Earnings From Equity Interest Net Of Tax": NaN,
        "Tax Provision": -468000.0,
        "Pretax Income": 84863000.0,
        "Other Income Expense": 15446000.0,
        "Other Non Operating Income Expenses": 923000.0,
        "Special Income Charges": 0.0,
        "Gain On Sale Of Business": 0.0,
        "Impairment Of Capital Assets": NaN,
        "Gain On Sale Of Security": 14523000.0,
        "Net Non Operating Interest Income Expense": -2623000.0,
        "Interest Expense Non Operating": 4979000.0,
        "Interest Income Non Operating": 2356000.0,
        "Operating Income": 72040000.0,
        "Operating Expense": 10635000.0,
        "Selling General And Administration": 10635000.0,
        "General And Administrative Expense": 10635000.0,
        "Other Gand A": 10635000.0,
        "Gross Profit": 82675000.0,
        "Cost Of Revenue": 285956000.0,
        "Total Revenue": 368631000.0,
        "Operating Revenue": 426170000.0
    },
    "2024-12-31": {
        "Tax Effect Of Unusual Items": 5343690.578972,
        "Tax Rate For Calcs": 0.333106,
        "Normalized EBITDA": 151107000.0,
        "Total Unusual Items": 16042000.0,
        "Total Unusual Items Excluding Goodwill": 16042000.0,
        "Net Income From Continuing Operation Net Minority Interest": 93311000.0,
        "Reconciled Depreciation": 24362000.0,
        "Reconciled Cost Of Revenue": 287952000.0,
        "EBITDA": 167149000.0,
        "EBIT": 142787000.0,
        "Net Interest Income": -1546000.0,
        "Interest Expense": 3333000.0,
        "Interest Income": 1787000.0,
        "Normalized Income": 82612690.578972,
        "Net Income From Continuing And Discontinued Operation": 93632000.0,
        "Total Expenses": 299175000.0,
        "Total Operating Income As Reported": 124219000.0,
        "Diluted Average Shares": 151500000.0,
        "Basic Average Shares": 150700000.0,
        "Diluted EPS": 0.62,
        "Basic EPS": 0.62,
        "Diluted NI Availto Com Stockholders": 93632000.0,
        "Net Income Common Stockholders": 93632000.0,
        "Net Income": 93632000.0,
        "Minority Interests": 66000.0,
        "Net Income Including Noncontrolling Interests": 93566000.0,
        "Net Income Discontinuous Operations": 321000.0,
        "Net Income Continuous Operations": 93245000.0,
        "Earnings From Equity Interest Net Of Tax": 244000.0,
        "Tax Provision": 46453000.0,
        "Pretax Income": 139454000.0,
        "Other Income Expense": 16781000.0,
        "Other Non Operating Income Expenses": 739000.0,
        "Special Income Charges": 1751000.0,
        "Gain On Sale Of Business": 1782000.0,
        "Impairment Of Capital Assets": 0.0,
        "Gain On Sale Of Security": 14291000.0,
        "Net Non Operating Interest Income Expense": -1546000.0,
        "Interest Expense Non Operating": 3333000.0,
        "Interest Income Non Operating": 1787000.0,
        "Operating Income": 124219000.0,
        "Operating Expense": 11223000.0,
        "Selling General And Administration": 11223000.0,
        "General And Administrative Expense": 11223000.0,
        "Other Gand A": 11223000.0,
        "Gross Profit": 135442000.0,
        "Cost Of Revenue": 287952000.0,
        "Total Revenue": 423394000.0,
        "Operating Revenue": 513662000.0
    },
    "2025-03-31": {
        "Tax Effect Of Unusual Items": -671790.0,
        "Tax Rate For Calcs": 0.21,
        "Normalized EBITDA": 12516000.0,
        "Total Unusual Items": -3199000.0,
        "Total Unusual Items Excluding Goodwill": -3199000.0,
        "Net Income From Continuing Operation Net Minority Interest": -19709000.0,
        "Reconciled Depreciation": 24203000.0,
        "Reconciled Cost Of Revenue": 238363000.0,
        "EBITDA": 9317000.0,
        "EBIT": -14886000.0,
        "Net Interest Income": -847000.0,
        "Interest Expense": 2366000.0,
        "Interest Income": 1519000.0,
        "Normalized Income": -17181790.0,
        "Net Income From Continuing And Discontinued Operation": -19496000.0,
        "Total Expenses": 249353000.0,
        "Total Operating Income As Reported": -13191000.0,
        "Diluted Average Shares": 147563000.0,
        "Basic Average Shares": 147563000.0,
        "Diluted EPS": -0.13,
        "Basic EPS": -0.13,
        "Diluted NI Availto Com Stockholders": -19496000.0,
        "Net Income Common Stockholders": -19496000.0,
        "Net Income": -19496000.0,
        "Minority Interests": 57000.0,
        "Net Income Including Noncontrolling Interests": -19553000.0,
        "Net Income Discontinuous Operations": 213000.0,
        "Net Income Continuous Operations": -19766000.0,
        "Earnings From Equity Interest Net Of Tax": 3000.0,
        "Tax Provision": 2517000.0,
        "Pretax Income": -17252000.0,
        "Other Income Expense": -3214000.0,
        "Other Non Operating Income Expenses": -15000.0,
        "Special Income Charges": 0.0,
        "Gain On Sale Of Business": 0.0,
        "Impairment Of Capital Assets": NaN,
        "Gain On Sale Of Security": -3199000.0,
        "Net Non Operating Interest Income Expense": -847000.0,
        "Interest Expense Non Operating": 2366000.0,
        "Interest Income Non Operating": 1519000.0,
        "Operating Income": -13191000.0,
        "Operating Expense": 10990000.0,
        "Selling General And Administration": 10990000.0,
        "General And Administrative Expense": 10990000.0,
        "Other Gand A": 10990000.0,
        "Gross Profit": -2201000.0,
        "Cost Of Revenue": 238363000.0,
        "Total Revenue": 236162000.0,
        "Operating Revenue": 283576000.0
    },
    "2025-06-30": {
        "Tax Effect Of Unusual Items": -5370960.0,
        "Tax Rate For Calcs": 0.21,
        "Normalized EBITDA": 222021000.0,
        "Total Unusual Items": -25576000.0,
        "Total Unusual Items Excluding Goodwill": -25576000.0,
        "Net Income From Continuing Operation Net Minority Interest": 95087000.0,
        "Reconciled Depreciation": 26511000.0,
        "Reconciled Cost Of Revenue": 317351000.0,
        "EBITDA": 196445000.0,
        "EBIT": 169934000.0,
        "Net Interest Income": -1776000.0,
        "Interest Expense": 3145000.0,
        "Interest Income": 1369000.0,
        "Normalized Income": 115292040.0,
        "Net Income From Continuing And Discontinued Operation": 95083000.0,
        "Total Expenses": 330819000.0,
        "Total Operating Income As Reported": 193337000.0,
        "Diluted Average Shares": 146773000.0,
        "Basic Average Shares": 146122000.0,
        "Diluted EPS": 0.65,
        "Basic EPS": 0.65,
        "Diluted NI Availto Com Stockholders": 95083000.0,
        "Net Income Common Stockholders": 95083000.0,
        "Net Income": 95083000.0,
        "Minority Interests": -2343000.0,
        "Net Income Including Noncontrolling Interests": 97426000.0,
        "Net Income Discontinuous Operations": -4000.0,
        "Net Income Continuous Operations": 97430000.0,
        "Earnings From Equity Interest Net Of Tax": NaN,
        "Tax Provision": 69359000.0,
        "Pretax Income": 166789000.0,
        "Other Income Expense": -24772000.0,
        "Other Non Operating Income Expenses": 804000.0,
        "Special Income Charges": NaN,
        "Gain On Sale Of Business": NaN,
        "Impairment Of Capital Assets": NaN,
        "Gain On Sale Of Security": -25576000.0,
        "Net Non Operating Interest Income Expense": -1776000.0,
        "Interest Expense Non Operating": 3145000.0,
        "Interest Income Non Operating": 1369000.0,
        "Operating Income": 193337000.0,
        "Operating Expense": 13468000.0,
        "Selling General And Administration": 13468000.0,
        "General And Administrative Expense": 13468000.0,
        "Other Gand A": 13468000.0,
        "Gross Profit": 206805000.0,
        "Cost Of Revenue": 317351000.0,
        "Total Revenue": 524156000.0,
        "Operating Revenue": 626584000.0
    },
    "2025-09-30": {
        "Tax Effect Of Unusual Items": -492870.0,
        "Tax Rate For Calcs": 0.21,
        "Normalized EBITDA": 102867000.0,
        "Total Unusual Items": -2347000.0,
        "Total Unusual Items Excluding Goodwill": -2347000.0,
        "Net Income From Continuing Operation Net Minority Interest": 34481000.0,
        "Reconciled Depreciation": 29092000.0,
        "Reconciled Cost Of Revenue": 316538000.0,
        "EBITDA": 100520000.0,
        "EBIT": 71428000.0,
        "Net Interest Income": -469000.0,
        "Interest Expense": 2605000.0,
        "Interest Income": 2136000.0,
        "Normalized Income": 36335130.0,
        "Net Income From Continuing And Discontinued Operation": 34487000.0,
        "Total Expenses": 328756000.0,
        "Total Operating Income As Reported": 71468000.0,
        "Diluted Average Shares": 148211000.0,
        "Basic Average Shares": 147363000.0,
        "Diluted EPS": 0.23,
        "Basic EPS": 0.23,
        "Diluted NI Availto Com Stockholders": 34487000.0,
        "Net Income Common Stockholders": 34487000.0,
        "Net Income": 34487000.0,
        "Minority Interests": 108000.0,
        "Net Income Including Noncontrolling Interests": 34379000.0,
        "Net Income Discontinuous Operations": 6000.0,
        "Net Income Continuous Operations": 34373000.0,
        "Earnings From Equity Interest Net Of Tax": NaN,
        "Tax Provision": 34450000.0,
        "Pretax Income": 68823000.0,
        "Other Income Expense": -2176000.0,
        "Other Non Operating Income Expenses": 171000.0,
        "Special Income Charges": NaN,
        "Gain On Sale Of Business": NaN,
        "Impairment Of Capital Assets": NaN,
        "Gain On Sale Of Security": -2347000.0,
        "Net Non Operating Interest Income Expense": -469000.0,
        "Interest Expense Non Operating": 2605000.0,
        "Interest Income Non Operating": 2136000.0,
        "Operating Income": 71468000.0,
        "Operating Expense": 12218000.0,
        "Selling General And Administration": 12218000.0,
        "General And Administrative Expense": 12218000.0,
        "Other Gand A": 12218000.0,
        "Gross Profit": 83686000.0,
        "Cost Of Revenue": 316538000.0,
        "Total Revenue": 400224000.0,
        "Operating Revenue": 477650000.0
    }
}