{
    "2023-03-31": {
        "Tax Effect Of Unusual Items": NaN,
        "Tax Rate For Calcs": NaN,
        "Normalized EBITDA": NaN,
        "Net Income From Continuing Operation Net Minority Interest": NaN,
        "Reconciled Depreciation": NaN,
        "Reconciled Cost Of Revenue": NaN,
        "EBITDA": NaN,
        "EBIT": NaN,
        "Net Interest Income": NaN,
        "Interest Expense": NaN,
        "Interest Income": NaN,
        "Normalized Income": NaN,
        "Net Income From Continuing And Discontinued Operation": NaN,
        "Total Expenses": NaN,
        "Total Operating Income As Reported": NaN,
        "Diluted Average Shares": 59410000.0,
        "Basic Average Shares": 59410000.0,
        "Diluted EPS": -0.34,
        "Basic EPS": -0.34,
        "Diluted NI Availto Com Stockholders": NaN,
        "Net Income Common Stockholders": NaN,
        "Net Income": NaN,
        "Net Income Including Noncontrolling Interests": NaN,
        "Net Income Continuous Operations": NaN,
        "Tax Provision": NaN,
        "Pretax Income": NaN,
        "Net Non Operating Interest Income Expense": NaN,
        "Interest Expense Non Operating": NaN,
        "Interest Income Non Operating": NaN,
        "Operating Income": NaN,
        "Operating Expense": NaN,
        "Research And Development": NaN,
        "Selling General And Administration": NaN,
        "Selling And Marketing Expense": NaN,
        "General And Administrative Expense": NaN,
        "Other Gand A": NaN,
        "Gross Profit": NaN,
        "Cost Of Revenue": NaN,
        "Total Revenue": NaN,
        "Operating Revenue": NaN
    },
    "2022-12-31": {
        "Tax Effect Of Unusual Items": NaN,
        "Tax Rate For Calcs": NaN,
        "Normalized EBITDA": NaN,
        "Net Income From Continuing Operation Net Minority Interest": NaN,
        "Reconciled Depreciation": NaN,
        "Reconciled Cost Of Revenue": NaN,
        "EBITDA": NaN,
        "EBIT": NaN,
        "Net Interest Income": NaN,
        "Interest Expense": -134000.0,
        "Interest Income": NaN,
        "Normalized Income": NaN,
        "Net Income From Continuing And Discontinued Operation": NaN,
        "Total Expenses": NaN,
        "Total Operating Income As Reported": NaN,
        "Diluted Average Shares": NaN,
        "Basic Average Shares": NaN,
        "Diluted EPS": NaN,
        "Basic EPS": NaN,
        "Diluted NI Availto Com Stockholders": NaN,
        "Net Income Common Stockholders": NaN,
        "Otherunder Preferred Stock Dividend": 0.0,
        "Net Income": NaN,
        "Net Income Including Noncontrolling Interests": NaN,
        "Net Income Continuous Operations": NaN,
        "Tax Provision": NaN,
        "Pretax Income": NaN,
        "Net Non Operating Interest Income Expense": NaN,
        "Interest Expense Non Operating": -134000.0,
        "Interest Income Non Operating": NaN,
        "Operating Income": NaN,
        "Operating Expense": NaN,
        "Research And Development": NaN,
        "Selling General And Administration": NaN,
        "Selling And Marketing Expense": NaN,
        "General And Administrative Expense": NaN,
        "Other Gand A": NaN,
        "Gross Profit": NaN,
        "Cost Of Revenue": NaN,
        "Total Revenue": NaN,
        "Operating Revenue": NaN
    },
    "2022-09-30": {
        "Tax Effect Of Unusual Items": NaN,
        "Tax Rate For Calcs": NaN,
        "Normalized EBITDA": NaN,
        "Net Income From Continuing Operation Net Minority Interest": NaN,
        "Reconciled Depreciation": NaN,
        "Reconciled Cost Of Revenue": NaN,
        "EBITDA": NaN,
        "EBIT": NaN,
        "Net Interest Income": NaN,
        "Interest Expense": 314000.0,
        "Interest Income": NaN,
        "Normalized Income": NaN,
        "Net Income From Continuing And Discontinued Operation": NaN,
        "Total Expenses": NaN,
        "Total Operating Income As Reported": NaN,
        "Diluted Average Shares": NaN,
        "Basic Average Shares": NaN,
        "Diluted EPS": NaN,
        "Basic EPS": NaN,
        "Diluted NI Availto Com Stockholders": NaN,
        "Net Income Common Stockholders": NaN,
        "Otherunder Preferred Stock Dividend": 0.0,
        "Net Income": NaN,
        "Net Income Including Noncontrolling Interests": NaN,
        "Net Income Continuous Operations": NaN,
        "Tax Provision": NaN,
        "Pretax Income": NaN,
        "Net Non Operating Interest Income Expense": NaN,
        "Interest Expense Non Operating": 314000.0,
        "Interest Income Non Operating": NaN,
        "Operating Income": NaN,
        "Operating Expense": NaN,
        "Research And Development": NaN,
        "Selling General And Administration": NaN,
        "Selling And Marketing Expense": NaN,
        "General And Administrative Expense": NaN,
        "Other Gand A": NaN,
        "Gross Profit": NaN,
        "Cost Of Revenue": NaN,
        "Total Revenue": NaN,
        "Operating Revenue": NaN
    },
    "2022-06-30": {
        "Tax Effect Of Unusual Items": 0.0,
        "Tax Rate For Calcs": 0.4,
        "Normalized EBITDA": -19927000.0,
        "Net Income From Continuing Operation Net Minority Interest": -20171000.0,
        "Reconciled Depreciation": 700000.0,
        "Reconciled Cost Of Revenue": 8489000.0,
        "EBITDA": -19927000.0,
        "EBIT": -19927000.0,
        "Net Interest Income": -171000.0,
        "Interest Expense": 200000.0,
        "Interest Income": 29000.0,
        "Normalized Income": -20171000.0,
        "Net Income From Continuing And Discontinued Operation": -20171000.0,
        "Total Expenses": 53666000.0,
        "Total Operating Income As Reported": -19956000.0,
        "Diluted Average Shares": 58344000.0,
        "Basic Average Shares": 58344000.0,
        "Diluted EPS": -0.35,
        "Basic EPS": -0.35,
        "Diluted NI Availto Com Stockholders": -20171000.0,
        "Net Income Common Stockholders": -20171000.0,
        "Otherunder Preferred Stock Dividend": 0.0,
        "Net Income": -20171000.0,
        "Net Income Including Noncontrolling Interests": -20171000.0,
        "Net Income Continuous Operations": -20171000.0,
        "Tax Provision": 44000.0,
        "Pretax Income": -20127000.0,
        "Net Non Operating Interest Income Expense": -171000.0,
        "Interest Expense Non Operating": 200000.0,
        "Interest Income Non Operating": 29000.0,
        "Operating Income": -19956000.0,
        "Operating Expense": 45177000.0,
        "Research And Development": 15181000.0,
        "Selling General And Administration": 29996000.0,
        "Selling And Marketing Expense": 18931000.0,
        "General And Administrative Expense": 11065000.0,
        "Other Gand A": 11065000.0,
        "Gross Profit": 25221000.0,
        "Cost Of Revenue": 8489000.0,
        "Total Revenue": 33710000.0,
        "Operating Revenue": 33710000.0
    },
    "2022-03-31": {
        "Diluted EPS": -0.2,
        "Total Revenue": 34,
        "Gross Profit": 25,
        "Operating Income": -12,
        "EBIT": -11,
        "Net Income": -12
    },
    "2021-12-31": {
        "Diluted EPS": -0.09,
        "Total Revenue": 34,
        "Gross Profit": 25,
        "Operating Income": -9,
        "EBIT": -9,
        "Net Income": -9
    },
    "2021-09-30": {
        "Diluted EPS": -0.19,
        "Total Revenue": 30,
        "Gross Profit": 22,
        "Operating Income": -9,
        "EBIT": -9,
        "Net Income": -9
    },
    "2021-06-30": {
        "Diluted EPS": -0.23,
        "Total Revenue": 30,
        "Gross Profit": 21,
        "Operating Income": -3,
        "EBIT": -3,
        "Net Income": -3
    },
    "2021-03-31": {
        "Diluted EPS": -0.22,
        "Total Revenue": 21,
        "Gross Profit": 15,
        "Operating Income": -3,
        "EBIT": -2,
        "Net Income": -3
    },
    "2020-12-31": {
        "Diluted EPS": 0.0,
        "Total Revenue": NaN,
        "Gross Profit": NaN,
        "Operating Income": NaN,
        "EBIT": NaN,
        "Net Income": NaN
    },
    "2020-09-30": {
        "Diluted EPS": -0.24,
        "Total Revenue": 18,
        "Gross Profit": 12,
        "Operating Income": -3,
        "EBIT": -3,
        "Net Income": -3
    },
    "2020-06-30": {
        "Diluted EPS": -0.42,
        "Total Revenue": 16,
        "Gross Profit": 11,
        "Operating Income": -5,
        "EBIT": -5,
        "Net Income": -5
    },
    "2023-06-30": {
        "Tax Effect Of Unusual Items": NaN,
        "Tax Rate For Calcs": NaN,
        "Normalized EBITDA": NaN,
        "Net Income From Continuing Operation Net Minority Interest": NaN,
        "Reconciled Depreciation": NaN,
        "Reconciled Cost Of Revenue": NaN,
        "EBITDA": NaN,
        "EBIT": NaN,
        "Net Interest Income": NaN,
        "Interest Expense": NaN,
        "Interest Income": NaN,
        "Normalized Income": NaN,
        "Net Income From Continuing And Discontinued Operation": NaN,
        "Total Expenses": NaN,
        "Total Operating Income As Reported": NaN,
        "Diluted Average Shares": 59856000.0,
        "Basic Average Shares": 59856000.0,
        "Diluted EPS": -0.25,
        "Basic EPS": -0.25,
        "Diluted NI Availto Com Stockholders": NaN,
        "Net Income Common Stockholders": NaN,
        "Net Income": NaN,
        "Net Income Including Noncontrolling Interests": NaN,
        "Net Income Continuous Operations": NaN,
        "Tax Provision": NaN,
        "Pretax Income": NaN,
        "Net Non Operating Interest Income Expense": NaN,
        "Interest Expense Non Operating": NaN,
        "Interest Income Non Operating": NaN,
        "Operating Income": NaN,
        "Operating Expense": NaN,
        "Research And Development": NaN,
        "Selling General And Administration": NaN,
        "Selling And Marketing Expense": NaN,
        "General And Administrative Expense": NaN,
        "Other Gand A": NaN,
        "Gross Profit": NaN,
        "Cost Of Revenue": NaN,
        "Total Revenue": NaN,
        "Operating Revenue": NaN
    },
    "2023-09-30": {
        "Tax Effect Of Unusual Items": NaN,
        "Tax Rate For Calcs": NaN,
        "Normalized EBITDA": NaN,
        "Net Income From Continuing Operation Net Minority Interest": NaN,
        "Reconciled Depreciation": NaN,
        "Reconciled Cost Of Revenue": NaN,
        "EBITDA": NaN,
        "EBIT": NaN,
        "Net Interest Income": NaN,
        "Interest Expense": 260000.0,
        "Interest Income": NaN,
        "Normalized Income": NaN,
        "Net Income From Continuing And Discontinued Operation": NaN,
        "Total Expenses": NaN,
        "Total Operating Income As Reported": NaN,
        "Diluted Average Shares": NaN,
        "Basic Average Shares": NaN,
        "Diluted EPS": NaN,
        "Basic EPS": NaN,
        "Diluted NI Availto Com Stockholders": NaN,
        "Net Income Common Stockholders": NaN,
        "Net Income": NaN,
        "Net Income Including Noncontrolling Interests": NaN,
        "Net Income Continuous Operations": NaN,
        "Tax Provision": NaN,
        "Pretax Income": NaN,
        "Net Non Operating Interest Income Expense": NaN,
        "Interest Expense Non Operating": 260000.0,
        "Interest Income Non Operating": NaN,
        "Operating Income": NaN,
        "Operating Expense": NaN,
        "Research And Development": NaN,
        "Selling General And Administration": NaN,
        "Selling And Marketing Expense": NaN,
        "General And Administrative Expense": NaN,
        "Other Gand A": NaN,
        "Gross Profit": NaN,
        "Cost Of Revenue": NaN,
        "Total Revenue": NaN,
        "Operating Revenue": NaN
    },
    "2023-12-31": {
        "Tax Effect Of Unusual Items": NaN,
        "Tax Rate For Calcs": NaN,
        "Normalized EBITDA": NaN,
        "Net Income From Continuing Operation Net Minority Interest": NaN,
        "Reconciled Depreciation": NaN,
        "Reconciled Cost Of Revenue": NaN,
        "EBITDA": NaN,
        "EBIT": NaN,
        "Net Interest Income": NaN,
        "Interest Expense": -80000.0,
        "Interest Income": NaN,
        "Normalized Income": NaN,
        "Net Income From Continuing And Discontinued Operation": NaN,
        "Total Expenses": NaN,
        "Total Operating Income As Reported": NaN,
        "Diluted Average Shares": NaN,
        "Basic Average Shares": NaN,
        "Diluted EPS": NaN,
        "Basic EPS": NaN,
        "Diluted NI Availto Com Stockholders": NaN,
        "Net Income Common Stockholders": NaN,
        "Net Income": NaN,
        "Net Income Including Noncontrolling Interests": NaN,
        "Net Income Continuous Operations": NaN,
        "Tax Provision": NaN,
        "Pretax Income": NaN,
        "Net Non Operating Interest Income Expense": NaN,
        "Interest Expense Non Operating": -80000.0,
        "Interest Income Non Operating": NaN,
        "Operating Income": NaN,
        "Operating Expense": NaN,
        "Research And Development": NaN,
        "Selling General And Administration": NaN,
        "Selling And Marketing Expense": NaN,
        "General And Administrative Expense": NaN,
        "Other Gand A": NaN,
        "Gross Profit": NaN,
        "Cost Of Revenue": NaN,
        "Total Revenue": NaN,
        "Operating Revenue": NaN
    },
    "2024-03-31": {
        "Tax Effect Of Unusual Items": 0.0,
        "Tax Rate For Calcs": 0.21,
        "Normalized EBITDA": -11257000.0,
        "Net Income From Continuing Operation Net Minority Interest": -10582000.0,
        "Reconciled Depreciation": 1075000.0,
        "Reconciled Cost Of Revenue": 8852000.0,
        "EBITDA": -11257000.0,
        "EBIT": -12332000.0,
        "Net Interest Income": 1836000.0,
        "Interest Expense": 150000.0,
        "Interest Income": 1836000.0,
        "Normalized Income": -10582000.0,
        "Net Income From Continuing And Discontinued Operation": -10582000.0,
        "Total Expenses": 47903000.0,
        "Total Operating Income As Reported": -12332000.0,
        "Diluted Average Shares": 61188000.0,
        "Basic Average Shares": 61188000.0,
        "Diluted EPS": -0.17,
        "Basic EPS": -0.17,
        "Diluted NI Availto Com Stockholders": -10582000.0,
        "Net Income Common Stockholders": -10582000.0,
        "Net Income": -10582000.0,
        "Net Income Including Noncontrolling Interests": -10582000.0,
        "Net Income Continuous Operations": -10582000.0,
        "Tax Provision": 86000.0,
        "Pretax Income": -10496000.0,
        "Net Non Operating Interest Income Expense": 1836000.0,
        "Interest Expense Non Operating": 150000.0,
        "Interest Income Non Operating": 1836000.0,
        "Operating Income": -12332000.0,
        "Operating Expense": 39051000.0,
        "Research And Development": 12079000.0,
        "Selling General And Administration": 26972000.0,
        "Selling And Marketing Expense": 15808000.0,
        "General And Administrative Expense": 11164000.0,
        "Other Gand A": 11164000.0,
        "Gross Profit": 26719000.0,
        "Cost Of Revenue": 8852000.0,
        "Total Revenue": 35571000.0,
        "Operating Revenue": 35571000.0
    },
    "2024-06-30": {
        "Tax Effect Of Unusual Items": 0.0,
        "Tax Rate For Calcs": 0.21,
        "Normalized EBITDA": -9621000.0,
        "Net Income From Continuing Operation Net Minority Interest": -10834000.0,
        "Reconciled Depreciation": 1028000.0,
        "Reconciled Cost Of Revenue": 9288000.0,
        "EBITDA": -9621000.0,
        "EBIT": -10649000.0,
        "Net Interest Income": 1655000.0,
        "Interest Expense": 80000.0,
        "Interest Income": 1735000.0,
        "Normalized Income": -10834000.0,
        "Net Income From Continuing And Discontinued Operation": -10834000.0,
        "Total Expenses": 48389000.0,
        "Total Operating Income As Reported": -12384000.0,
        "Diluted Average Shares": 59815000.0,
        "Basic Average Shares": 59815000.0,
        "Diluted EPS": -0.18,
        "Basic EPS": -0.18,
        "Diluted NI Availto Com Stockholders": -10834000.0,
        "Net Income Common Stockholders": -10834000.0,
        "Net Income": -10834000.0,
        "Net Income Including Noncontrolling Interests": -10834000.0,
        "Net Income Continuous Operations": -10834000.0,
        "Tax Provision": 105000.0,
        "Pretax Income": -10729000.0,
        "Net Non Operating Interest Income Expense": 1655000.0,
        "Interest Expense Non Operating": 80000.0,
        "Interest Income Non Operating": 1735000.0,
        "Operating Income": -12384000.0,
        "Operating Expense": 39101000.0,
        "Research And Development": 12888000.0,
        "Selling General And Administration": 26213000.0,
        "Selling And Marketing Expense": 15498000.0,
        "General And Administrative Expense": 10715000.0,
        "Other Gand A": 10715000.0,
        "Gross Profit": 26717000.0,
        "Cost Of Revenue": 9288000.0,
        "Total Revenue": 36005000.0,
        "Operating Revenue": 36005000.0
    },
    "2024-09-30": {
        "Tax Effect Of Unusual Items": 0.0,
        "Tax Rate For Calcs": 0.21,
        "Normalized EBITDA": -9888000.0,
        "Net Income From Continuing Operation Net Minority Interest": -9158000.0,
        "Reconciled Depreciation": 989000.0,
        "Reconciled Cost Of Revenue": 9740000.0,
        "EBITDA": -9888000.0,
        "EBIT": -10877000.0,
        "Net Interest Income": 1837000.0,
        "Interest Expense": NaN,
        "Interest Income": 1837000.0,
        "Normalized Income": -9158000.0,
        "Net Income From Continuing And Discontinued Operation": -9158000.0,
        "Total Expenses": 47143000.0,
        "Total Operating Income As Reported": -10877000.0,
        "Diluted Average Shares": 59675000.0,
        "Basic Average Shares": 59675000.0,
        "Diluted EPS": -0.15,
        "Basic EPS": -0.15,
        "Diluted NI Availto Com Stockholders": -9158000.0,
        "Net Income Common Stockholders": -9158000.0,
        "Net Income": -9158000.0,
        "Net Income Including Noncontrolling Interests": -9158000.0,
        "Net Income Continuous Operations": -9158000.0,
        "Tax Provision": 118000.0,
        "Pretax Income": -9040000.0,
        "Net Non Operating Interest Income Expense": 1837000.0,
        "Interest Expense Non Operating": NaN,
        "Interest Income Non Operating": 1837000.0,
        "Operating Income": -10877000.0,
        "Operating Expense": 37403000.0,
        "Research And Development": 12757000.0,
        "Selling General And Administration": 24646000.0,
        "Selling And Marketing Expense": 14988000.0,
        "General And Administrative Expense": 9658000.0,
        "Other Gand A": 9658000.0,
        "Gross Profit": 26526000.0,
        "Cost Of Revenue": 9740000.0,
        "Total Revenue": 36266000.0,
        "Operating Revenue": 36266000.0
    },
    "2024-12-31": {
        "Tax Effect Of Unusual Items": 0.0,
        "Tax Rate For Calcs": 0.21,
        "Normalized EBITDA": -23832000.0,
        "Net Income From Continuing Operation Net Minority Interest": -25200000.0,
        "Reconciled Depreciation": 834000.0,
        "Reconciled Cost Of Revenue": 9534000.0,
        "EBITDA": -23832000.0,
        "EBIT": -24666000.0,
        "Net Interest Income": 953000.0,
        "Interest Expense": 511000.0,
        "Interest Income": 1464000.0,
        "Normalized Income": -25200000.0,
        "Net Income From Continuing And Discontinued Operation": -25200000.0,
        "Total Expenses": 47916000.0,
        "Total Operating Income As Reported": -26130000.0,
        "Diluted Average Shares": 60102000.0,
        "Basic Average Shares": 60102000.0,
        "Diluted EPS": -0.42,
        "Basic EPS": -0.42,
        "Diluted NI Availto Com Stockholders": -25200000.0,
        "Net Income Common Stockholders": -25200000.0,
        "Net Income": -25200000.0,
        "Net Income Including Noncontrolling Interests": -25200000.0,
        "Net Income Continuous Operations": -25200000.0,
        "Tax Provision": 23000.0,
        "Pretax Income": -25177000.0,
        "Net Non Operating Interest Income Expense": 953000.0,
        "Interest Expense Non Operating": 511000.0,
        "Interest Income Non Operating": 1464000.0,
        "Operating Income": -10917000.0,
        "Operating Expense": 38382000.0,
        "Research And Development": 13787000.0,
        "Selling General And Administration": 24595000.0,
        "Selling And Marketing Expense": 15083000.0,
        "General And Administrative Expense": 9512000.0,
        "Other Gand A": 9512000.0,
        "Gross Profit": 27465000.0,
        "Cost Of Revenue": 9534000.0,
        "Total Revenue": 36999000.0,
        "Operating Revenue": 36999000.0
    },
    "2025-03-31": {
        "Tax Effect Of Unusual Items": 0.0,
        "Tax Rate For Calcs": 0.21,
        "Normalized EBITDA": -11683000.0,
        "Net Income From Continuing Operation Net Minority Interest": -11393000.0,
        "Reconciled Depreciation": 927000.0,
        "Reconciled Cost Of Revenue": 9503000.0,
        "EBITDA": -11683000.0,
        "EBIT": -12610000.0,
        "Net Interest Income": 1354000.0,
        "Interest Expense": NaN,
        "Interest Income": 1354000.0,
        "Normalized Income": -11393000.0,
        "Net Income From Continuing And Discontinued Operation": -11393000.0,
        "Total Expenses": 49263000.0,
        "Total Operating Income As Reported": -12610000.0,
        "Diluted Average Shares": 60565000.0,
        "Basic Average Shares": 60565000.0,
        "Diluted EPS": -0.19,
        "Basic EPS": -0.19,
        "Diluted NI Availto Com Stockholders": -11393000.0,
        "Net Income Common Stockholders": -11393000.0,
        "Net Income": -11393000.0,
        "Net Income Including Noncontrolling Interests": -11393000.0,
        "Net Income Continuous Operations": -11393000.0,
        "Tax Provision": 137000.0,
        "Pretax Income": -11256000.0,
        "Net Non Operating Interest Income Expense": 1354000.0,
        "Interest Expense Non Operating": NaN,
        "Interest Income Non Operating": 1354000.0,
        "Operating Income": -12610000.0,
        "Operating Expense": 39760000.0,
        "Research And Development": 14257000.0,
        "Selling General And Administration": 25503000.0,
        "Selling And Marketing Expense": 14527000.0,
        "General And Administrative Expense": 10976000.0,
        "Other Gand A": 10976000.0,
        "Gross Profit": 27150000.0,
        "Cost Of Revenue": 9503000.0,
        "Total Revenue": 36653000.0,
        "Operating Revenue": 36653000.0
    }
}