{
    "2023-06-30": {
        "Tax Effect Of Unusual Items": -54934.0,
        "Tax Rate For Calcs": 0.227,
        "Total Unusual Items": -242000.0,
        "Total Unusual Items Excluding Goodwill": -242000.0,
        "Net Income From Continuing Operation Net Minority Interest": 22628000.0,
        "Reconciled Depreciation": 2733000.0,
        "Net Interest Income": 71542000.0,
        "Interest Expense": 49226000.0,
        "Interest Income": 120768000.0,
        "Normalized Income": 22815066.0,
        "Net Income From Continuing And Discontinued Operation": 22628000.0,
        "Diluted Average Shares": 65172000.0,
        "Basic Average Shares": 65059000.0,
        "Diluted EPS": 0.34,
        "Basic EPS": 0.34,
        "Diluted NI Availto Com Stockholders": 22384000.0,
        "Net Income Common Stockholders": 22384000.0,
        "Otherunder Preferred Stock Dividend": 244000.0,
        "Net Income": 22628000.0,
        "Net Income Including Noncontrolling Interests": 22628000.0,
        "Net Income Continuous Operations": 22628000.0,
        "Tax Provision": 6628000.0,
        "Pretax Income": 29256000.0,
        "Special Income Charges": -242000.0,
        "Restructuring And Mergern Acquisition": 242000.0,
        "Gain On Sale Of Security": 226000.0,
        "Depreciation Amortization Depletion Income Statement": 512000.0,
        "Depreciation And Amortization In Income Statement": 512000.0,
        "Amortization": 512000.0,
        "Amortization Of Intangibles Income Statement": 512000.0,
        "Selling General And Administration": 29759000.0,
        "Selling And Marketing Expense": 547000.0,
        "General And Administrative Expense": 29212000.0,
        "Insurance And Claims": 1627000.0,
        "Salaries And Wages": 27585000.0,
        "Total Revenue": 77474000.0,
        "Operating Revenue": 77474000.0
    },
    "2023-03-31": {
        "Tax Effect Of Unusual Items": -67555.0,
        "Tax Rate For Calcs": 0.229,
        "Total Unusual Items": -295000.0,
        "Total Unusual Items Excluding Goodwill": -295000.0,
        "Net Income From Continuing Operation Net Minority Interest": 19805000.0,
        "Reconciled Depreciation": 2559000.0,
        "Net Interest Income": 75925000.0,
        "Interest Expense": 38480000.0,
        "Interest Income": 114405000.0,
        "Normalized Income": 20032445.0,
        "Net Income From Continuing And Discontinued Operation": 19805000.0,
        "Diluted Average Shares": 65228000.0,
        "Basic Average Shares": 64966000.0,
        "Diluted EPS": 0.3,
        "Basic EPS": 0.3,
        "Diluted NI Availto Com Stockholders": 19609000.0,
        "Net Income Common Stockholders": 19609000.0,
        "Otherunder Preferred Stock Dividend": 196000.0,
        "Net Income": 19805000.0,
        "Net Income Including Noncontrolling Interests": 19805000.0,
        "Net Income Continuous Operations": 19805000.0,
        "Tax Provision": 5887000.0,
        "Pretax Income": 25692000.0,
        "Special Income Charges": -295000.0,
        "Restructuring And Mergern Acquisition": 295000.0,
        "Gain On Sale Of Security": 204000.0,
        "Depreciation Amortization Depletion Income Statement": 516000.0,
        "Depreciation And Amortization In Income Statement": 516000.0,
        "Amortization": 516000.0,
        "Amortization Of Intangibles Income Statement": 516000.0,
        "Selling General And Administration": 31470000.0,
        "Selling And Marketing Expense": 511000.0,
        "General And Administrative Expense": 30959000.0,
        "Insurance And Claims": 963000.0,
        "Salaries And Wages": 29996000.0,
        "Total Revenue": 81466000.0,
        "Operating Revenue": 81466000.0
    },
    "2022-12-31": {
        "Tax Effect Of Unusual Items": -144392.504289,
        "Tax Rate For Calcs": 0.270905,
        "Total Unusual Items": -533000.0,
        "Total Unusual Items Excluding Goodwill": -533000.0,
        "Net Income From Continuing Operation Net Minority Interest": 33577000.0,
        "Reconciled Depreciation": 7869000.0,
        "Net Interest Income": 81640000.0,
        "Interest Expense": 26539000.0,
        "Interest Income": 108179000.0,
        "Normalized Income": 33965607.495711,
        "Net Income From Continuing And Discontinued Operation": 33577000.0,
        "Diluted Average Shares": 65222000.0,
        "Basic Average Shares": 64854000.0,
        "Diluted EPS": 0.51,
        "Basic EPS": 0.51,
        "Diluted NI Availto Com Stockholders": 33188000.0,
        "Net Income Common Stockholders": 33188000.0,
        "Otherunder Preferred Stock Dividend": 389000.0,
        "Net Income": 33577000.0,
        "Net Income Including Noncontrolling Interests": 33577000.0,
        "Net Income Continuous Operations": 33577000.0,
        "Tax Provision": 12476000.0,
        "Pretax Income": 46053000.0,
        "Special Income Charges": -533000.0,
        "Restructuring And Mergern Acquisition": 533000.0,
        "Gain On Sale Of Security": 477000.0,
        "Depreciation Amortization Depletion Income Statement": 581000.0,
        "Depreciation And Amortization In Income Statement": 581000.0,
        "Amortization": 581000.0,
        "Amortization Of Intangibles Income Statement": 581000.0,
        "Selling General And Administration": 28154000.0,
        "Selling And Marketing Expense": 550000.0,
        "General And Administrative Expense": 27604000.0,
        "Insurance And Claims": 690000.0,
        "Salaries And Wages": 26914000.0,
        "Total Revenue": 87934000.0,
        "Operating Revenue": 87934000.0
    },
    "2022-09-30": {
        "Tax Effect Of Unusual Items": -872000.0,
        "Tax Rate For Calcs": 0.25,
        "Total Unusual Items": -3488000.0,
        "Total Unusual Items Excluding Goodwill": -3488000.0,
        "Net Income From Continuing Operation Net Minority Interest": 28746000.0,
        "Reconciled Depreciation": 2372000.0,
        "Net Interest Income": 80285000.0,
        "Interest Expense": 16142000.0,
        "Interest Income": 96427000.0,
        "Normalized Income": 31362000.0,
        "Net Income From Continuing And Discontinued Operation": 28746000.0,
        "Diluted Average Shares": 65061000.0,
        "Basic Average Shares": 64842000.0,
        "Diluted EPS": 0.44,
        "Basic EPS": 0.44,
        "Diluted NI Availto Com Stockholders": 28746000.0,
        "Net Income Common Stockholders": 28746000.0,
        "Otherunder Preferred Stock Dividend": 339000.0,
        "Net Income": 28746000.0,
        "Net Income Including Noncontrolling Interests": 28746000.0,
        "Net Income Continuous Operations": 28746000.0,
        "Tax Provision": 9603000.0,
        "Pretax Income": 38349000.0,
        "Special Income Charges": -3488000.0,
        "Restructuring And Mergern Acquisition": 3488000.0,
        "Gain On Sale Of Security": 247000.0,
        "Depreciation Amortization Depletion Income Statement": 581000.0,
        "Depreciation And Amortization In Income Statement": 581000.0,
        "Amortization": 581000.0,
        "Amortization Of Intangibles Income Statement": 581000.0,
        "Selling General And Administration": 27326000.0,
        "Selling And Marketing Expense": 816000.0,
        "General And Administrative Expense": 27326000.0,
        "Other Gand A": 582000.0,
        "Insurance And Claims": 690000.0,
        "Salaries And Wages": 26636000.0,
        "Total Revenue": 87518000.0,
        "Operating Revenue": 87518000.0
    },
    "2022-06-30": {
        "Tax Effect Of Unusual Items": 0.0,
        "Tax Rate For Calcs": 0.247,
        "Total Unusual Items": 0.0,
        "Total Unusual Items Excluding Goodwill": 0.0,
        "Net Income From Continuing Operation Net Minority Interest": 29117000.0,
        "Reconciled Depreciation": 3285000.0,
        "Net Interest Income": 80302000.0,
        "Interest Expense": 6633000.0,
        "Interest Income": 86935000.0,
        "Normalized Income": 29117000.0,
        "Net Income From Continuing And Discontinued Operation": 29117000.0,
        "Diluted Average Shares": 64989000.0,
        "Basic Average Shares": 64828000.0,
        "Diluted EPS": 0.44,
        "Basic EPS": 0.44,
        "Diluted NI Availto Com Stockholders": 29117000.0,
        "Net Income Common Stockholders": 29117000.0,
        "Otherunder Preferred Stock Dividend": 357000.0,
        "Net Income": 29117000.0,
        "Net Income Including Noncontrolling Interests": 29117000.0,
        "Net Income Continuous Operations": 29117000.0,
        "Tax Provision": 9536000.0,
        "Pretax Income": 38653000.0,
        "Special Income Charges": 0.0,
        "Restructuring And Mergern Acquisition": 0.0,
        "Gain On Sale Of Security": 35000.0,
        "Depreciation Amortization Depletion Income Statement": 593000.0,
        "Depreciation And Amortization In Income Statement": 593000.0,
        "Amortization": 593000.0,
        "Amortization Of Intangibles Income Statement": 593000.0,
        "Selling General And Administration": 27610000.0,
        "Selling And Marketing Expense": 760000.0,
        "General And Administrative Expense": 27610000.0,
        "Other Gand A": 1891000.0,
        "Insurance And Claims": 672000.0,
        "Salaries And Wages": 26938000.0,
        "Total Revenue": 87365000.0,
        "Operating Revenue": 87365000.0
    },
    "2022-03-31": {
        "Diluted EPS": 0.25,
        "Total Revenue": 83,
        "Gross Profit": 77,
        "Operating Income": 26,
        "EBIT": NaN,
        "Net Income": 16
    },
    "2021-12-31": {
        "Diluted EPS": 0.44,
        "Total Revenue": 70,
        "Gross Profit": 65,
        "Operating Income": 30,
        "EBIT": NaN,
        "Net Income": 21
    },
    "2021-09-30": {
        "Diluted EPS": 0.43,
        "Total Revenue": 70,
        "Gross Profit": 65,
        "Operating Income": 31,
        "EBIT": NaN,
        "Net Income": 22
    },
    "2021-06-30": {
        "Diluted EPS": 0.53,
        "Total Revenue": 71,
        "Gross Profit": 65,
        "Operating Income": 37,
        "EBIT": NaN,
        "Net Income": 27
    },
    "2021-03-31": {
        "Diluted EPS": 0.45,
        "Total Revenue": 69,
        "Gross Profit": 62,
        "Operating Income": 31,
        "EBIT": NaN,
        "Net Income": 23
    },
    "2020-12-31": {
        "Diluted EPS": 0.38,
        "Total Revenue": 70,
        "Gross Profit": 62,
        "Operating Income": 21,
        "EBIT": NaN,
        "Net Income": 19
    },
    "2020-09-30": {
        "Diluted EPS": 0.28,
        "Total Revenue": 68,
        "Gross Profit": 59,
        "Operating Income": 19,
        "EBIT": NaN,
        "Net Income": 14
    },
    "2020-06-30": {
        "Diluted EPS": 0.23,
        "Total Revenue": 66,
        "Gross Profit": 56,
        "Operating Income": 16,
        "EBIT": NaN,
        "Net Income": 12
    },
    "2020-03-31": {
        "Diluted EPS": 0.24,
        "Total Revenue": 72,
        "Gross Profit": 58,
        "Operating Income": 16,
        "EBIT": NaN,
        "Net Income": 12
    },
    "2019-12-31": {
        "Diluted EPS": 0.36,
        "Total Revenue": 72,
        "Gross Profit": 58,
        "Operating Income": 15,
        "EBIT": NaN,
        "Net Income": 18
    },
    "2019-09-30": {
        "Diluted EPS": 0.37,
        "Total Revenue": 71,
        "Gross Profit": 55,
        "Operating Income": 25,
        "EBIT": NaN,
        "Net Income": 19
    },
    "2019-06-30": {
        "Diluted EPS": 0.34,
        "Total Revenue": 71,
        "Gross Profit": 56,
        "Operating Income": 24,
        "EBIT": NaN,
        "Net Income": 17
    },
    "2019-03-31": {
        "Diluted EPS": 0.31,
        "Total Revenue": 69,
        "Gross Profit": 54,
        "Operating Income": 23,
        "EBIT": NaN,
        "Net Income": 15
    },
    "2018-12-31": {
        "Diluted EPS": 0.32,
        "Total Revenue": 62,
        "Gross Profit": 50,
        "Operating Income": 21,
        "EBIT": NaN,
        "Net Income": 15
    },
    "2018-09-30": {
        "Diluted EPS": 0.35,
        "Total Revenue": 60,
        "Gross Profit": 49,
        "Operating Income": 20,
        "EBIT": NaN,
        "Net Income": 17
    },
    "2018-06-30": {
        "Diluted EPS": 0.33,
        "Total Revenue": 58,
        "Gross Profit": 49,
        "Operating Income": 20,
        "EBIT": NaN,
        "Net Income": 16
    },
    "2018-03-31": {
        "Diluted EPS": 0.32,
        "Total Revenue": 55,
        "Gross Profit": 48,
        "Operating Income": 19,
        "EBIT": NaN,
        "Net Income": 15
    },
    "2017-12-31": {
        "Diluted EPS": 0.26,
        "Total Revenue": 55,
        "Gross Profit": 48,
        "Operating Income": 21,
        "EBIT": NaN,
        "Net Income": 13
    },
    "2017-09-30": {
        "Diluted EPS": 0.29,
        "Total Revenue": 54,
        "Gross Profit": 48,
        "Operating Income": 21,
        "EBIT": NaN,
        "Net Income": 14
    },
    "2017-06-30": {
        "Diluted EPS": 0.28,
        "Total Revenue": 53,
        "Gross Profit": 48,
        "Operating Income": 20,
        "EBIT": NaN,
        "Net Income": 13
    },
    "2017-03-31": {
        "Diluted EPS": 0.26,
        "Total Revenue": 53,
        "Gross Profit": 47,
        "Operating Income": 18,
        "EBIT": NaN,
        "Net Income": 12
    },
    "2016-12-31": {
        "Diluted EPS": 0.26,
        "Total Revenue": 49,
        "Gross Profit": 43,
        "Operating Income": 18,
        "EBIT": NaN,
        "Net Income": 12
    },
    "2016-09-30": {
        "Diluted EPS": 0.25,
        "Total Revenue": 49,
        "Gross Profit": 45,
        "Operating Income": 19,
        "EBIT": NaN,
        "Net Income": 11
    },
    "2016-06-30": {
        "Diluted EPS": 0.24,
        "Total Revenue": 44,
        "Gross Profit": 40,
        "Operating Income": 16,
        "EBIT": NaN,
        "Net Income": 10
    },
    "2016-03-31": {
        "Diluted EPS": 0.2,
        "Total Revenue": 42,
        "Gross Profit": 39,
        "Operating Income": 14,
        "EBIT": NaN,
        "Net Income": 8
    },
    "2015-12-31": {
        "Diluted EPS": 0.22,
        "Total Revenue": 38,
        "Gross Profit": 35,
        "Operating Income": 14,
        "EBIT": NaN,
        "Net Income": 8
    },
    "2015-09-30": {
        "Diluted EPS": 0.2,
        "Total Revenue": 39,
        "Gross Profit": 36,
        "Operating Income": 12,
        "EBIT": NaN,
        "Net Income": 8
    },
    "2015-06-30": {
        "Diluted EPS": 0.21,
        "Total Revenue": 36,
        "Gross Profit": 34,
        "Operating Income": 12,
        "EBIT": NaN,
        "Net Income": 8
    },
    "2015-03-31": {
        "Diluted EPS": 0.22,
        "Total Revenue": 36,
        "Gross Profit": 33,
        "Operating Income": 12,
        "EBIT": NaN,
        "Net Income": 8
    },
    "2014-12-31": {
        "Diluted EPS": 0.21,
        "Total Revenue": 36,
        "Gross Profit": 33,
        "Operating Income": 11,
        "EBIT": NaN,
        "Net Income": 8
    },
    "2014-09-30": {
        "Diluted EPS": 0.22,
        "Total Revenue": 36,
        "Gross Profit": 33,
        "Operating Income": 12,
        "EBIT": NaN,
        "Net Income": 8
    },
    "2014-06-30": {
        "Diluted EPS": 0.2,
        "Total Revenue": 35,
        "Gross Profit": 33,
        "Operating Income": 12,
        "EBIT": NaN,
        "Net Income": 8
    },
    "2014-03-31": {
        "Diluted EPS": 0.19,
        "Total Revenue": 34,
        "Gross Profit": 32,
        "Operating Income": 11,
        "EBIT": NaN,
        "Net Income": 7
    },
    "2013-12-31": {
        "Diluted EPS": 0.19,
        "Total Revenue": 36,
        "Gross Profit": 33,
        "Operating Income": 11,
        "EBIT": NaN,
        "Net Income": 7
    },
    "2013-09-30": {
        "Diluted EPS": 0.18,
        "Total Revenue": 35,
        "Gross Profit": 32,
        "Operating Income": 11,
        "EBIT": NaN,
        "Net Income": 7
    },
    "2013-06-30": {
        "Diluted EPS": 0.18,
        "Total Revenue": 33,
        "Gross Profit": 31,
        "Operating Income": 10,
        "EBIT": NaN,
        "Net Income": 6
    },
    "2013-03-31": {
        "Diluted EPS": 0.16,
        "Total Revenue": 32,
        "Gross Profit": 29,
        "Operating Income": 8,
        "EBIT": NaN,
        "Net Income": 5
    },
    "2012-12-31": {
        "Diluted EPS": 0.19,
        "Total Revenue": 33,
        "Gross Profit": 30,
        "Operating Income": 9,
        "EBIT": NaN,
        "Net Income": 6
    },
    "2012-09-30": {
        "Diluted EPS": 0.19,
        "Total Revenue": 32,
        "Gross Profit": 28,
        "Operating Income": 8,
        "EBIT": NaN,
        "Net Income": 5
    },
    "2012-06-30": {
        "Diluted EPS": 0.19,
        "Total Revenue": 33,
        "Gross Profit": 29,
        "Operating Income": 8,
        "EBIT": NaN,
        "Net Income": 5
    },
    "2012-03-31": {
        "Diluted EPS": 0.15,
        "Total Revenue": 32,
        "Gross Profit": 28,
        "Operating Income": 7,
        "EBIT": NaN,
        "Net Income": 4
    },
    "2011-12-31": {
        "Diluted EPS": 0.17,
        "Total Revenue": 33,
        "Gross Profit": 28,
        "Operating Income": 7,
        "EBIT": NaN,
        "Net Income": 5
    },
    "2011-09-30": {
        "Diluted EPS": 0.17,
        "Total Revenue": 34,
        "Gross Profit": 29,
        "Operating Income": 7,
        "EBIT": NaN,
        "Net Income": 5
    },
    "2011-06-30": {
        "Diluted EPS": 0.16,
        "Total Revenue": 34,
        "Gross Profit": 29,
        "Operating Income": 7,
        "EBIT": NaN,
        "Net Income": 5
    },
    "2011-03-31": {
        "Diluted EPS": 0.12,
        "Total Revenue": 34,
        "Gross Profit": 29,
        "Operating Income": 7,
        "EBIT": NaN,
        "Net Income": 3
    },
    "2010-12-31": {
        "Diluted EPS": 0.15,
        "Total Revenue": 35,
        "Gross Profit": 30,
        "Operating Income": 8,
        "EBIT": NaN,
        "Net Income": 4
    },
    "2010-09-30": {
        "Diluted EPS": 0.12,
        "Total Revenue": 37,
        "Gross Profit": 31,
        "Operating Income": 7,
        "EBIT": NaN,
        "Net Income": 3
    },
    "2010-06-30": {
        "Diluted EPS": 0.14,
        "Total Revenue": 36,
        "Gross Profit": 29,
        "Operating Income": 7,
        "EBIT": NaN,
        "Net Income": 4
    },
    "2010-03-31": {
        "Diluted EPS": 0.14,
        "Total Revenue": 36,
        "Gross Profit": 29,
        "Operating Income": 7,
        "EBIT": NaN,
        "Net Income": 4
    },
    "2009-12-31": {
        "Diluted EPS": 0.05,
        "Total Revenue": 40,
        "Gross Profit": 32,
        "Operating Income": 5,
        "EBIT": NaN,
        "Net Income": 1
    },
    "2009-09-30": {
        "Diluted EPS": 0.04,
        "Total Revenue": 37,
        "Gross Profit": 27,
        "Operating Income": 5,
        "EBIT": NaN,
        "Net Income": 1
    },
    "2009-06-30": {
        "Diluted EPS": -0.5,
        "Total Revenue": 37,
        "Gross Profit": 26,
        "Operating Income": -28,
        "EBIT": NaN,
        "Net Income": -14
    },
    "2009-03-31": {
        "Diluted EPS": 0.1,
        "Total Revenue": 39,
        "Gross Profit": 28,
        "Operating Income": 5,
        "EBIT": NaN,
        "Net Income": 3
    },
    "2023-09-30": {
        "Tax Effect Of Unusual Items": -44550.0,
        "Tax Rate For Calcs": 0.225,
        "Total Unusual Items": -198000.0,
        "Total Unusual Items Excluding Goodwill": -198000.0,
        "Net Income From Continuing Operation Net Minority Interest": 22239000.0,
        "Reconciled Depreciation": 3015000.0,
        "Net Interest Income": 68906000.0,
        "Interest Expense": 57633000.0,
        "Interest Income": 126539000.0,
        "Normalized Income": 22392450.0,
        "Net Income From Continuing And Discontinued Operation": 22239000.0,
        "Diluted Average Shares": 65222000.0,
        "Basic Average Shares": 65064000.0,
        "Diluted EPS": 0.34,
        "Basic EPS": 0.34,
        "Diluted NI Availto Com Stockholders": 22018000.0,
        "Net Income Common Stockholders": 22018000.0,
        "Otherunder Preferred Stock Dividend": 221000.0,
        "Net Income": 22239000.0,
        "Net Income Including Noncontrolling Interests": 22239000.0,
        "Net Income Continuous Operations": 22239000.0,
        "Tax Provision": 6455000.0,
        "Pretax Income": 28694000.0,
        "Special Income Charges": -198000.0,
        "Restructuring And Mergern Acquisition": 198000.0,
        "Gain On Sale Of Security": 403000.0,
        "Depreciation Amortization Depletion Income Statement": 501000.0,
        "Depreciation And Amortization In Income Statement": 501000.0,
        "Amortization": 501000.0,
        "Amortization Of Intangibles Income Statement": 501000.0,
        "Selling General And Administration": 28075000.0,
        "Selling And Marketing Expense": 565000.0,
        "General And Administrative Expense": 27510000.0,
        "Insurance And Claims": 1354000.0,
        "Salaries And Wages": 26156000.0,
        "Total Revenue": 73567000.0,
        "Operating Revenue": 73567000.0
    },
    "2023-12-31": {
        "Tax Effect Of Unusual Items": -33652.793636,
        "Tax Rate For Calcs": 0.260874,
        "Total Unusual Items": -129000.0,
        "Total Unusual Items Excluding Goodwill": -129000.0,
        "Net Income From Continuing Operation Net Minority Interest": 20068000.0,
        "Reconciled Depreciation": 3453000.0,
        "Net Interest Income": 65308000.0,
        "Interest Expense": 64018000.0,
        "Interest Income": 129326000.0,
        "Normalized Income": 20163347.206364,
        "Net Income From Continuing And Discontinued Operation": 20068000.0,
        "Diluted Average Shares": 65258000.0,
        "Basic Average Shares": 65064000.0,
        "Diluted EPS": 0.3,
        "Basic EPS": 0.31,
        "Diluted NI Availto Com Stockholders": 19871000.0,
        "Net Income Common Stockholders": 19871000.0,
        "Otherunder Preferred Stock Dividend": 197000.0,
        "Net Income": 20068000.0,
        "Net Income Including Noncontrolling Interests": 20068000.0,
        "Net Income Continuous Operations": 20068000.0,
        "Tax Provision": 7083000.0,
        "Pretax Income": 27151000.0,
        "Special Income Charges": -129000.0,
        "Restructuring And Mergern Acquisition": 129000.0,
        "Gain On Sale Of Security": 873000.0,
        "Depreciation Amortization Depletion Income Statement": 500000.0,
        "Depreciation And Amortization In Income Statement": 500000.0,
        "Amortization": 500000.0,
        "Amortization Of Intangibles Income Statement": 500000.0,
        "Selling General And Administration": 27100000.0,
        "Selling And Marketing Expense": 613000.0,
        "General And Administrative Expense": 26487000.0,
        "Insurance And Claims": 1350000.0,
        "Salaries And Wages": 25137000.0,
        "Total Revenue": 71348000.0,
        "Operating Revenue": 71348000.0
    },
    "2024-03-31": {
        "Tax Effect Of Unusual Items": -15640.0,
        "Tax Rate For Calcs": 0.23,
        "Total Unusual Items": -68000.0,
        "Total Unusual Items Excluding Goodwill": -68000.0,
        "Net Income From Continuing Operation Net Minority Interest": 19795000.0,
        "Reconciled Depreciation": 2944000.0,
        "Net Interest Income": 62558000.0,
        "Interest Expense": 66303000.0,
        "Interest Income": 128861000.0,
        "Normalized Income": 19847360.0,
        "Net Income From Continuing And Discontinued Operation": 19795000.0,
        "Diluted Average Shares": 65324000.0,
        "Basic Average Shares": 65135000.0,
        "Diluted EPS": 0.3,
        "Basic EPS": 0.3,
        "Diluted NI Availto Com Stockholders": 19608000.0,
        "Net Income Common Stockholders": 19608000.0,
        "Otherunder Preferred Stock Dividend": 187000.0,
        "Net Income": 19795000.0,
        "Net Income Including Noncontrolling Interests": 19795000.0,
        "Net Income Continuous Operations": 19795000.0,
        "Tax Provision": 5900000.0,
        "Pretax Income": 25695000.0,
        "Special Income Charges": -68000.0,
        "Restructuring And Mergern Acquisition": 68000.0,
        "Gain On Sale Of Security": 160000.0,
        "Depreciation Amortization Depletion Income Statement": 436000.0,
        "Depreciation And Amortization In Income Statement": 436000.0,
        "Amortization": 436000.0,
        "Amortization Of Intangibles Income Statement": 436000.0,
        "Selling General And Administration": 28751000.0,
        "Selling And Marketing Expense": 484000.0,
        "General And Administrative Expense": 28267000.0,
        "Insurance And Claims": 1393000.0,
        "Salaries And Wages": 26874000.0,
        "Total Revenue": 66934000.0,
        "Operating Revenue": 66934000.0
    }
}