{
    "2023-03-31": {
        "Tax Effect Of Unusual Items": NaN,
        "Tax Rate For Calcs": NaN,
        "Normalized EBITDA": NaN,
        "Total Unusual Items": NaN,
        "Total Unusual Items Excluding Goodwill": NaN,
        "Net Income From Continuing Operation Net Minority Interest": NaN,
        "Reconciled Depreciation": NaN,
        "EBITDA": NaN,
        "EBIT": NaN,
        "Net Interest Income": NaN,
        "Interest Expense": NaN,
        "Normalized Income": NaN,
        "Net Income From Continuing And Discontinued Operation": NaN,
        "Total Expenses": NaN,
        "Total Operating Income As Reported": NaN,
        "Diluted Average Shares": 146808511.0,
        "Basic Average Shares": 146808511.0,
        "Diluted EPS": 0.47,
        "Basic EPS": 0.47,
        "Diluted NI Availto Com Stockholders": NaN,
        "Net Income Common Stockholders": NaN,
        "Net Income": NaN,
        "Minority Interests": NaN,
        "Net Income Including Noncontrolling Interests": NaN,
        "Net Income Continuous Operations": NaN,
        "Tax Provision": NaN,
        "Pretax Income": NaN,
        "Other Income Expense": NaN,
        "Other Non Operating Income Expenses": NaN,
        "Special Income Charges": NaN,
        "Gain On Sale Of Business": NaN,
        "Earnings From Equity Interest": NaN,
        "Gain On Sale Of Security": NaN,
        "Net Non Operating Interest Income Expense": NaN,
        "Interest Expense Non Operating": NaN,
        "Operating Income": NaN,
        "Operating Expense": NaN,
        "Other Operating Expenses": NaN,
        "Depreciation Amortization Depletion Income Statement": NaN,
        "Depreciation And Amortization In Income Statement": NaN,
        "Selling General And Administration": NaN,
        "Total Revenue": NaN,
        "Operating Revenue": NaN
    },
    "2022-12-31": {
        "Tax Effect Of Unusual Items": NaN,
        "Tax Rate For Calcs": NaN,
        "Normalized EBITDA": NaN,
        "Total Unusual Items": NaN,
        "Total Unusual Items Excluding Goodwill": NaN,
        "Net Income From Continuing Operation Net Minority Interest": NaN,
        "Reconciled Depreciation": NaN,
        "EBITDA": NaN,
        "EBIT": NaN,
        "Net Interest Income": NaN,
        "Interest Expense": NaN,
        "Normalized Income": NaN,
        "Net Income From Continuing And Discontinued Operation": NaN,
        "Total Expenses": NaN,
        "Total Operating Income As Reported": NaN,
        "Diluted Average Shares": NaN,
        "Basic Average Shares": NaN,
        "Diluted EPS": NaN,
        "Basic EPS": NaN,
        "Diluted NI Availto Com Stockholders": NaN,
        "Net Income Common Stockholders": NaN,
        "Net Income": NaN,
        "Minority Interests": NaN,
        "Net Income Including Noncontrolling Interests": NaN,
        "Net Income Continuous Operations": NaN,
        "Tax Provision": NaN,
        "Pretax Income": NaN,
        "Other Income Expense": NaN,
        "Other Non Operating Income Expenses": NaN,
        "Special Income Charges": NaN,
        "Gain On Sale Of Business": NaN,
        "Other Special Charges": 38000000.0,
        "Earnings From Equity Interest": NaN,
        "Gain On Sale Of Security": NaN,
        "Net Non Operating Interest Income Expense": NaN,
        "Interest Expense Non Operating": NaN,
        "Operating Income": NaN,
        "Operating Expense": NaN,
        "Other Operating Expenses": NaN,
        "Depreciation Amortization Depletion Income Statement": NaN,
        "Depreciation And Amortization In Income Statement": NaN,
        "Selling General And Administration": NaN,
        "Total Revenue": NaN,
        "Operating Revenue": NaN
    },
    "2022-09-30": {
        "Tax Effect Of Unusual Items": NaN,
        "Tax Rate For Calcs": NaN,
        "Normalized EBITDA": NaN,
        "Total Unusual Items": NaN,
        "Total Unusual Items Excluding Goodwill": NaN,
        "Net Income From Continuing Operation Net Minority Interest": NaN,
        "Reconciled Depreciation": NaN,
        "EBITDA": NaN,
        "EBIT": NaN,
        "Net Interest Income": NaN,
        "Interest Expense": NaN,
        "Normalized Income": NaN,
        "Net Income From Continuing And Discontinued Operation": NaN,
        "Total Expenses": NaN,
        "Total Operating Income As Reported": NaN,
        "Diluted Average Shares": 154000000.0,
        "Basic Average Shares": 152000000.0,
        "Diluted EPS": 2.05,
        "Basic EPS": 2.07,
        "Diluted NI Availto Com Stockholders": NaN,
        "Net Income Common Stockholders": NaN,
        "Net Income": NaN,
        "Minority Interests": NaN,
        "Net Income Including Noncontrolling Interests": NaN,
        "Net Income Continuous Operations": NaN,
        "Tax Provision": NaN,
        "Pretax Income": NaN,
        "Other Income Expense": NaN,
        "Other Non Operating Income Expenses": NaN,
        "Special Income Charges": NaN,
        "Gain On Sale Of Business": NaN,
        "Other Special Charges": 19000000.0,
        "Earnings From Equity Interest": NaN,
        "Gain On Sale Of Security": NaN,
        "Net Non Operating Interest Income Expense": NaN,
        "Interest Expense Non Operating": NaN,
        "Operating Income": NaN,
        "Operating Expense": NaN,
        "Other Operating Expenses": NaN,
        "Depreciation Amortization Depletion Income Statement": NaN,
        "Depreciation And Amortization In Income Statement": NaN,
        "Selling General And Administration": NaN,
        "Total Revenue": NaN,
        "Operating Revenue": NaN
    },
    "2022-06-30": {
        "Tax Effect Of Unusual Items": 47000000.0,
        "Tax Rate For Calcs": 0.2,
        "Normalized EBITDA": 442000000.0,
        "Total Unusual Items": 235000000.0,
        "Total Unusual Items Excluding Goodwill": 235000000.0,
        "Net Income From Continuing Operation Net Minority Interest": 465000000.0,
        "Reconciled Depreciation": 65000000.0,
        "EBITDA": 677000000.0,
        "EBIT": 612000000.0,
        "Net Interest Income": -30000000.0,
        "Interest Expense": 30000000.0,
        "Normalized Income": 277000000.0,
        "Net Income From Continuing And Discontinued Operation": 465000000.0,
        "Total Expenses": 230000000.0,
        "Total Operating Income As Reported": -1000000.0,
        "Diluted Average Shares": 162000000.0,
        "Basic Average Shares": 161000000.0,
        "Diluted EPS": 2.87,
        "Basic EPS": 2.89,
        "Diluted NI Availto Com Stockholders": 465000000.0,
        "Net Income Common Stockholders": 465000000.0,
        "Net Income": 465000000.0,
        "Minority Interests": 0.0,
        "Net Income Including Noncontrolling Interests": 465000000.0,
        "Net Income Continuous Operations": 465000000.0,
        "Tax Provision": 117000000.0,
        "Pretax Income": 582000000.0,
        "Other Income Expense": 603000000.0,
        "Other Non Operating Income Expenses": -18000000.0,
        "Special Income Charges": 158000000.0,
        "Gain On Sale Of Business": 168000000.0,
        "Other Special Charges": 10000000.0,
        "Earnings From Equity Interest": 386000000.0,
        "Gain On Sale Of Security": 77000000.0,
        "Net Non Operating Interest Income Expense": -30000000.0,
        "Interest Expense Non Operating": 30000000.0,
        "Operating Income": 9000000.0,
        "Operating Expense": 230000000.0,
        "Other Operating Expenses": 60000000.0,
        "Depreciation Amortization Depletion Income Statement": 65000000.0,
        "Depreciation And Amortization In Income Statement": 65000000.0,
        "Selling General And Administration": 105000000.0,
        "Total Revenue": 239000000.0,
        "Operating Revenue": 239000000.0
    },
    "2022-03-31": {
        "Diluted EPS": 1.77,
        "Total Revenue": 238,
        "Gross Profit": 238,
        "Operating Income": 7,
        "EBIT": 71,
        "Net Income": 299
    },
    "2021-12-31": {
        "Diluted EPS": 2.07,
        "Total Revenue": 249,
        "Gross Profit": 249,
        "Operating Income": -20,
        "EBIT": 48,
        "Net Income": 387
    },
    "2021-09-30": {
        "Diluted EPS": 1.29,
        "Total Revenue": 250,
        "Gross Profit": 250,
        "Operating Income": 25,
        "EBIT": 93,
        "Net Income": 237
    },
    "2021-06-30": {
        "Diluted EPS": 0.3,
        "Total Revenue": 242,
        "Gross Profit": 242,
        "Operating Income": -2,
        "EBIT": 65,
        "Net Income": 56
    },
    "2021-03-31": {
        "Diluted EPS": 0.27,
        "Total Revenue": 247,
        "Gross Profit": 247,
        "Operating Income": -101,
        "EBIT": -37,
        "Net Income": 52
    },
    "2020-12-31": {
        "Diluted EPS": 1.44,
        "Total Revenue": 39,
        "Gross Profit": 39,
        "Operating Income": -27,
        "EBIT": -13,
        "Net Income": 265
    },
    "2020-09-30": {
        "Diluted EPS": 0.38,
        "Total Revenue": 4,
        "Gross Profit": 4,
        "Operating Income": -16,
        "EBIT": -16,
        "Net Income": 69
    },
    "2020-06-30": {
        "Diluted EPS": 0.39,
        "Total Revenue": 4,
        "Gross Profit": 4,
        "Operating Income": -10,
        "EBIT": -9,
        "Net Income": 72
    },
    "2020-03-31": {
        "Diluted EPS": -0.04,
        "Total Revenue": 4,
        "Gross Profit": 4,
        "Operating Income": -7,
        "EBIT": -7,
        "Net Income": -8
    },
    "2019-12-31": {
        "Diluted EPS": 0.5,
        "Total Revenue": 4,
        "Gross Profit": 4,
        "Operating Income": -8,
        "EBIT": -7,
        "Net Income": 92
    },
    "2019-09-30": {
        "Diluted EPS": 0.15,
        "Total Revenue": 4,
        "Gross Profit": 4,
        "Operating Income": -8,
        "EBIT": -7,
        "Net Income": 27
    },
    "2019-06-30": {
        "Diluted EPS": 0.07,
        "Total Revenue": 4,
        "Gross Profit": 4,
        "Operating Income": -7,
        "EBIT": -7,
        "Net Income": 12
    },
    "2019-03-31": {
        "Diluted EPS": -0.08,
        "Total Revenue": 3,
        "Gross Profit": 3,
        "Operating Income": -6,
        "EBIT": -6,
        "Net Income": -14
    },
    "2018-12-31": {
        "Diluted EPS": 0.07,
        "Total Revenue": 4,
        "Gross Profit": 4,
        "Operating Income": -5,
        "EBIT": -5,
        "Net Income": 15
    },
    "2018-09-30": {
        "Diluted EPS": 0.33,
        "Total Revenue": 4,
        "Gross Profit": 4,
        "Operating Income": -4,
        "EBIT": -4,
        "Net Income": 60
    },
    "2018-06-30": {
        "Diluted EPS": 0.06,
        "Total Revenue": 3,
        "Gross Profit": 3,
        "Operating Income": -5,
        "EBIT": -4,
        "Net Income": 11
    },
    "2018-03-31": {
        "Diluted EPS": -0.08,
        "Total Revenue": 12,
        "Gross Profit": 12,
        "Operating Income": 2,
        "EBIT": 3,
        "Net Income": -15
    },
    "2017-12-31": {
        "Diluted EPS": 11.25,
        "Total Revenue": 3,
        "Gross Profit": 3,
        "Operating Income": -6,
        "EBIT": -5,
        "Net Income": NaN
    },
    "2017-09-30": {
        "Diluted EPS": -0.05,
        "Total Revenue": 3,
        "Gross Profit": 3,
        "Operating Income": -6,
        "EBIT": -5,
        "Net Income": -10
    },
    "2017-06-30": {
        "Diluted EPS": -0.02,
        "Total Revenue": 3,
        "Gross Profit": 3,
        "Operating Income": -7,
        "EBIT": -6,
        "Net Income": -3
    },
    "2017-03-31": {
        "Diluted EPS": -0.08,
        "Total Revenue": 3,
        "Gross Profit": 3,
        "Operating Income": -6,
        "EBIT": -5,
        "Net Income": -14
    },
    "2016-12-31": {
        "Diluted EPS": -0.08,
        "Total Revenue": 3,
        "Gross Profit": 3,
        "Operating Income": -8,
        "EBIT": -7,
        "Net Income": 46
    },
    "2016-09-30": {
        "Diluted EPS": 0.02,
        "Total Revenue": 21,
        "Gross Profit": 21,
        "Operating Income": 7,
        "EBIT": 8,
        "Net Income": 4
    },
    "2016-06-30": {
        "Diluted EPS": 6.28,
        "Total Revenue": 3,
        "Gross Profit": 3,
        "Operating Income": -11,
        "EBIT": -10,
        "Net Income": 890
    },
    "2016-03-31": {
        "Diluted EPS": -0.22,
        "Total Revenue": 4,
        "Gross Profit": 4,
        "Operating Income": -9,
        "EBIT": -8,
        "Net Income": -22
    },
    "2015-12-31": {
        "Diluted EPS": -0.27,
        "Total Revenue": 50,
        "Gross Profit": 50,
        "Operating Income": 12,
        "EBIT": 13,
        "Net Income": -28
    },
    "2015-09-30": {
        "Diluted EPS": -0.19,
        "Total Revenue": 15,
        "Gross Profit": 15,
        "Operating Income": 0,
        "EBIT": 1,
        "Net Income": -19
    },
    "2015-06-30": {
        "Diluted EPS": -0.08,
        "Total Revenue": 13,
        "Gross Profit": 13,
        "Operating Income": -3,
        "EBIT": -3,
        "Net Income": -8
    },
    "2015-03-31": {
        "Diluted EPS": 0.05,
        "Total Revenue": 13,
        "Gross Profit": 13,
        "Operating Income": 50,
        "EBIT": 54,
        "Net Income": 5
    },
    "2014-12-31": {
        "Diluted EPS": -0.53,
        "Total Revenue": 18,
        "Gross Profit": 18,
        "Operating Income": -36,
        "EBIT": -34,
        "Net Income": -47
    },
    "2014-09-30": {
        "Diluted EPS": -0.36,
        "Total Revenue": 17,
        "Gross Profit": 17,
        "Operating Income": 6,
        "EBIT": 9,
        "Net Income": -32
    },
    "2014-06-30": {
        "Diluted EPS": 0.02,
        "Total Revenue": 17,
        "Gross Profit": 17,
        "Operating Income": -8,
        "EBIT": -6,
        "Net Income": 2
    },
    "2014-03-31": {
        "Diluted EPS": -0.65,
        "Total Revenue": 17,
        "Gross Profit": 17,
        "Operating Income": -5,
        "EBIT": -3,
        "Net Income": -58
    },
    "2013-12-31": {
        "Diluted EPS": 0.0,
        "Total Revenue": NaN,
        "Gross Profit": NaN,
        "Operating Income": NaN,
        "EBIT": NaN,
        "Net Income": NaN
    },
    "2013-09-30": {
        "Diluted EPS": 0.0,
        "Total Revenue": 18,
        "Gross Profit": 15,
        "Operating Income": -2,
        "EBIT": -2,
        "Net Income": -52
    },
    "2012-12-31": {
        "Diluted EPS": 0.0,
        "Total Revenue": NaN,
        "Gross Profit": NaN,
        "Operating Income": NaN,
        "EBIT": NaN,
        "Net Income": NaN
    },
    "2011-12-31": {
        "Diluted EPS": 0.0,
        "Total Revenue": NaN,
        "Gross Profit": NaN,
        "Operating Income": NaN,
        "EBIT": NaN,
        "Net Income": NaN
    },
    "2023-06-30": {
        "Tax Effect Of Unusual Items": NaN,
        "Tax Rate For Calcs": NaN,
        "Normalized EBITDA": NaN,
        "Total Unusual Items": NaN,
        "Total Unusual Items Excluding Goodwill": NaN,
        "Net Income From Continuing Operation Net Minority Interest": NaN,
        "Reconciled Depreciation": NaN,
        "EBITDA": NaN,
        "EBIT": NaN,
        "Net Interest Income": NaN,
        "Interest Expense": NaN,
        "Normalized Income": NaN,
        "Net Income From Continuing And Discontinued Operation": NaN,
        "Total Expenses": NaN,
        "Total Operating Income As Reported": NaN,
        "Diluted Average Shares": 147000000.0,
        "Basic Average Shares": 146000000.0,
        "Diluted EPS": 1.71,
        "Basic EPS": 1.73,
        "Diluted NI Availto Com Stockholders": NaN,
        "Net Income Common Stockholders": NaN,
        "Net Income": NaN,
        "Minority Interests": NaN,
        "Net Income Including Noncontrolling Interests": NaN,
        "Net Income Continuous Operations": NaN,
        "Tax Provision": NaN,
        "Pretax Income": NaN,
        "Other Income Expense": NaN,
        "Other Non Operating Income Expenses": NaN,
        "Special Income Charges": NaN,
        "Gain On Sale Of Business": NaN,
        "Earnings From Equity Interest": NaN,
        "Gain On Sale Of Security": NaN,
        "Net Non Operating Interest Income Expense": NaN,
        "Interest Expense Non Operating": NaN,
        "Operating Income": NaN,
        "Operating Expense": NaN,
        "Other Operating Expenses": NaN,
        "Depreciation Amortization Depletion Income Statement": NaN,
        "Depreciation And Amortization In Income Statement": NaN,
        "Selling General And Administration": NaN,
        "Total Revenue": NaN,
        "Operating Revenue": NaN
    },
    "2023-09-30": {
        "Tax Effect Of Unusual Items": NaN,
        "Tax Rate For Calcs": NaN,
        "Normalized EBITDA": NaN,
        "Total Unusual Items": NaN,
        "Total Unusual Items Excluding Goodwill": NaN,
        "Net Income From Continuing Operation Net Minority Interest": NaN,
        "Reconciled Depreciation": NaN,
        "EBITDA": NaN,
        "EBIT": NaN,
        "Net Interest Income": NaN,
        "Interest Expense": NaN,
        "Normalized Income": NaN,
        "Net Income From Continuing And Discontinued Operation": NaN,
        "Total Expenses": NaN,
        "Total Operating Income As Reported": NaN,
        "Diluted Average Shares": 147000000.0,
        "Basic Average Shares": 146000000.0,
        "Diluted EPS": 1.1,
        "Basic EPS": 1.11,
        "Diluted NI Availto Com Stockholders": NaN,
        "Net Income Common Stockholders": NaN,
        "Net Income": NaN,
        "Minority Interests": NaN,
        "Net Income Including Noncontrolling Interests": NaN,
        "Net Income Continuous Operations": NaN,
        "Tax Provision": NaN,
        "Pretax Income": NaN,
        "Other Income Expense": NaN,
        "Other Non Operating Income Expenses": NaN,
        "Special Income Charges": NaN,
        "Gain On Sale Of Business": NaN,
        "Earnings From Equity Interest": NaN,
        "Gain On Sale Of Security": NaN,
        "Net Non Operating Interest Income Expense": NaN,
        "Interest Expense Non Operating": NaN,
        "Operating Income": NaN,
        "Operating Expense": NaN,
        "Other Operating Expenses": NaN,
        "Depreciation Amortization Depletion Income Statement": NaN,
        "Depreciation And Amortization In Income Statement": NaN,
        "Selling General And Administration": NaN,
        "Total Revenue": NaN,
        "Operating Revenue": NaN
    },
    "2023-12-31": {
        "Tax Effect Of Unusual Items": 7832061.068702,
        "Tax Rate For Calcs": 0.217557,
        "Normalized EBITDA": 342000000.0,
        "Total Unusual Items": 36000000.0,
        "Total Unusual Items Excluding Goodwill": 36000000.0,
        "Net Income From Continuing Operation Net Minority Interest": 205000000.0,
        "Reconciled Depreciation": 61000000.0,
        "EBITDA": 378000000.0,
        "EBIT": 317000000.0,
        "Net Interest Income": -55000000.0,
        "Interest Expense": 55000000.0,
        "Normalized Income": 176832061.068702,
        "Net Income From Continuing And Discontinued Operation": 205000000.0,
        "Total Expenses": 237000000.0,
        "Total Operating Income As Reported": 13000000.0,
        "Diluted Average Shares": NaN,
        "Basic Average Shares": NaN,
        "Diluted EPS": NaN,
        "Basic EPS": NaN,
        "Diluted NI Availto Com Stockholders": 205000000.0,
        "Net Income Common Stockholders": 205000000.0,
        "Net Income": 205000000.0,
        "Minority Interests": 0.0,
        "Net Income Including Noncontrolling Interests": 205000000.0,
        "Net Income Continuous Operations": 205000000.0,
        "Tax Provision": 57000000.0,
        "Pretax Income": 262000000.0,
        "Other Income Expense": 304000000.0,
        "Other Non Operating Income Expenses": 5000000.0,
        "Special Income Charges": -18000000.0,
        "Gain On Sale Of Business": -18000000.0,
        "Earnings From Equity Interest": 263000000.0,
        "Gain On Sale Of Security": 54000000.0,
        "Net Non Operating Interest Income Expense": -55000000.0,
        "Interest Expense Non Operating": 55000000.0,
        "Operating Income": 13000000.0,
        "Operating Expense": 237000000.0,
        "Other Operating Expenses": 65000000.0,
        "Depreciation Amortization Depletion Income Statement": 61000000.0,
        "Depreciation And Amortization In Income Statement": 61000000.0,
        "Selling General And Administration": 111000000.0,
        "Total Revenue": 250000000.0,
        "Operating Revenue": 250000000.0
    },
    "2024-03-31": {
        "Tax Effect Of Unusual Items": NaN,
        "Tax Rate For Calcs": NaN,
        "Normalized EBITDA": NaN,
        "Total Unusual Items": NaN,
        "Total Unusual Items Excluding Goodwill": NaN,
        "Net Income From Continuing Operation Net Minority Interest": NaN,
        "Reconciled Depreciation": NaN,
        "EBITDA": NaN,
        "EBIT": NaN,
        "Net Interest Income": NaN,
        "Interest Expense": NaN,
        "Normalized Income": NaN,
        "Net Income From Continuing And Discontinued Operation": NaN,
        "Total Expenses": NaN,
        "Total Operating Income As Reported": NaN,
        "Diluted Average Shares": 143000000.0,
        "Basic Average Shares": 143000000.0,
        "Diluted EPS": 1.69,
        "Basic EPS": 1.69,
        "Diluted NI Availto Com Stockholders": NaN,
        "Net Income Common Stockholders": NaN,
        "Net Income": NaN,
        "Minority Interests": NaN,
        "Net Income Including Noncontrolling Interests": NaN,
        "Net Income Continuous Operations": NaN,
        "Tax Provision": NaN,
        "Pretax Income": NaN,
        "Other Income Expense": NaN,
        "Other Non Operating Income Expenses": NaN,
        "Special Income Charges": NaN,
        "Gain On Sale Of Business": NaN,
        "Earnings From Equity Interest": NaN,
        "Gain On Sale Of Security": NaN,
        "Net Non Operating Interest Income Expense": NaN,
        "Interest Expense Non Operating": NaN,
        "Operating Income": NaN,
        "Operating Expense": NaN,
        "Other Operating Expenses": NaN,
        "Depreciation Amortization Depletion Income Statement": NaN,
        "Depreciation And Amortization In Income Statement": NaN,
        "Selling General And Administration": NaN,
        "Total Revenue": NaN,
        "Operating Revenue": NaN
    },
    "2024-06-30": {
        "Tax Effect Of Unusual Items": NaN,
        "Tax Rate For Calcs": NaN,
        "Normalized EBITDA": NaN,
        "Total Unusual Items": NaN,
        "Total Unusual Items Excluding Goodwill": NaN,
        "Net Income From Continuing Operation Net Minority Interest": NaN,
        "Reconciled Depreciation": 52000000.0,
        "EBITDA": NaN,
        "EBIT": NaN,
        "Net Interest Income": NaN,
        "Interest Expense": NaN,
        "Normalized Income": NaN,
        "Net Income From Continuing And Discontinued Operation": NaN,
        "Total Expenses": NaN,
        "Total Operating Income As Reported": NaN,
        "Diluted Average Shares": 143000000.0,
        "Basic Average Shares": 143000000.0,
        "Diluted EPS": 1.36,
        "Basic EPS": 1.36,
        "Diluted NI Availto Com Stockholders": NaN,
        "Net Income Common Stockholders": NaN,
        "Net Income": NaN,
        "Minority Interests": NaN,
        "Net Income Including Noncontrolling Interests": NaN,
        "Net Income Discontinuous Operations": NaN,
        "Net Income Continuous Operations": NaN,
        "Tax Provision": NaN,
        "Pretax Income": NaN,
        "Other Income Expense": NaN,
        "Other Non Operating Income Expenses": NaN,
        "Special Income Charges": NaN,
        "Gain On Sale Of Business": NaN,
        "Earnings From Equity Interest": NaN,
        "Gain On Sale Of Security": NaN,
        "Net Non Operating Interest Income Expense": NaN,
        "Interest Expense Non Operating": NaN,
        "Operating Income": NaN,
        "Operating Expense": NaN,
        "Other Operating Expenses": 62000000.0,
        "Depreciation Amortization Depletion Income Statement": 52000000.0,
        "Depreciation And Amortization In Income Statement": 52000000.0,
        "Selling General And Administration": NaN,
        "Total Revenue": NaN,
        "Operating Revenue": NaN
    },
    "2024-09-30": {
        "Tax Effect Of Unusual Items": -31920000.0,
        "Tax Rate For Calcs": 0.21,
        "Normalized EBITDA": 337000000.0,
        "Total Unusual Items": -152000000.0,
        "Total Unusual Items Excluding Goodwill": -152000000.0,
        "Net Income From Continuing Operation Net Minority Interest": 120000000.0,
        "Reconciled Depreciation": 55000000.0,
        "EBITDA": 185000000.0,
        "EBIT": 185000000.0,
        "Net Interest Income": -33000000.0,
        "Interest Expense": 33000000.0,
        "Normalized Income": 240080000.0,
        "Net Income From Continuing And Discontinued Operation": 142000000.0,
        "Total Expenses": 11000000.0,
        "Total Operating Income As Reported": -11000000.0,
        "Diluted Average Shares": 143000000.0,
        "Basic Average Shares": 143000000.0,
        "Diluted EPS": 0.99,
        "Basic EPS": 0.99,
        "Diluted NI Availto Com Stockholders": 142000000.0,
        "Net Income Common Stockholders": 142000000.0,
        "Net Income": 142000000.0,
        "Minority Interests": 0.0,
        "Net Income Including Noncontrolling Interests": 142000000.0,
        "Net Income Discontinuous Operations": NaN,
        "Net Income Continuous Operations": 120000000.0,
        "Tax Provision": 32000000.0,
        "Pretax Income": 152000000.0,
        "Other Income Expense": 196000000.0,
        "Other Non Operating Income Expenses": 2000000.0,
        "Special Income Charges": -8000000.0,
        "Gain On Sale Of Business": -8000000.0,
        "Earnings From Equity Interest": 346000000.0,
        "Gain On Sale Of Security": -144000000.0,
        "Net Non Operating Interest Income Expense": -33000000.0,
        "Interest Expense Non Operating": 33000000.0,
        "Operating Income": -11000000.0,
        "Operating Expense": 11000000.0,
        "Other Operating Expenses": 64000000.0,
        "Depreciation Amortization Depletion Income Statement": 55000000.0,
        "Depreciation And Amortization In Income Statement": 55000000.0,
        "Selling General And Administration": 11000000.0,
        "Total Revenue": 0.0,
        "Operating Revenue": 0.0
    },
    "2024-12-31": {
        "Tax Effect Of Unusual Items": -4530973.451327,
        "Tax Rate For Calcs": 0.141593,
        "Normalized EBITDA": 466000000.0,
        "Total Unusual Items": -32000000.0,
        "Total Unusual Items Excluding Goodwill": -32000000.0,
        "Net Income From Continuing Operation Net Minority Interest": 291000000.0,
        "Reconciled Depreciation": 50000000.0,
        "EBITDA": 434000000.0,
        "EBIT": 384000000.0,
        "Net Interest Income": -45000000.0,
        "Interest Expense": 45000000.0,
        "Normalized Income": 318469026.548673,
        "Net Income From Continuing And Discontinued Operation": 291000000.0,
        "Total Expenses": 250000000.0,
        "Total Operating Income As Reported": 13000000.0,
        "Diluted Average Shares": NaN,
        "Basic Average Shares": NaN,
        "Diluted EPS": NaN,
        "Basic EPS": NaN,
        "Diluted NI Availto Com Stockholders": 291000000.0,
        "Net Income Common Stockholders": 291000000.0,
        "Net Income": 291000000.0,
        "Minority Interests": 0.0,
        "Net Income Including Noncontrolling Interests": 291000000.0,
        "Net Income Discontinuous Operations": NaN,
        "Net Income Continuous Operations": 291000000.0,
        "Tax Provision": 48000000.0,
        "Pretax Income": 339000000.0,
        "Other Income Expense": 371000000.0,
        "Other Non Operating Income Expenses": 3000000.0,
        "Special Income Charges": 8000000.0,
        "Gain On Sale Of Business": 8000000.0,
        "Earnings From Equity Interest": 400000000.0,
        "Gain On Sale Of Security": -40000000.0,
        "Net Non Operating Interest Income Expense": -45000000.0,
        "Interest Expense Non Operating": 45000000.0,
        "Operating Income": 13000000.0,
        "Operating Expense": 250000000.0,
        "Other Operating Expenses": 69000000.0,
        "Depreciation Amortization Depletion Income Statement": 50000000.0,
        "Depreciation And Amortization In Income Statement": 50000000.0,
        "Selling General And Administration": 131000000.0,
        "Total Revenue": 263000000.0,
        "Operating Revenue": 263000000.0
    },
    "2025-03-31": {
        "Tax Effect Of Unusual Items": -11550000.0,
        "Tax Rate For Calcs": 0.21,
        "Normalized EBITDA": 412000000.0,
        "Total Unusual Items": -55000000.0,
        "Total Unusual Items Excluding Goodwill": -55000000.0,
        "Net Income From Continuing Operation Net Minority Interest": 268000000.0,
        "Reconciled Depreciation": 53000000.0,
        "EBITDA": 357000000.0,
        "EBIT": 304000000.0,
        "Net Interest Income": -40000000.0,
        "Interest Expense": 40000000.0,
        "Normalized Income": 311450000.0,
        "Net Income From Continuing And Discontinued Operation": 268000000.0,
        "Total Expenses": 223000000.0,
        "Total Operating Income As Reported": 43000000.0,
        "Diluted Average Shares": 143000000.0,
        "Basic Average Shares": 143000000.0,
        "Diluted EPS": 1.87,
        "Basic EPS": 1.87,
        "Diluted NI Availto Com Stockholders": 268000000.0,
        "Net Income Common Stockholders": 268000000.0,
        "Net Income": 268000000.0,
        "Minority Interests": 0.0,
        "Net Income Including Noncontrolling Interests": 268000000.0,
        "Net Income Discontinuous Operations": NaN,
        "Net Income Continuous Operations": 268000000.0,
        "Tax Provision": -4000000.0,
        "Pretax Income": 264000000.0,
        "Other Income Expense": 261000000.0,
        "Other Non Operating Income Expenses": -2000000.0,
        "Special Income Charges": -18000000.0,
        "Gain On Sale Of Business": -18000000.0,
        "Earnings From Equity Interest": 318000000.0,
        "Gain On Sale Of Security": -37000000.0,
        "Net Non Operating Interest Income Expense": -40000000.0,
        "Interest Expense Non Operating": 40000000.0,
        "Operating Income": 43000000.0,
        "Operating Expense": 223000000.0,
        "Other Operating Expenses": 58000000.0,
        "Depreciation Amortization Depletion Income Statement": 53000000.0,
        "Depreciation And Amortization In Income Statement": 53000000.0,
        "Selling General And Administration": 112000000.0,
        "Total Revenue": 266000000.0,
        "Operating Revenue": 266000000.0
    },
    "2025-06-30": {
        "Tax Effect Of Unusual Items": 4270000.0,
        "Tax Rate For Calcs": 0.07,
        "Normalized EBITDA": 445000000.0,
        "Total Unusual Items": 61000000.0,
        "Total Unusual Items Excluding Goodwill": 61000000.0,
        "Net Income From Continuing Operation Net Minority Interest": 383000000.0,
        "Reconciled Depreciation": 52000000.0,
        "EBITDA": 506000000.0,
        "EBIT": 454000000.0,
        "Net Interest Income": -40000000.0,
        "Interest Expense": 40000000.0,
        "Normalized Income": 326270000.0,
        "Net Income From Continuing And Discontinued Operation": 383000000.0,
        "Total Expenses": 220000000.0,
        "Total Operating Income As Reported": 41000000.0,
        "Diluted Average Shares": 143000000.0,
        "Basic Average Shares": 143000000.0,
        "Diluted EPS": 2.68,
        "Basic EPS": 2.68,
        "Diluted NI Availto Com Stockholders": 383000000.0,
        "Net Income Common Stockholders": 383000000.0,
        "Net Income": 383000000.0,
        "Minority Interests": 0.0,
        "Net Income Including Noncontrolling Interests": 383000000.0,
        "Net Income Discontinuous Operations": NaN,
        "Net Income Continuous Operations": 383000000.0,
        "Tax Provision": 31000000.0,
        "Pretax Income": 414000000.0,
        "Other Income Expense": 413000000.0,
        "Other Non Operating Income Expenses": 7000000.0,
        "Special Income Charges": -15000000.0,
        "Gain On Sale Of Business": -15000000.0,
        "Earnings From Equity Interest": 345000000.0,
        "Gain On Sale Of Security": 76000000.0,
        "Net Non Operating Interest Income Expense": -40000000.0,
        "Interest Expense Non Operating": 40000000.0,
        "Operating Income": 41000000.0,
        "Operating Expense": 220000000.0,
        "Other Operating Expenses": 58000000.0,
        "Depreciation Amortization Depletion Income Statement": 52000000.0,
        "Depreciation And Amortization In Income Statement": 52000000.0,
        "Selling General And Administration": 110000000.0,
        "Total Revenue": 261000000.0,
        "Operating Revenue": 261000000.0
    },
    "2025-09-30": {
        "Tax Effect Of Unusual Items": 0.0,
        "Tax Rate For Calcs": 0.0,
        "Normalized EBITDA": 282000000.0,
        "Total Unusual Items": 1000000.0,
        "Total Unusual Items Excluding Goodwill": 1000000.0,
        "Net Income From Continuing Operation Net Minority Interest": 255000000.0,
        "Reconciled Depreciation": NaN,
        "EBITDA": 283000000.0,
        "EBIT": 283000000.0,
        "Net Interest Income": -28000000.0,
        "Interest Expense": 28000000.0,
        "Normalized Income": 254000000.0,
        "Net Income From Continuing And Discontinued Operation": -154000000.0,
        "Total Expenses": 8000000.0,
        "Total Operating Income As Reported": -8000000.0,
        "Diluted Average Shares": 144000000.0,
        "Basic Average Shares": 143000000.0,
        "Diluted EPS": -1.08,
        "Basic EPS": -1.08,
        "Diluted NI Availto Com Stockholders": -154000000.0,
        "Net Income Common Stockholders": -154000000.0,
        "Net Income": -154000000.0,
        "Minority Interests": 0.0,
        "Net Income Including Noncontrolling Interests": -154000000.0,
        "Net Income Discontinuous Operations": -409000000.0,
        "Net Income Continuous Operations": 255000000.0,
        "Tax Provision": 0.0,
        "Pretax Income": 255000000.0,
        "Other Income Expense": 291000000.0,
        "Other Non Operating Income Expenses": -5000000.0,
        "Special Income Charges": -17000000.0,
        "Gain On Sale Of Business": -17000000.0,
        "Earnings From Equity Interest": 295000000.0,
        "Gain On Sale Of Security": 18000000.0,
        "Net Non Operating Interest Income Expense": -28000000.0,
        "Interest Expense Non Operating": 28000000.0,
        "Operating Income": -8000000.0,
        "Operating Expense": 8000000.0,
        "Other Operating Expenses": NaN,
        "Depreciation Amortization Depletion Income Statement": NaN,
        "Depreciation And Amortization In Income Statement": NaN,
        "Selling General And Administration": 8000000.0,
        "Total Revenue": 0.0,
        "Operating Revenue": 0.0
    }
}