{
    "2023-06-30": {
        "Tax Effect Of Unusual Items": NaN,
        "Tax Rate For Calcs": NaN,
        "Normalized EBITDA": NaN,
        "Total Unusual Items": NaN,
        "Total Unusual Items Excluding Goodwill": NaN,
        "Net Income From Continuing Operation Net Minority Interest": NaN,
        "Reconciled Depreciation": NaN,
        "Reconciled Cost Of Revenue": NaN,
        "EBITDA": NaN,
        "EBIT": NaN,
        "Net Interest Income": NaN,
        "Interest Expense": NaN,
        "Interest Income": NaN,
        "Normalized Income": NaN,
        "Net Income From Continuing And Discontinued Operation": NaN,
        "Total Expenses": NaN,
        "Total Operating Income As Reported": NaN,
        "Diluted Average Shares": NaN,
        "Basic Average Shares": NaN,
        "Diluted EPS": NaN,
        "Basic EPS": NaN,
        "Diluted NI Availto Com Stockholders": NaN,
        "Average Dilution Earnings": 0.0,
        "Net Income Common Stockholders": NaN,
        "Net Income": NaN,
        "Minority Interests": NaN,
        "Net Income Including Noncontrolling Interests": NaN,
        "Net Income Continuous Operations": NaN,
        "Tax Provision": NaN,
        "Pretax Income": NaN,
        "Other Income Expense": NaN,
        "Special Income Charges": NaN,
        "Gain On Sale Of Ppe": NaN,
        "Restructuring And Mergern Acquisition": NaN,
        "Gain On Sale Of Security": NaN,
        "Net Non Operating Interest Income Expense": NaN,
        "Interest Expense Non Operating": NaN,
        "Interest Income Non Operating": NaN,
        "Operating Income": NaN,
        "Operating Expense": NaN,
        "Selling General And Administration": NaN,
        "General And Administrative Expense": NaN,
        "Other Gand A": NaN,
        "Gross Profit": NaN,
        "Cost Of Revenue": NaN,
        "Total Revenue": NaN,
        "Operating Revenue": NaN
    },
    "2023-03-31": {
        "Tax Effect Of Unusual Items": NaN,
        "Tax Rate For Calcs": NaN,
        "Normalized EBITDA": NaN,
        "Total Unusual Items": NaN,
        "Total Unusual Items Excluding Goodwill": NaN,
        "Net Income From Continuing Operation Net Minority Interest": NaN,
        "Reconciled Depreciation": NaN,
        "Reconciled Cost Of Revenue": NaN,
        "EBITDA": NaN,
        "EBIT": NaN,
        "Net Interest Income": NaN,
        "Interest Expense": NaN,
        "Interest Income": NaN,
        "Normalized Income": NaN,
        "Net Income From Continuing And Discontinued Operation": NaN,
        "Total Expenses": NaN,
        "Total Operating Income As Reported": NaN,
        "Diluted Average Shares": NaN,
        "Basic Average Shares": NaN,
        "Diluted EPS": NaN,
        "Basic EPS": NaN,
        "Diluted NI Availto Com Stockholders": NaN,
        "Average Dilution Earnings": 70000.0,
        "Net Income Common Stockholders": NaN,
        "Net Income": NaN,
        "Minority Interests": NaN,
        "Net Income Including Noncontrolling Interests": NaN,
        "Net Income Continuous Operations": NaN,
        "Tax Provision": NaN,
        "Pretax Income": NaN,
        "Other Income Expense": NaN,
        "Special Income Charges": NaN,
        "Gain On Sale Of Ppe": NaN,
        "Restructuring And Mergern Acquisition": NaN,
        "Gain On Sale Of Security": NaN,
        "Net Non Operating Interest Income Expense": NaN,
        "Interest Expense Non Operating": NaN,
        "Interest Income Non Operating": NaN,
        "Operating Income": NaN,
        "Operating Expense": NaN,
        "Selling General And Administration": NaN,
        "General And Administrative Expense": NaN,
        "Other Gand A": NaN,
        "Gross Profit": NaN,
        "Cost Of Revenue": NaN,
        "Total Revenue": NaN,
        "Operating Revenue": NaN
    },
    "2022-12-31": {
        "Tax Effect Of Unusual Items": NaN,
        "Tax Rate For Calcs": NaN,
        "Normalized EBITDA": NaN,
        "Total Unusual Items": NaN,
        "Total Unusual Items Excluding Goodwill": NaN,
        "Net Income From Continuing Operation Net Minority Interest": NaN,
        "Reconciled Depreciation": NaN,
        "Reconciled Cost Of Revenue": NaN,
        "EBITDA": NaN,
        "EBIT": NaN,
        "Net Interest Income": NaN,
        "Interest Expense": NaN,
        "Interest Income": NaN,
        "Normalized Income": NaN,
        "Net Income From Continuing And Discontinued Operation": NaN,
        "Total Expenses": NaN,
        "Total Operating Income As Reported": NaN,
        "Diluted Average Shares": NaN,
        "Basic Average Shares": NaN,
        "Diluted EPS": NaN,
        "Basic EPS": NaN,
        "Diluted NI Availto Com Stockholders": NaN,
        "Average Dilution Earnings": NaN,
        "Net Income Common Stockholders": NaN,
        "Net Income": NaN,
        "Minority Interests": NaN,
        "Net Income Including Noncontrolling Interests": NaN,
        "Net Income Continuous Operations": NaN,
        "Tax Provision": NaN,
        "Pretax Income": NaN,
        "Other Income Expense": NaN,
        "Other Non Operating Income Expenses": -42958000.0,
        "Special Income Charges": NaN,
        "Gain On Sale Of Ppe": NaN,
        "Restructuring And Mergern Acquisition": NaN,
        "Gain On Sale Of Security": 0.0,
        "Net Non Operating Interest Income Expense": NaN,
        "Interest Expense Non Operating": NaN,
        "Interest Income Non Operating": NaN,
        "Operating Income": NaN,
        "Operating Expense": NaN,
        "Selling General And Administration": NaN,
        "General And Administrative Expense": NaN,
        "Other Gand A": NaN,
        "Gross Profit": NaN,
        "Cost Of Revenue": NaN,
        "Total Revenue": NaN,
        "Operating Revenue": NaN
    },
    "2022-09-30": {
        "Tax Effect Of Unusual Items": NaN,
        "Tax Rate For Calcs": NaN,
        "Normalized EBITDA": NaN,
        "Total Unusual Items": NaN,
        "Total Unusual Items Excluding Goodwill": NaN,
        "Net Income From Continuing Operation Net Minority Interest": NaN,
        "Reconciled Depreciation": NaN,
        "Reconciled Cost Of Revenue": NaN,
        "EBITDA": NaN,
        "EBIT": NaN,
        "Net Interest Income": NaN,
        "Interest Expense": NaN,
        "Interest Income": NaN,
        "Normalized Income": NaN,
        "Net Income From Continuing And Discontinued Operation": NaN,
        "Total Expenses": NaN,
        "Total Operating Income As Reported": NaN,
        "Diluted Average Shares": NaN,
        "Basic Average Shares": NaN,
        "Diluted EPS": NaN,
        "Basic EPS": NaN,
        "Diluted NI Availto Com Stockholders": NaN,
        "Average Dilution Earnings": NaN,
        "Net Income Common Stockholders": NaN,
        "Net Income": NaN,
        "Minority Interests": NaN,
        "Net Income Including Noncontrolling Interests": NaN,
        "Net Income Continuous Operations": NaN,
        "Tax Provision": NaN,
        "Pretax Income": NaN,
        "Other Income Expense": NaN,
        "Other Non Operating Income Expenses": -28900000.0,
        "Special Income Charges": NaN,
        "Gain On Sale Of Ppe": NaN,
        "Restructuring And Mergern Acquisition": NaN,
        "Gain On Sale Of Security": 2525000.0,
        "Net Non Operating Interest Income Expense": NaN,
        "Interest Expense Non Operating": NaN,
        "Interest Income Non Operating": NaN,
        "Operating Income": NaN,
        "Operating Expense": NaN,
        "Selling General And Administration": NaN,
        "General And Administrative Expense": NaN,
        "Other Gand A": NaN,
        "Gross Profit": NaN,
        "Cost Of Revenue": NaN,
        "Total Revenue": NaN,
        "Operating Revenue": NaN
    },
    "2022-06-30": {
        "Tax Effect Of Unusual Items": 2769.052987,
        "Tax Rate For Calcs": 0.002226,
        "Normalized EBITDA": 109192000.0,
        "Total Unusual Items": 1244000.0,
        "Total Unusual Items Excluding Goodwill": 1244000.0,
        "Net Income From Continuing Operation Net Minority Interest": 105156000.0,
        "Reconciled Depreciation": 77379000.0,
        "Reconciled Cost Of Revenue": 791097000.0,
        "EBITDA": 110436000.0,
        "EBIT": 110436000.0,
        "Net Interest Income": -4862000.0,
        "Interest Expense": 4862000.0,
        "Interest Income": NaN,
        "Normalized Income": 103914769.052987,
        "Net Income From Continuing And Discontinued Operation": 105156000.0,
        "Total Expenses": 833259000.0,
        "Total Operating Income As Reported": 110604000.0,
        "Diluted Average Shares": 190441000.0,
        "Basic Average Shares": 186719000.0,
        "Diluted EPS": 0.55,
        "Basic EPS": 0.56,
        "Diluted NI Availto Com Stockholders": 105156000.0,
        "Average Dilution Earnings": 183000.0,
        "Net Income Common Stockholders": 105156000.0,
        "Net Income": 105156000.0,
        "Minority Interests": -183000.0,
        "Net Income Including Noncontrolling Interests": 105339000.0,
        "Net Income Continuous Operations": 105339000.0,
        "Tax Provision": 235000.0,
        "Pretax Income": 105574000.0,
        "Other Income Expense": 1076000.0,
        "Other Non Operating Income Expenses": -168000.0,
        "Special Income Charges": 1244000.0,
        "Gain On Sale Of Ppe": 3436000.0,
        "Restructuring And Mergern Acquisition": 2192000.0,
        "Gain On Sale Of Security": NaN,
        "Net Non Operating Interest Income Expense": -4862000.0,
        "Interest Expense Non Operating": 4862000.0,
        "Interest Income Non Operating": NaN,
        "Operating Income": 109360000.0,
        "Operating Expense": 42162000.0,
        "Selling General And Administration": 42162000.0,
        "General And Administrative Expense": 42162000.0,
        "Other Gand A": 42162000.0,
        "Gross Profit": 151522000.0,
        "Cost Of Revenue": 791097000.0,
        "Total Revenue": 942619000.0,
        "Operating Revenue": 942619000.0
    },
    "2022-03-31": {
        "Diluted EPS": -0.03,
        "Total Revenue": 793,
        "Gross Profit": 123,
        "Operating Income": 4,
        "EBIT": 79,
        "Net Income": -5
    },
    "2021-12-31": {
        "Diluted EPS": -0.31,
        "Total Revenue": 684,
        "Gross Profit": 48,
        "Operating Income": -63,
        "EBIT": 8,
        "Net Income": -56
    },
    "2021-09-30": {
        "Diluted EPS": -0.22,
        "Total Revenue": 654,
        "Gross Profit": 60,
        "Operating Income": -40,
        "EBIT": 26,
        "Net Income": -39
    },
    "2021-06-30": {
        "Diluted EPS": -0.29,
        "Total Revenue": 581,
        "Gross Profit": 59,
        "Operating Income": -36,
        "EBIT": 27,
        "Net Income": -51
    },
    "2021-03-31": {
        "Diluted EPS": -0.21,
        "Total Revenue": 552,
        "Gross Profit": 53,
        "Operating Income": -42,
        "EBIT": 20,
        "Net Income": -34
    },
    "2020-12-31": {
        "Diluted EPS": -0.42,
        "Total Revenue": 258,
        "Gross Profit": 21,
        "Operating Income": -54,
        "EBIT": -10,
        "Net Income": -37
    },
    "2020-09-30": {
        "Diluted EPS": -0.41,
        "Total Revenue": 147,
        "Gross Profit": 8,
        "Operating Income": -55,
        "EBIT": -10,
        "Net Income": -35
    },
    "2020-06-30": {
        "Diluted EPS": -0.55,
        "Total Revenue": 88,
        "Gross Profit": -1,
        "Operating Income": -74,
        "EBIT": -28,
        "Net Income": -46
    },
    "2020-03-31": {
        "Diluted EPS": 0.02,
        "Total Revenue": 472,
        "Gross Profit": 80,
        "Operating Income": 6,
        "EBIT": 52,
        "Net Income": 2
    },
    "2019-12-31": {
        "Diluted EPS": -0.2,
        "Total Revenue": 398,
        "Gross Profit": 54,
        "Operating Income": -18,
        "EBIT": 27,
        "Net Income": -12
    },
    "2019-09-30": {
        "Diluted EPS": 0.15,
        "Total Revenue": 515,
        "Gross Profit": 94,
        "Operating Income": 27,
        "EBIT": 69,
        "Net Income": 11
    },
    "2019-06-30": {
        "Diluted EPS": 0.32,
        "Total Revenue": 542,
        "Gross Profit": 116,
        "Operating Income": 51,
        "EBIT": 92,
        "Net Income": 22
    },
    "2019-03-31": {
        "Diluted EPS": 0.26,
        "Total Revenue": 535,
        "Gross Profit": 106,
        "Operating Income": 44,
        "EBIT": 83,
        "Net Income": 18
    },
    "2018-12-31": {
        "Diluted EPS": 0.27,
        "Total Revenue": 473,
        "Gross Profit": 96,
        "Operating Income": 42,
        "EBIT": 76,
        "Net Income": 19
    },
    "2018-09-30": {
        "Diluted EPS": 0.49,
        "Total Revenue": 559,
        "Gross Profit": 140,
        "Operating Income": 82,
        "EBIT": 115,
        "Net Income": 34
    },
    "2018-06-30": {
        "Diluted EPS": 0.71,
        "Total Revenue": 628,
        "Gross Profit": 173,
        "Operating Income": 114,
        "EBIT": 145,
        "Net Income": 50
    },
    "2018-03-31": {
        "Diluted EPS": 0.34,
        "Total Revenue": 495,
        "Gross Profit": 118,
        "Operating Income": 69,
        "EBIT": 99,
        "Net Income": 24
    },
    "2017-12-31": {
        "Diluted EPS": 0.3,
        "Total Revenue": 449,
        "Gross Profit": 110,
        "Operating Income": 63,
        "EBIT": 89,
        "Net Income": 21
    },
    "2017-09-30": {
        "Diluted EPS": 0.0,
        "Total Revenue": 442,
        "Gross Profit": 113,
        "Operating Income": 67,
        "EBIT": 93,
        "Net Income": 0
    },
    "2017-06-30": {
        "Diluted EPS": 0.0,
        "Total Revenue": 347,
        "Gross Profit": 79,
        "Operating Income": 42,
        "EBIT": 59,
        "Net Income": 0
    },
    "2017-03-31": {
        "Diluted EPS": 0.0,
        "Total Revenue": 252,
        "Gross Profit": 41,
        "Operating Income": 10,
        "EBIT": 24,
        "Net Income": 0
    },
    "2016-12-31": {
        "Diluted EPS": 0.0,
        "Total Revenue": NaN,
        "Gross Profit": NaN,
        "Operating Income": NaN,
        "EBIT": NaN,
        "Net Income": NaN
    },
    "2015-12-31": {
        "Diluted EPS": 0.0,
        "Total Revenue": NaN,
        "Gross Profit": NaN,
        "Operating Income": NaN,
        "EBIT": NaN,
        "Net Income": NaN
    },
    "2023-09-30": {
        "Tax Effect Of Unusual Items": NaN,
        "Tax Rate For Calcs": NaN,
        "Normalized EBITDA": NaN,
        "Total Unusual Items": NaN,
        "Total Unusual Items Excluding Goodwill": NaN,
        "Net Income From Continuing Operation Net Minority Interest": NaN,
        "Reconciled Depreciation": NaN,
        "Reconciled Cost Of Revenue": NaN,
        "EBITDA": NaN,
        "EBIT": NaN,
        "Net Interest Income": NaN,
        "Interest Expense": NaN,
        "Interest Income": NaN,
        "Normalized Income": NaN,
        "Net Income From Continuing And Discontinued Operation": NaN,
        "Total Expenses": NaN,
        "Total Operating Income As Reported": NaN,
        "Diluted Average Shares": NaN,
        "Basic Average Shares": NaN,
        "Diluted EPS": NaN,
        "Basic EPS": NaN,
        "Diluted NI Availto Com Stockholders": NaN,
        "Average Dilution Earnings": 0.0,
        "Net Income Common Stockholders": NaN,
        "Net Income": NaN,
        "Minority Interests": NaN,
        "Net Income Including Noncontrolling Interests": NaN,
        "Net Income Continuous Operations": NaN,
        "Tax Provision": NaN,
        "Pretax Income": NaN,
        "Other Income Expense": NaN,
        "Special Income Charges": NaN,
        "Gain On Sale Of Ppe": NaN,
        "Restructuring And Mergern Acquisition": NaN,
        "Gain On Sale Of Security": NaN,
        "Net Non Operating Interest Income Expense": NaN,
        "Interest Expense Non Operating": NaN,
        "Interest Income Non Operating": NaN,
        "Operating Income": NaN,
        "Operating Expense": NaN,
        "Selling General And Administration": NaN,
        "General And Administrative Expense": NaN,
        "Other Gand A": NaN,
        "Gross Profit": NaN,
        "Cost Of Revenue": NaN,
        "Total Revenue": NaN,
        "Operating Revenue": NaN
    },
    "2023-12-31": {
        "Tax Effect Of Unusual Items": NaN,
        "Tax Rate For Calcs": NaN,
        "Normalized EBITDA": NaN,
        "Total Unusual Items": NaN,
        "Total Unusual Items Excluding Goodwill": NaN,
        "Net Income From Continuing Operation Net Minority Interest": NaN,
        "Reconciled Depreciation": NaN,
        "Reconciled Cost Of Revenue": NaN,
        "EBITDA": NaN,
        "EBIT": NaN,
        "Net Interest Income": NaN,
        "Interest Expense": NaN,
        "Interest Income": NaN,
        "Normalized Income": NaN,
        "Net Income From Continuing And Discontinued Operation": NaN,
        "Total Expenses": NaN,
        "Total Operating Income As Reported": NaN,
        "Diluted Average Shares": NaN,
        "Basic Average Shares": NaN,
        "Diluted EPS": NaN,
        "Basic EPS": NaN,
        "Diluted NI Availto Com Stockholders": NaN,
        "Average Dilution Earnings": 2000.0,
        "Net Income Common Stockholders": NaN,
        "Net Income": NaN,
        "Minority Interests": 0.0,
        "Net Income Including Noncontrolling Interests": NaN,
        "Net Income Continuous Operations": NaN,
        "Tax Provision": NaN,
        "Pretax Income": NaN,
        "Other Income Expense": NaN,
        "Special Income Charges": NaN,
        "Gain On Sale Of Ppe": NaN,
        "Restructuring And Mergern Acquisition": NaN,
        "Gain On Sale Of Security": NaN,
        "Net Non Operating Interest Income Expense": NaN,
        "Interest Expense Non Operating": NaN,
        "Interest Income Non Operating": NaN,
        "Operating Income": NaN,
        "Operating Expense": NaN,
        "Selling General And Administration": NaN,
        "General And Administrative Expense": NaN,
        "Other Gand A": NaN,
        "Gross Profit": NaN,
        "Cost Of Revenue": NaN,
        "Total Revenue": NaN,
        "Operating Revenue": NaN
    },
    "2024-03-31": {
        "Tax Effect Of Unusual Items": NaN,
        "Tax Rate For Calcs": NaN,
        "Normalized EBITDA": NaN,
        "Total Unusual Items": NaN,
        "Total Unusual Items Excluding Goodwill": NaN,
        "Net Income From Continuing Operation Net Minority Interest": NaN,
        "Reconciled Depreciation": NaN,
        "Reconciled Cost Of Revenue": NaN,
        "EBITDA": NaN,
        "EBIT": NaN,
        "Net Interest Income": NaN,
        "Interest Expense": NaN,
        "Interest Income": NaN,
        "Normalized Income": NaN,
        "Net Income From Continuing And Discontinued Operation": NaN,
        "Total Expenses": NaN,
        "Total Operating Income As Reported": NaN,
        "Diluted Average Shares": NaN,
        "Basic Average Shares": NaN,
        "Diluted EPS": NaN,
        "Basic EPS": NaN,
        "Diluted NI Availto Com Stockholders": NaN,
        "Average Dilution Earnings": 0.0,
        "Net Income Common Stockholders": NaN,
        "Net Income": NaN,
        "Minority Interests": 0.0,
        "Net Income Including Noncontrolling Interests": NaN,
        "Net Income Continuous Operations": NaN,
        "Tax Provision": NaN,
        "Pretax Income": NaN,
        "Other Income Expense": NaN,
        "Special Income Charges": NaN,
        "Gain On Sale Of Ppe": NaN,
        "Restructuring And Mergern Acquisition": NaN,
        "Gain On Sale Of Security": NaN,
        "Net Non Operating Interest Income Expense": NaN,
        "Interest Expense Non Operating": NaN,
        "Interest Income Non Operating": NaN,
        "Operating Income": NaN,
        "Operating Expense": NaN,
        "Selling General And Administration": NaN,
        "General And Administrative Expense": NaN,
        "Other Gand A": NaN,
        "Gross Profit": NaN,
        "Cost Of Revenue": NaN,
        "Total Revenue": NaN,
        "Operating Revenue": NaN
    },
    "2024-06-30": {
        "Tax Effect Of Unusual Items": NaN,
        "Tax Rate For Calcs": NaN,
        "Normalized EBITDA": NaN,
        "Total Unusual Items": NaN,
        "Total Unusual Items Excluding Goodwill": NaN,
        "Net Income From Continuing Operation Net Minority Interest": NaN,
        "Reconciled Depreciation": NaN,
        "Reconciled Cost Of Revenue": NaN,
        "EBITDA": NaN,
        "EBIT": NaN,
        "Net Interest Income": NaN,
        "Interest Expense": NaN,
        "Interest Income": NaN,
        "Normalized Income": NaN,
        "Net Income From Continuing And Discontinued Operation": NaN,
        "Total Expenses": NaN,
        "Total Operating Income As Reported": NaN,
        "Diluted Average Shares": NaN,
        "Basic Average Shares": NaN,
        "Diluted EPS": NaN,
        "Basic EPS": NaN,
        "Diluted NI Availto Com Stockholders": NaN,
        "Average Dilution Earnings": NaN,
        "Net Income Common Stockholders": NaN,
        "Net Income": NaN,
        "Minority Interests": 0.0,
        "Net Income Including Noncontrolling Interests": NaN,
        "Net Income Continuous Operations": NaN,
        "Tax Provision": NaN,
        "Pretax Income": NaN,
        "Other Income Expense": NaN,
        "Special Income Charges": NaN,
        "Gain On Sale Of Ppe": NaN,
        "Restructuring And Mergern Acquisition": NaN,
        "Gain On Sale Of Security": NaN,
        "Net Non Operating Interest Income Expense": NaN,
        "Interest Expense Non Operating": NaN,
        "Interest Income Non Operating": NaN,
        "Operating Income": NaN,
        "Operating Expense": NaN,
        "Selling General And Administration": NaN,
        "General And Administrative Expense": NaN,
        "Other Gand A": NaN,
        "Gross Profit": NaN,
        "Cost Of Revenue": NaN,
        "Total Revenue": NaN,
        "Operating Revenue": NaN
    },
    "2024-09-30": {
        "Tax Effect Of Unusual Items": NaN,
        "Tax Rate For Calcs": NaN,
        "Normalized EBITDA": NaN,
        "Total Unusual Items": NaN,
        "Total Unusual Items Excluding Goodwill": NaN,
        "Net Income From Continuing Operation Net Minority Interest": NaN,
        "Reconciled Depreciation": NaN,
        "Reconciled Cost Of Revenue": NaN,
        "EBITDA": NaN,
        "EBIT": NaN,
        "Net Interest Income": NaN,
        "Interest Expense": NaN,
        "Interest Income": NaN,
        "Normalized Income": NaN,
        "Net Income From Continuing And Discontinued Operation": NaN,
        "Total Expenses": NaN,
        "Total Operating Income As Reported": NaN,
        "Diluted Average Shares": 168595000.0,
        "Basic Average Shares": 164741000.0,
        "Diluted EPS": 0.44,
        "Basic EPS": 0.45,
        "Diluted NI Availto Com Stockholders": NaN,
        "Average Dilution Earnings": 0.0,
        "Net Income Common Stockholders": NaN,
        "Net Income": NaN,
        "Minority Interests": 0.0,
        "Net Income Including Noncontrolling Interests": NaN,
        "Net Income Continuous Operations": NaN,
        "Tax Provision": NaN,
        "Pretax Income": NaN,
        "Other Income Expense": NaN,
        "Special Income Charges": NaN,
        "Gain On Sale Of Ppe": NaN,
        "Restructuring And Mergern Acquisition": NaN,
        "Gain On Sale Of Security": NaN,
        "Net Non Operating Interest Income Expense": NaN,
        "Interest Expense Non Operating": NaN,
        "Interest Income Non Operating": NaN,
        "Operating Income": NaN,
        "Operating Expense": NaN,
        "Selling General And Administration": NaN,
        "General And Administrative Expense": NaN,
        "Other Gand A": NaN,
        "Gross Profit": NaN,
        "Cost Of Revenue": NaN,
        "Total Revenue": NaN,
        "Operating Revenue": NaN
    },
    "2024-12-31": {
        "Tax Effect Of Unusual Items": 5889191.019183,
        "Tax Rate For Calcs": 0.104799,
        "Normalized EBITDA": 142436000.0,
        "Total Unusual Items": 56195000.0,
        "Total Unusual Items Excluding Goodwill": 56195000.0,
        "Net Income From Continuing Operation Net Minority Interest": 51893000.0,
        "Reconciled Depreciation": 132164000.0,
        "Reconciled Cost Of Revenue": 873918000.0,
        "EBITDA": 198631000.0,
        "EBIT": 66467000.0,
        "Net Interest Income": -8499000.0,
        "Interest Expense": 8499000.0,
        "Interest Income": 0.0,
        "Normalized Income": 1587191.019183,
        "Net Income From Continuing And Discontinued Operation": 51893000.0,
        "Total Expenses": 930092000.0,
        "Total Operating Income As Reported": 24924000.0,
        "Diluted Average Shares": 167163000.0,
        "Basic Average Shares": 162856000.0,
        "Diluted EPS": 0.31,
        "Basic EPS": 0.32,
        "Diluted NI Availto Com Stockholders": 51893000.0,
        "Average Dilution Earnings": 0.0,
        "Net Income Common Stockholders": 51893000.0,
        "Net Income": 51893000.0,
        "Minority Interests": 0.0,
        "Net Income Including Noncontrolling Interests": 51893000.0,
        "Net Income Continuous Operations": 51893000.0,
        "Tax Provision": 6075000.0,
        "Pretax Income": 57968000.0,
        "Other Income Expense": 52985000.0,
        "Special Income Charges": 11442000.0,
        "Gain On Sale Of Ppe": 11442000.0,
        "Restructuring And Mergern Acquisition": 0.0,
        "Gain On Sale Of Security": 44753000.0,
        "Net Non Operating Interest Income Expense": -8499000.0,
        "Interest Expense Non Operating": 8499000.0,
        "Interest Income Non Operating": 0.0,
        "Operating Income": 13482000.0,
        "Operating Expense": 56174000.0,
        "Selling General And Administration": 56174000.0,
        "General And Administrative Expense": 56174000.0,
        "Other Gand A": 56174000.0,
        "Gross Profit": 69656000.0,
        "Cost Of Revenue": 873918000.0,
        "Total Revenue": 943574000.0,
        "Operating Revenue": 943574000.0
    },
    "2025-03-31": {
        "Tax Effect Of Unusual Items": 4236960.0,
        "Tax Rate For Calcs": 0.28,
        "Normalized EBITDA": 150070000.0,
        "Total Unusual Items": 15132000.0,
        "Total Unusual Items Excluding Goodwill": 15132000.0,
        "Net Income From Continuing Operation Net Minority Interest": 20111000.0,
        "Reconciled Depreciation": 127742000.0,
        "Reconciled Cost Of Revenue": 889358000.0,
        "EBITDA": 165202000.0,
        "EBIT": 37460000.0,
        "Net Interest Income": -9543000.0,
        "Interest Expense": 9543000.0,
        "Interest Income": 0.0,
        "Normalized Income": 9215960.0,
        "Net Income From Continuing And Discontinued Operation": 20111000.0,
        "Total Expenses": 955133000.0,
        "Total Operating Income As Reported": 18172000.0,
        "Diluted Average Shares": 165784000.0,
        "Basic Average Shares": 161938000.0,
        "Diluted EPS": 0.12,
        "Basic EPS": 0.12,
        "Diluted NI Availto Com Stockholders": 20111000.0,
        "Average Dilution Earnings": NaN,
        "Net Income Common Stockholders": 20111000.0,
        "Net Income": 20111000.0,
        "Minority Interests": NaN,
        "Net Income Including Noncontrolling Interests": 20111000.0,
        "Net Income Continuous Operations": 20111000.0,
        "Tax Provision": 7806000.0,
        "Pretax Income": 27917000.0,
        "Other Income Expense": 15132000.0,
        "Special Income Charges": -4156000.0,
        "Gain On Sale Of Ppe": -3345000.0,
        "Restructuring And Mergern Acquisition": 811000.0,
        "Gain On Sale Of Security": 19288000.0,
        "Net Non Operating Interest Income Expense": -9543000.0,
        "Interest Expense Non Operating": 9543000.0,
        "Interest Income Non Operating": 0.0,
        "Operating Income": 22328000.0,
        "Operating Expense": 65775000.0,
        "Selling General And Administration": 65775000.0,
        "General And Administrative Expense": 65775000.0,
        "Other Gand A": 65775000.0,
        "Gross Profit": 88103000.0,
        "Cost Of Revenue": 889358000.0,
        "Total Revenue": 977461000.0,
        "Operating Revenue": 977461000.0
    },
    "2025-06-30": {
        "Tax Effect Of Unusual Items": 16278860.0,
        "Tax Rate For Calcs": 0.26,
        "Normalized EBITDA": 172070000.0,
        "Total Unusual Items": 62611000.0,
        "Total Unusual Items Excluding Goodwill": 62611000.0,
        "Net Income From Continuing Operation Net Minority Interest": 71016000.0,
        "Reconciled Depreciation": 129366000.0,
        "Reconciled Cost Of Revenue": 941473000.0,
        "EBITDA": 234681000.0,
        "EBIT": 105315000.0,
        "Net Interest Income": -10162000.0,
        "Interest Expense": 10162000.0,
        "Interest Income": 0.0,
        "Normalized Income": 24683860.0,
        "Net Income From Continuing And Discontinued Operation": 71016000.0,
        "Total Expenses": 999817000.0,
        "Total Operating Income As Reported": 37073000.0,
        "Diluted Average Shares": 164243000.0,
        "Basic Average Shares": 161865000.0,
        "Diluted EPS": 0.43,
        "Basic EPS": 0.44,
        "Diluted NI Availto Com Stockholders": 71016000.0,
        "Average Dilution Earnings": NaN,
        "Net Income Common Stockholders": 71016000.0,
        "Net Income": 71016000.0,
        "Minority Interests": NaN,
        "Net Income Including Noncontrolling Interests": 71016000.0,
        "Net Income Continuous Operations": 71016000.0,
        "Tax Provision": 24137000.0,
        "Pretax Income": 95153000.0,
        "Other Income Expense": 62611000.0,
        "Special Income Charges": -5631000.0,
        "Gain On Sale Of Ppe": -5631000.0,
        "Restructuring And Mergern Acquisition": 0.0,
        "Gain On Sale Of Security": 68242000.0,
        "Net Non Operating Interest Income Expense": -10162000.0,
        "Interest Expense Non Operating": 10162000.0,
        "Interest Income Non Operating": 0.0,
        "Operating Income": 42704000.0,
        "Operating Expense": 58344000.0,
        "Selling General And Administration": 58344000.0,
        "General And Administrative Expense": 58344000.0,
        "Other Gand A": 58344000.0,
        "Gross Profit": 101048000.0,
        "Cost Of Revenue": 941473000.0,
        "Total Revenue": 1042521000.0,
        "Operating Revenue": 1042521000.0
    },
    "2025-09-30": {
        "Tax Effect Of Unusual Items": 15164734.0,
        "Tax Rate For Calcs": 0.218,
        "Normalized EBITDA": 119352000.0,
        "Total Unusual Items": 69563000.0,
        "Total Unusual Items Excluding Goodwill": 69563000.0,
        "Net Income From Continuing Operation Net Minority Interest": 43055000.0,
        "Reconciled Depreciation": 122981000.0,
        "Reconciled Cost Of Revenue": 892742000.0,
        "EBITDA": 188915000.0,
        "EBIT": 65934000.0,
        "Net Interest Income": -10902000.0,
        "Interest Expense": 10902000.0,
        "Interest Income": 0.0,
        "Normalized Income": -11343266.0,
        "Net Income From Continuing And Discontinued Operation": 43055000.0,
        "Total Expenses": 951026000.0,
        "Total Operating Income As Reported": -2419000.0,
        "Diluted Average Shares": 165066000.0,
        "Basic Average Shares": 161959000.0,
        "Diluted EPS": 0.26,
        "Basic EPS": 0.27,
        "Diluted NI Availto Com Stockholders": 43055000.0,
        "Average Dilution Earnings": NaN,
        "Net Income Common Stockholders": 43055000.0,
        "Net Income": 43055000.0,
        "Minority Interests": NaN,
        "Net Income Including Noncontrolling Interests": 43055000.0,
        "Net Income Continuous Operations": 43055000.0,
        "Tax Provision": 11977000.0,
        "Pretax Income": 55032000.0,
        "Other Income Expense": 69563000.0,
        "Special Income Charges": 1210000.0,
        "Gain On Sale Of Ppe": 1210000.0,
        "Restructuring And Mergern Acquisition": 0.0,
        "Gain On Sale Of Security": 68353000.0,
        "Net Non Operating Interest Income Expense": -10902000.0,
        "Interest Expense Non Operating": 10902000.0,
        "Interest Income Non Operating": 0.0,
        "Operating Income": -3629000.0,
        "Operating Expense": 58284000.0,
        "Selling General And Administration": 58284000.0,
        "General And Administrative Expense": 58284000.0,
        "Other Gand A": 58284000.0,
        "Gross Profit": 54655000.0,
        "Cost Of Revenue": 892742000.0,
        "Total Revenue": 947397000.0,
        "Operating Revenue": 947397000.0
    },
    "2025-12-31": {
        "Tax Effect Of Unusual Items": -436585.230265,
        "Tax Rate For Calcs": 0.1989,
        "Normalized EBITDA": 149226000.0,
        "Total Unusual Items": -2195000.0,
        "Total Unusual Items Excluding Goodwill": -2195000.0,
        "Net Income From Continuing Operation Net Minority Interest": 13690000.0,
        "Reconciled Depreciation": 120243000.0,
        "Reconciled Cost Of Revenue": 944868000.0,
        "EBITDA": 147031000.0,
        "EBIT": 26788000.0,
        "Net Interest Income": -9699000.0,
        "Interest Expense": 9699000.0,
        "Interest Income": 0.0,
        "Normalized Income": 15448414.769735,
        "Net Income From Continuing And Discontinued Operation": 13690000.0,
        "Total Expenses": 1009901000.0,
        "Total Operating Income As Reported": 19882000.0,
        "Diluted Average Shares": NaN,
        "Basic Average Shares": NaN,
        "Diluted EPS": NaN,
        "Basic EPS": NaN,
        "Diluted NI Availto Com Stockholders": 13690000.0,
        "Average Dilution Earnings": NaN,
        "Net Income Common Stockholders": 13690000.0,
        "Net Income": 13690000.0,
        "Minority Interests": NaN,
        "Net Income Including Noncontrolling Interests": 13690000.0,
        "Net Income Continuous Operations": 13690000.0,
        "Tax Provision": 3399000.0,
        "Pretax Income": 17089000.0,
        "Other Income Expense": -2048000.0,
        "Special Income Charges": -8954000.0,
        "Gain On Sale Of Ppe": -8925000.0,
        "Restructuring And Mergern Acquisition": 29000.0,
        "Gain On Sale Of Security": 6759000.0,
        "Net Non Operating Interest Income Expense": -9699000.0,
        "Interest Expense Non Operating": 9699000.0,
        "Interest Income Non Operating": 0.0,
        "Operating Income": 28836000.0,
        "Operating Expense": 65033000.0,
        "Selling General And Administration": 65033000.0,
        "General And Administrative Expense": 65033000.0,
        "Other Gand A": 65033000.0,
        "Gross Profit": 93869000.0,
        "Cost Of Revenue": 944868000.0,
        "Total Revenue": 1038737000.0,
        "Operating Revenue": 1038737000.0
    }
}