{
    "2023-06-30": {
        "Tax Effect Of Unusual Items": NaN,
        "Tax Rate For Calcs": NaN,
        "Net Income From Continuing Operation Net Minority Interest": NaN,
        "Reconciled Depreciation": NaN,
        "Net Interest Income": NaN,
        "Interest Expense": NaN,
        "Interest Income": NaN,
        "Normalized Income": NaN,
        "Net Income From Continuing And Discontinued Operation": NaN,
        "Diluted Average Shares": NaN,
        "Basic Average Shares": NaN,
        "Diluted EPS": NaN,
        "Basic EPS": NaN,
        "Diluted NI Availto Com Stockholders": NaN,
        "Net Income Common Stockholders": NaN,
        "Net Income": NaN,
        "Net Income Including Noncontrolling Interests": NaN,
        "Net Income Continuous Operations": NaN,
        "Tax Provision": NaN,
        "Pretax Income": NaN,
        "Gain On Sale Of Security": 0.0,
        "Depreciation Amortization Depletion Income Statement": NaN,
        "Depreciation And Amortization In Income Statement": NaN,
        "Selling General And Administration": NaN,
        "Selling And Marketing Expense": NaN,
        "General And Administrative Expense": NaN,
        "Salaries And Wages": NaN,
        "Total Revenue": NaN,
        "Operating Revenue": NaN,
        "Occupancy And Equipment": NaN,
        "Professional Expense And Contract Services Expense": NaN,
        "Other Non Interest Expense": NaN
    },
    "2023-03-31": {
        "Tax Effect Of Unusual Items": NaN,
        "Tax Rate For Calcs": NaN,
        "Net Income From Continuing Operation Net Minority Interest": NaN,
        "Reconciled Depreciation": NaN,
        "Net Interest Income": NaN,
        "Interest Expense": NaN,
        "Interest Income": NaN,
        "Normalized Income": NaN,
        "Net Income From Continuing And Discontinued Operation": NaN,
        "Diluted Average Shares": NaN,
        "Basic Average Shares": NaN,
        "Diluted EPS": NaN,
        "Basic EPS": NaN,
        "Diluted NI Availto Com Stockholders": NaN,
        "Net Income Common Stockholders": NaN,
        "Net Income": NaN,
        "Net Income Including Noncontrolling Interests": NaN,
        "Net Income Continuous Operations": NaN,
        "Tax Provision": NaN,
        "Pretax Income": NaN,
        "Gain On Sale Of Security": 0.0,
        "Depreciation Amortization Depletion Income Statement": NaN,
        "Depreciation And Amortization In Income Statement": NaN,
        "Selling General And Administration": NaN,
        "Selling And Marketing Expense": NaN,
        "General And Administrative Expense": NaN,
        "Salaries And Wages": NaN,
        "Total Revenue": NaN,
        "Operating Revenue": NaN,
        "Occupancy And Equipment": NaN,
        "Professional Expense And Contract Services Expense": NaN,
        "Other Non Interest Expense": NaN
    },
    "2022-12-31": {
        "Tax Effect Of Unusual Items": NaN,
        "Tax Rate For Calcs": NaN,
        "Net Income From Continuing Operation Net Minority Interest": NaN,
        "Reconciled Depreciation": NaN,
        "Net Interest Income": NaN,
        "Interest Expense": NaN,
        "Interest Income": NaN,
        "Normalized Income": NaN,
        "Net Income From Continuing And Discontinued Operation": NaN,
        "Diluted Average Shares": NaN,
        "Basic Average Shares": NaN,
        "Diluted EPS": NaN,
        "Basic EPS": NaN,
        "Diluted NI Availto Com Stockholders": NaN,
        "Net Income Common Stockholders": NaN,
        "Net Income": NaN,
        "Net Income Including Noncontrolling Interests": NaN,
        "Net Income Continuous Operations": NaN,
        "Tax Provision": NaN,
        "Pretax Income": NaN,
        "Gain On Sale Of Security": -36000.0,
        "Depreciation Amortization Depletion Income Statement": NaN,
        "Depreciation And Amortization In Income Statement": NaN,
        "Selling General And Administration": NaN,
        "Selling And Marketing Expense": NaN,
        "General And Administrative Expense": NaN,
        "Salaries And Wages": NaN,
        "Total Revenue": NaN,
        "Operating Revenue": NaN,
        "Occupancy And Equipment": NaN,
        "Professional Expense And Contract Services Expense": NaN,
        "Other Non Interest Expense": NaN
    },
    "2022-09-30": {
        "Tax Effect Of Unusual Items": NaN,
        "Tax Rate For Calcs": NaN,
        "Net Income From Continuing Operation Net Minority Interest": NaN,
        "Reconciled Depreciation": NaN,
        "Net Interest Income": NaN,
        "Interest Expense": NaN,
        "Interest Income": NaN,
        "Normalized Income": NaN,
        "Net Income From Continuing And Discontinued Operation": NaN,
        "Diluted Average Shares": NaN,
        "Basic Average Shares": NaN,
        "Diluted EPS": NaN,
        "Basic EPS": NaN,
        "Diluted NI Availto Com Stockholders": NaN,
        "Net Income Common Stockholders": NaN,
        "Net Income": NaN,
        "Net Income Including Noncontrolling Interests": NaN,
        "Net Income Continuous Operations": NaN,
        "Tax Provision": NaN,
        "Pretax Income": NaN,
        "Gain On Sale Of Security": 0.0,
        "Depreciation Amortization Depletion Income Statement": NaN,
        "Depreciation And Amortization In Income Statement": NaN,
        "Selling General And Administration": NaN,
        "Selling And Marketing Expense": NaN,
        "General And Administrative Expense": NaN,
        "Salaries And Wages": NaN,
        "Total Revenue": NaN,
        "Operating Revenue": NaN
    },
    "2022-06-30": {
        "Tax Effect Of Unusual Items": 0.0,
        "Tax Rate For Calcs": 0.4,
        "Net Income From Continuing Operation Net Minority Interest": 182060000.0,
        "Reconciled Depreciation": 10557000.0,
        "Net Interest Income": 116226000.0,
        "Interest Expense": 12242000.0,
        "Interest Income": 128468000.0,
        "Normalized Income": 182060000.0,
        "Net Income From Continuing And Discontinued Operation": 182060000.0,
        "Diluted Average Shares": 105042626.0,
        "Basic Average Shares": 102776867.0,
        "Diluted EPS": 1.73,
        "Basic EPS": 1.77,
        "Diluted NI Availto Com Stockholders": 182060000.0,
        "Net Income Common Stockholders": 182060000.0,
        "Net Income": 182060000.0,
        "Net Income Including Noncontrolling Interests": 182060000.0,
        "Net Income Continuous Operations": 182060000.0,
        "Tax Provision": -131954000.0,
        "Pretax Income": 50106000.0,
        "Gain On Sale Of Security": 0.0,
        "Depreciation Amortization Depletion Income Statement": 10557000.0,
        "Depreciation And Amortization In Income Statement": 10557000.0,
        "Selling General And Administration": 146600000.0,
        "Selling And Marketing Expense": 61497000.0,
        "General And Administrative Expense": 85103000.0,
        "Salaries And Wages": 85103000.0,
        "Total Revenue": 330058000.0,
        "Operating Revenue": 330058000.0
    },
    "2023-09-30": {
        "Tax Effect Of Unusual Items": NaN,
        "Tax Rate For Calcs": NaN,
        "Net Income From Continuing Operation Net Minority Interest": NaN,
        "Reconciled Depreciation": NaN,
        "Net Interest Income": NaN,
        "Interest Expense": NaN,
        "Interest Income": NaN,
        "Normalized Income": NaN,
        "Net Income From Continuing And Discontinued Operation": NaN,
        "Diluted Average Shares": NaN,
        "Basic Average Shares": NaN,
        "Diluted EPS": NaN,
        "Basic EPS": NaN,
        "Diluted NI Availto Com Stockholders": NaN,
        "Net Income Common Stockholders": NaN,
        "Net Income": NaN,
        "Net Income Including Noncontrolling Interests": NaN,
        "Net Income Continuous Operations": NaN,
        "Tax Provision": NaN,
        "Pretax Income": NaN,
        "Gain On Sale Of Security": 0.0,
        "Depreciation Amortization Depletion Income Statement": NaN,
        "Depreciation And Amortization In Income Statement": NaN,
        "Selling General And Administration": NaN,
        "Selling And Marketing Expense": NaN,
        "General And Administrative Expense": NaN,
        "Salaries And Wages": NaN,
        "Total Revenue": NaN,
        "Operating Revenue": NaN,
        "Occupancy And Equipment": NaN,
        "Professional Expense And Contract Services Expense": NaN,
        "Other Non Interest Expense": NaN
    },
    "2023-12-31": {
        "Tax Effect Of Unusual Items": 0.0,
        "Tax Rate For Calcs": 0.257892,
        "Net Income From Continuing Operation Net Minority Interest": 10155000.0,
        "Reconciled Depreciation": 11953000.0,
        "Net Interest Income": 131477000.0,
        "Interest Expense": 76842000.0,
        "Interest Income": 208319000.0,
        "Normalized Income": 10155000.0,
        "Net Income From Continuing And Discontinued Operation": 10155000.0,
        "Diluted Average Shares": 109949371.0,
        "Basic Average Shares": 109948785.0,
        "Diluted EPS": 0.09,
        "Basic EPS": 0.09,
        "Diluted NI Availto Com Stockholders": 10155000.0,
        "Net Income Common Stockholders": 10155000.0,
        "Net Income": 10155000.0,
        "Net Income Including Noncontrolling Interests": 10155000.0,
        "Net Income Continuous Operations": 10155000.0,
        "Tax Provision": 3529000.0,
        "Pretax Income": 13684000.0,
        "Gain On Sale Of Security": NaN,
        "Depreciation Amortization Depletion Income Statement": 11953000.0,
        "Depreciation And Amortization In Income Statement": 11953000.0,
        "Selling General And Administration": 82056000.0,
        "Selling And Marketing Expense": 23465000.0,
        "General And Administrative Expense": 58591000.0,
        "Salaries And Wages": 58591000.0,
        "Total Revenue": 195983000.0,
        "Operating Revenue": 195983000.0,
        "Occupancy And Equipment": 17116000.0,
        "Professional Expense And Contract Services Expense": 7727000.0,
        "Other Non Interest Expense": 21540000.0
    },
    "2024-03-31": {
        "Tax Effect Of Unusual Items": 0.0,
        "Tax Rate For Calcs": 0.259,
        "Net Income From Continuing Operation Net Minority Interest": 12250000.0,
        "Reconciled Depreciation": 12673000.0,
        "Net Interest Income": 122888000.0,
        "Interest Expense": 84463000.0,
        "Interest Income": 207351000.0,
        "Normalized Income": 12250000.0,
        "Net Income From Continuing And Discontinued Operation": 12250000.0,
        "Diluted Average Shares": 110687380.0,
        "Basic Average Shares": 110685796.0,
        "Diluted EPS": 0.11,
        "Basic EPS": 0.11,
        "Diluted NI Availto Com Stockholders": 12250000.0,
        "Net Income Common Stockholders": 12250000.0,
        "Net Income": 12250000.0,
        "Net Income Including Noncontrolling Interests": 12250000.0,
        "Net Income Continuous Operations": 12250000.0,
        "Tax Provision": 4278000.0,
        "Pretax Income": 16528000.0,
        "Depreciation Amortization Depletion Income Statement": 12673000.0,
        "Depreciation And Amortization In Income Statement": 12673000.0,
        "Selling General And Administration": 83690000.0,
        "Selling And Marketing Expense": 24136000.0,
        "General And Administrative Expense": 59554000.0,
        "Salaries And Wages": 59554000.0,
        "Total Revenue": 180688000.0,
        "Operating Revenue": 180688000.0,
        "Occupancy And Equipment": 16545000.0,
        "Professional Expense And Contract Services Expense": 7091000.0,
        "Other Non Interest Expense": 12234000.0
    },
    "2024-06-30": {
        "Tax Effect Of Unusual Items": 0.0,
        "Tax Rate For Calcs": 0.233,
        "Net Income From Continuing Operation Net Minority Interest": 14903000.0,
        "Reconciled Depreciation": 13072000.0,
        "Net Interest Income": 128528000.0,
        "Interest Expense": 91106000.0,
        "Interest Income": 219634000.0,
        "Normalized Income": 14903000.0,
        "Net Income From Continuing And Discontinued Operation": 14903000.0,
        "Diluted Average Shares": 111466497.0,
        "Basic Average Shares": 111395025.0,
        "Diluted EPS": 0.13,
        "Basic EPS": 0.13,
        "Diluted NI Availto Com Stockholders": 14903000.0,
        "Net Income Common Stockholders": 14903000.0,
        "Net Income": 14903000.0,
        "Net Income Including Noncontrolling Interests": 14903000.0,
        "Net Income Continuous Operations": 14903000.0,
        "Tax Provision": 4519000.0,
        "Pretax Income": 19422000.0,
        "Depreciation Amortization Depletion Income Statement": 13072000.0,
        "Depreciation And Amortization In Income Statement": 13072000.0,
        "Selling General And Administration": 83205000.0,
        "Selling And Marketing Expense": 26665000.0,
        "General And Administrative Expense": 56540000.0,
        "Salaries And Wages": 56540000.0,
        "Total Revenue": 187241000.0,
        "Operating Revenue": 187241000.0,
        "Occupancy And Equipment": 16301000.0,
        "Professional Expense And Contract Services Expense": 7804000.0,
        "Other Non Interest Expense": 11876000.0
    },
    "2024-09-30": {
        "Tax Effect Of Unusual Items": 0.0,
        "Tax Rate For Calcs": 0.197,
        "Net Income From Continuing Operation Net Minority Interest": 14457000.0,
        "Reconciled Depreciation": 13341000.0,
        "Net Interest Income": 140241000.0,
        "Interest Expense": 100136000.0,
        "Interest Income": 240377000.0,
        "Normalized Income": 14457000.0,
        "Net Income From Continuing And Discontinued Operation": 14457000.0,
        "Diluted Average Shares": 113922256.0,
        "Basic Average Shares": 112042202.0,
        "Diluted EPS": 0.13,
        "Basic EPS": 0.13,
        "Diluted NI Availto Com Stockholders": 14457000.0,
        "Net Income Common Stockholders": 14457000.0,
        "Net Income": 14457000.0,
        "Net Income Including Noncontrolling Interests": 14457000.0,
        "Net Income Continuous Operations": 14457000.0,
        "Tax Provision": 3551000.0,
        "Pretax Income": 18008000.0,
        "Depreciation Amortization Depletion Income Statement": 13341000.0,
        "Depreciation And Amortization In Income Statement": 13341000.0,
        "Selling General And Administration": 83594000.0,
        "Selling And Marketing Expense": 26186000.0,
        "General And Administrative Expense": 57408000.0,
        "Salaries And Wages": 57408000.0,
        "Total Revenue": 201881000.0,
        "Operating Revenue": 201881000.0,
        "Occupancy And Equipment": 16794000.0,
        "Professional Expense And Contract Services Expense": 8014000.0,
        "Other Non Interest Expense": 14589000.0
    },
    "2024-12-31": {
        "Tax Effect Of Unusual Items": 0.0,
        "Tax Rate For Calcs": 0.124955,
        "Net Income From Continuing Operation Net Minority Interest": 9720000.0,
        "Reconciled Depreciation": 14214000.0,
        "Net Interest Income": 142384000.0,
        "Interest Expense": 98212000.0,
        "Interest Income": 240596000.0,
        "Normalized Income": 9720000.0,
        "Net Income From Continuing And Discontinued Operation": 9720000.0,
        "Diluted Average Shares": 116400285.0,
        "Basic Average Shares": 112788050.0,
        "Diluted EPS": 0.08,
        "Basic EPS": 0.09,
        "Diluted NI Availto Com Stockholders": 9720000.0,
        "Net Income Common Stockholders": 9720000.0,
        "Net Income": 9720000.0,
        "Net Income Including Noncontrolling Interests": 9720000.0,
        "Net Income Continuous Operations": 9720000.0,
        "Tax Provision": 1388000.0,
        "Pretax Income": 11108000.0,
        "Depreciation Amortization Depletion Income Statement": 19748000.0,
        "Depreciation And Amortization In Income Statement": 19748000.0,
        "Selling General And Administration": 82071000.0,
        "Selling And Marketing Expense": 23415000.0,
        "General And Administrative Expense": 58656000.0,
        "Salaries And Wages": 58656000.0,
        "Total Revenue": 217201000.0,
        "Operating Revenue": 217201000.0,
        "Occupancy And Equipment": 17352000.0,
        "Professional Expense And Contract Services Expense": 9136000.0,
        "Other Non Interest Expense": 14548000.0
    },
    "2025-03-31": {
        "Tax Effect Of Unusual Items": 0.0,
        "Tax Rate For Calcs": 0.256,
        "Net Income From Continuing Operation Net Minority Interest": 11671000.0,
        "Reconciled Depreciation": 13900000.0,
        "Net Interest Income": 149957000.0,
        "Interest Expense": 82102000.0,
        "Interest Income": 232059000.0,
        "Normalized Income": 11671000.0,
        "Net Income From Continuing And Discontinued Operation": 11671000.0,
        "Diluted Average Shares": 116176898.0,
        "Basic Average Shares": 113693399.0,
        "Diluted EPS": 0.1,
        "Basic EPS": 0.1,
        "Diluted NI Availto Com Stockholders": 11671000.0,
        "Net Income Common Stockholders": 11671000.0,
        "Net Income": 11671000.0,
        "Net Income Including Noncontrolling Interests": 11671000.0,
        "Net Income Continuous Operations": 11671000.0,
        "Tax Provision": 4024000.0,
        "Pretax Income": 15695000.0,
        "Depreciation Amortization Depletion Income Statement": 13909000.0,
        "Depreciation And Amortization In Income Statement": 13909000.0,
        "Selling General And Administration": 87628000.0,
        "Selling And Marketing Expense": 29239000.0,
        "General And Administrative Expense": 58389000.0,
        "Salaries And Wages": 58389000.0,
        "Total Revenue": 217711000.0,
        "Operating Revenue": 217711000.0,
        "Occupancy And Equipment": 18989000.0,
        "Professional Expense And Contract Services Expense": 9764000.0,
        "Other Non Interest Expense": 13577000.0
    },
    "2025-06-30": {
        "Tax Effect Of Unusual Items": 0.0,
        "Tax Rate For Calcs": 0.293,
        "Net Income From Continuing Operation Net Minority Interest": 38178000.0,
        "Reconciled Depreciation": 15469000.0,
        "Net Interest Income": 154249000.0,
        "Interest Expense": 82848000.0,
        "Interest Income": 237097000.0,
        "Normalized Income": 38178000.0,
        "Net Income From Continuing And Discontinued Operation": 38178000.0,
        "Diluted Average Shares": 115692969.0,
        "Basic Average Shares": 114409231.0,
        "Diluted EPS": 0.33,
        "Basic EPS": 0.33,
        "Diluted NI Availto Com Stockholders": 38178000.0,
        "Net Income Common Stockholders": 38178000.0,
        "Net Income": 38178000.0,
        "Net Income Including Noncontrolling Interests": 38178000.0,
        "Net Income Continuous Operations": 38178000.0,
        "Tax Provision": 15806000.0,
        "Pretax Income": 53984000.0,
        "Depreciation Amortization Depletion Income Statement": 15460000.0,
        "Depreciation And Amortization In Income Statement": 15460000.0,
        "Selling General And Administration": 95569000.0,
        "Selling And Marketing Expense": 33580000.0,
        "General And Administrative Expense": 61989000.0,
        "Salaries And Wages": 61989000.0,
        "Total Revenue": 248435000.0,
        "Operating Revenue": 248435000.0,
        "Occupancy And Equipment": 19282000.0,
        "Professional Expense And Contract Services Expense": 10300000.0,
        "Other Non Interest Expense": 14107000.0
    }
}