{
    "2023-03-31": {
        "Tax Effect Of Unusual Items": 0.0,
        "Tax Rate For Calcs": 0.248,
        "Normalized EBITDA": 52542000.0,
        "Net Income From Continuing Operation Net Minority Interest": 7259000.0,
        "Reconciled Depreciation": 32499000.0,
        "Reconciled Cost Of Revenue": 787239000.0,
        "EBITDA": 52542000.0,
        "EBIT": 20043000.0,
        "Net Interest Income": -10394000.0,
        "Interest Expense": 10394000.0,
        "Normalized Income": 7259000.0,
        "Net Income From Continuing And Discontinued Operation": 7259000.0,
        "Total Expenses": 953267000.0,
        "Total Operating Income As Reported": 20043000.0,
        "Diluted Average Shares": 25293000.0,
        "Basic Average Shares": 25228000.0,
        "Diluted EPS": 0.29,
        "Basic EPS": 0.29,
        "Diluted NI Availto Com Stockholders": 7259000.0,
        "Net Income Common Stockholders": 7259000.0,
        "Net Income": 7259000.0,
        "Net Income Including Noncontrolling Interests": 7259000.0,
        "Net Income Continuous Operations": 7259000.0,
        "Tax Provision": 2390000.0,
        "Pretax Income": 9649000.0,
        "Net Non Operating Interest Income Expense": -10394000.0,
        "Interest Expense Non Operating": 10394000.0,
        "Operating Income": 20043000.0,
        "Operating Expense": 166028000.0,
        "Selling General And Administration": 166028000.0,
        "Gross Profit": 186071000.0,
        "Cost Of Revenue": 787239000.0,
        "Total Revenue": 973310000.0,
        "Operating Revenue": 973310000.0
    },
    "2022-12-31": {
        "Tax Effect Of Unusual Items": 0.0,
        "Tax Rate For Calcs": 0.21,
        "Normalized EBITDA": 10209000.0,
        "Net Income From Continuing Operation Net Minority Interest": -17129000.0,
        "Reconciled Depreciation": 33246000.0,
        "Reconciled Cost Of Revenue": 747439000.0,
        "EBITDA": 10209000.0,
        "EBIT": -23037000.0,
        "Net Interest Income": -8220000.0,
        "Interest Expense": 8220000.0,
        "Normalized Income": -17129000.0,
        "Net Income From Continuing And Discontinued Operation": -17129000.0,
        "Total Expenses": 917383000.0,
        "Total Operating Income As Reported": -23037000.0,
        "Diluted Average Shares": 25327000.0,
        "Basic Average Shares": 25327000.0,
        "Diluted EPS": -0.68,
        "Basic EPS": -0.68,
        "Diluted NI Availto Com Stockholders": -17129000.0,
        "Net Income Common Stockholders": -17129000.0,
        "Net Income": -17129000.0,
        "Net Income Including Noncontrolling Interests": -17129000.0,
        "Net Income Continuous Operations": -17129000.0,
        "Tax Provision": -14128000.0,
        "Pretax Income": -31257000.0,
        "Net Non Operating Interest Income Expense": -8220000.0,
        "Interest Expense Non Operating": 8220000.0,
        "Operating Income": -23037000.0,
        "Operating Expense": 169944000.0,
        "Selling General And Administration": 169944000.0,
        "Gross Profit": 146907000.0,
        "Cost Of Revenue": 747439000.0,
        "Total Revenue": 894346000.0,
        "Operating Revenue": 324453000.0
    },
    "2022-09-30": {
        "Tax Effect Of Unusual Items": 0.0,
        "Tax Rate For Calcs": 0.238926,
        "Normalized EBITDA": 119822000.0,
        "Net Income From Continuing Operation Net Minority Interest": 61392000.0,
        "Reconciled Depreciation": 32247000.0,
        "Reconciled Cost Of Revenue": 879025000.0,
        "EBITDA": 119822000.0,
        "EBIT": 87575000.0,
        "Net Interest Income": -6910000.0,
        "Interest Expense": 6910000.0,
        "Normalized Income": 61392000.0,
        "Net Income From Continuing And Discontinued Operation": 61392000.0,
        "Total Expenses": 1044504000.0,
        "Total Operating Income As Reported": 87575000.0,
        "Diluted Average Shares": 25600000.0,
        "Basic Average Shares": 25447000.0,
        "Diluted EPS": 2.4,
        "Basic EPS": 2.41,
        "Diluted NI Availto Com Stockholders": 61392000.0,
        "Net Income Common Stockholders": 61392000.0,
        "Net Income": 61392000.0,
        "Net Income Including Noncontrolling Interests": 61392000.0,
        "Net Income Continuous Operations": 61392000.0,
        "Tax Provision": 19273000.0,
        "Pretax Income": 80665000.0,
        "Net Non Operating Interest Income Expense": -6910000.0,
        "Interest Expense Non Operating": 6910000.0,
        "Operating Income": 87575000.0,
        "Operating Expense": 165479000.0,
        "Selling General And Administration": 165479000.0,
        "Gross Profit": 253054000.0,
        "Cost Of Revenue": 879025000.0,
        "Total Revenue": 1132079000.0,
        "Operating Revenue": 1132079000.0
    },
    "2022-06-30": {
        "Tax Effect Of Unusual Items": 0.0,
        "Tax Rate For Calcs": 0.273,
        "Normalized EBITDA": 218789000.0,
        "Net Income From Continuing Operation Net Minority Interest": 154530000.0,
        "Reconciled Depreciation": 31907000.0,
        "Reconciled Cost Of Revenue": 1127065000.0,
        "EBITDA": 218789000.0,
        "EBIT": 218789000.0,
        "Net Interest Income": -6191000.0,
        "Interest Expense": 6191000.0,
        "Normalized Income": 154530000.0,
        "Net Income From Continuing And Discontinued Operation": 154530000.0,
        "Total Expenses": 1317361000.0,
        "Total Operating Income As Reported": 218789000.0,
        "Diluted Average Shares": 25518000.0,
        "Basic Average Shares": 25438000.0,
        "Diluted EPS": 6.06,
        "Basic EPS": 6.07,
        "Diluted NI Availto Com Stockholders": 154530000.0,
        "Net Income Common Stockholders": 154530000.0,
        "Net Income": 154530000.0,
        "Net Income Including Noncontrolling Interests": 154530000.0,
        "Net Income Continuous Operations": 154530000.0,
        "Tax Provision": 58068000.0,
        "Pretax Income": 212598000.0,
        "Net Non Operating Interest Income Expense": -6191000.0,
        "Interest Expense Non Operating": 6191000.0,
        "Operating Income": 218789000.0,
        "Operating Expense": 190296000.0,
        "Selling General And Administration": 190296000.0,
        "Gross Profit": 409085000.0,
        "Cost Of Revenue": 1127065000.0,
        "Total Revenue": 1536150000.0,
        "Operating Revenue": 1536150000.0
    },
    "2022-03-31": {
        "Diluted EPS": 7.71,
        "Total Revenue": NaN,
        "Gross Profit": 464,
        "Operating Income": 270,
        "EBIT": 302,
        "Net Income": 196
    },
    "2021-12-31": {
        "Diluted EPS": 3.23,
        "Total Revenue": NaN,
        "Gross Profit": 292,
        "Operating Income": 114,
        "EBIT": 146,
        "Net Income": 82
    },
    "2021-09-30": {
        "Diluted EPS": 2.49,
        "Total Revenue": NaN,
        "Gross Profit": 252,
        "Operating Income": 89,
        "EBIT": 118,
        "Net Income": 63
    },
    "2021-06-30": {
        "Diluted EPS": 2.67,
        "Total Revenue": NaN,
        "Gross Profit": 258,
        "Operating Income": 94,
        "EBIT": 121,
        "Net Income": 68
    },
    "2021-03-31": {
        "Diluted EPS": 2.93,
        "Total Revenue": NaN,
        "Gross Profit": 242,
        "Operating Income": 101,
        "EBIT": 126,
        "Net Income": 74
    },
    "2020-12-31": {
        "Diluted EPS": 1.93,
        "Total Revenue": 783,
        "Gross Profit": 197,
        "Operating Income": 63,
        "EBIT": 88,
        "Net Income": 49
    },
    "2020-09-30": {
        "Diluted EPS": 2.7,
        "Total Revenue": 828,
        "Gross Profit": 221,
        "Operating Income": 94,
        "EBIT": 119,
        "Net Income": 68
    },
    "2020-06-30": {
        "Diluted EPS": 0.52,
        "Total Revenue": 526,
        "Gross Profit": 129,
        "Operating Income": 21,
        "EBIT": 45,
        "Net Income": 13
    },
    "2020-03-31": {
        "Diluted EPS": 1.12,
        "Total Revenue": 660,
        "Gross Profit": 159,
        "Operating Income": 44,
        "EBIT": 69,
        "Net Income": 28
    },
    "2019-12-31": {
        "Diluted EPS": 1.15,
        "Total Revenue": 564,
        "Gross Profit": 122,
        "Operating Income": 38,
        "EBIT": 57,
        "Net Income": 29
    },
    "2019-09-30": {
        "Diluted EPS": 1.42,
        "Total Revenue": 586,
        "Gross Profit": 135,
        "Operating Income": 49,
        "EBIT": 68,
        "Net Income": 36
    },
    "2019-06-30": {
        "Diluted EPS": 1.89,
        "Total Revenue": 629,
        "Gross Profit": 149,
        "Operating Income": 66,
        "EBIT": 84,
        "Net Income": 48
    },
    "2019-03-31": {
        "Diluted EPS": 1.38,
        "Total Revenue": 592,
        "Gross Profit": 133,
        "Operating Income": 48,
        "EBIT": 66,
        "Net Income": 34
    },
    "2018-12-31": {
        "Diluted EPS": 0.78,
        "Total Revenue": 537,
        "Gross Profit": 103,
        "Operating Income": 30,
        "EBIT": 47,
        "Net Income": 20
    },
    "2018-09-30": {
        "Diluted EPS": 1.33,
        "Total Revenue": 604,
        "Gross Profit": 126,
        "Operating Income": 45,
        "EBIT": 63,
        "Net Income": 34
    },
    "2018-06-30": {
        "Diluted EPS": 1.86,
        "Total Revenue": 684,
        "Gross Profit": 150,
        "Operating Income": 64,
        "EBIT": 81,
        "Net Income": 47
    },
    "2018-03-31": {
        "Diluted EPS": 1.86,
        "Total Revenue": 650,
        "Gross Profit": 141,
        "Operating Income": 60,
        "EBIT": 75,
        "Net Income": 47
    },
    "2017-12-31": {
        "Diluted EPS": 0.68,
        "Total Revenue": 547,
        "Gross Profit": 117,
        "Operating Income": 44,
        "EBIT": 59,
        "Net Income": 17
    },
    "2017-09-30": {
        "Diluted EPS": 1.26,
        "Total Revenue": 555,
        "Gross Profit": 121,
        "Operating Income": 48,
        "EBIT": 62,
        "Net Income": 32
    },
    "2017-06-30": {
        "Diluted EPS": 1.59,
        "Total Revenue": 547,
        "Gross Profit": 131,
        "Operating Income": 63,
        "EBIT": 76,
        "Net Income": 40
    },
    "2017-03-31": {
        "Diluted EPS": 1.71,
        "Total Revenue": 498,
        "Gross Profit": 124,
        "Operating Income": 59,
        "EBIT": 71,
        "Net Income": 43
    },
    "2016-12-31": {
        "Diluted EPS": 1.05,
        "Total Revenue": 403,
        "Gross Profit": 98,
        "Operating Income": 41,
        "EBIT": 53,
        "Net Income": 26
    },
    "2016-09-30": {
        "Diluted EPS": 1.19,
        "Total Revenue": 412,
        "Gross Profit": 106,
        "Operating Income": 45,
        "EBIT": 57,
        "Net Income": 30
    },
    "2016-06-30": {
        "Diluted EPS": 1.51,
        "Total Revenue": 441,
        "Gross Profit": 117,
        "Operating Income": 59,
        "EBIT": 71,
        "Net Income": 38
    },
    "2016-03-31": {
        "Diluted EPS": 1.45,
        "Total Revenue": 423,
        "Gross Profit": 108,
        "Operating Income": 56,
        "EBIT": 67,
        "Net Income": 36
    },
    "2015-12-31": {
        "Diluted EPS": 0.65,
        "Total Revenue": 334,
        "Gross Profit": 73,
        "Operating Income": 24,
        "EBIT": 35,
        "Net Income": 16
    },
    "2015-09-30": {
        "Diluted EPS": 0.7,
        "Total Revenue": 345,
        "Gross Profit": 74,
        "Operating Income": 27,
        "EBIT": 38,
        "Net Income": 17
    },
    "2015-06-30": {
        "Diluted EPS": 0.85,
        "Total Revenue": 362,
        "Gross Profit": 82,
        "Operating Income": 34,
        "EBIT": 44,
        "Net Income": 21
    },
    "2015-03-31": {
        "Diluted EPS": 0.82,
        "Total Revenue": 361,
        "Gross Profit": 76,
        "Operating Income": 32,
        "EBIT": 42,
        "Net Income": 20
    },
    "2014-12-31": {
        "Diluted EPS": 0.48,
        "Total Revenue": 289,
        "Gross Profit": 57,
        "Operating Income": 17,
        "EBIT": 26,
        "Net Income": 12
    },
    "2014-09-30": {
        "Diluted EPS": 0.64,
        "Total Revenue": 294,
        "Gross Profit": 62,
        "Operating Income": 23,
        "EBIT": 32,
        "Net Income": 15
    },
    "2014-06-30": {
        "Diluted EPS": 0.77,
        "Total Revenue": 322,
        "Gross Profit": 72,
        "Operating Income": 29,
        "EBIT": 37,
        "Net Income": 19
    },
    "2014-03-31": {
        "Diluted EPS": 0.67,
        "Total Revenue": 285,
        "Gross Profit": 63,
        "Operating Income": 26,
        "EBIT": 33,
        "Net Income": 16
    },
    "2013-12-31": {
        "Diluted EPS": 0.46,
        "Total Revenue": 225,
        "Gross Profit": 48,
        "Operating Income": 16,
        "EBIT": 23,
        "Net Income": 11
    },
    "2013-09-30": {
        "Diluted EPS": 0.62,
        "Total Revenue": 251,
        "Gross Profit": 56,
        "Operating Income": 23,
        "EBIT": 30,
        "Net Income": 15
    },
    "2013-06-30": {
        "Diluted EPS": 0.67,
        "Total Revenue": 287,
        "Gross Profit": 61,
        "Operating Income": 26,
        "EBIT": 33,
        "Net Income": 16
    },
    "2013-03-31": {
        "Diluted EPS": 0.36,
        "Total Revenue": 253,
        "Gross Profit": 48,
        "Operating Income": 14,
        "EBIT": 20,
        "Net Income": 8
    },
    "2012-12-31": {
        "Diluted EPS": 0.2,
        "Total Revenue": 200,
        "Gross Profit": 36,
        "Operating Income": 7,
        "EBIT": 13,
        "Net Income": 5
    },
    "2012-09-30": {
        "Diluted EPS": 0.43,
        "Total Revenue": 226,
        "Gross Profit": 42,
        "Operating Income": 15,
        "EBIT": 22,
        "Net Income": 10
    },
    "2012-06-30": {
        "Diluted EPS": 0.52,
        "Total Revenue": 251,
        "Gross Profit": 46,
        "Operating Income": 19,
        "EBIT": 25,
        "Net Income": 12
    },
    "2012-03-31": {
        "Diluted EPS": 0.49,
        "Total Revenue": 224,
        "Gross Profit": 45,
        "Operating Income": 17,
        "EBIT": 24,
        "Net Income": 11
    },
    "2011-12-31": {
        "Diluted EPS": 0.18,
        "Total Revenue": 160,
        "Gross Profit": 28,
        "Operating Income": 6,
        "EBIT": 11,
        "Net Income": 4
    },
    "2011-09-30": {
        "Diluted EPS": 0.25,
        "Total Revenue": 167,
        "Gross Profit": 32,
        "Operating Income": 9,
        "EBIT": 14,
        "Net Income": 6
    },
    "2011-06-30": {
        "Diluted EPS": 0.49,
        "Total Revenue": 186,
        "Gross Profit": 42,
        "Operating Income": 18,
        "EBIT": 23,
        "Net Income": 11
    },
    "2011-03-31": {
        "Diluted EPS": 0.42,
        "Total Revenue": 169,
        "Gross Profit": 38,
        "Operating Income": 16,
        "EBIT": 20,
        "Net Income": 9
    },
    "2010-12-31": {
        "Diluted EPS": 0.14,
        "Total Revenue": 106,
        "Gross Profit": 23,
        "Operating Income": 5,
        "EBIT": 9,
        "Net Income": 3
    },
    "2010-09-30": {
        "Diluted EPS": 0.36,
        "Total Revenue": 147,
        "Gross Profit": 32,
        "Operating Income": 13,
        "EBIT": 17,
        "Net Income": 8
    },
    "2010-06-30": {
        "Diluted EPS": 0.43,
        "Total Revenue": 174,
        "Gross Profit": 38,
        "Operating Income": 16,
        "EBIT": 20,
        "Net Income": 10
    },
    "2010-03-31": {
        "Diluted EPS": 0.33,
        "Total Revenue": 146,
        "Gross Profit": 34,
        "Operating Income": 12,
        "EBIT": 16,
        "Net Income": 7
    },
    "2009-12-31": {
        "Diluted EPS": 0.15,
        "Total Revenue": 105,
        "Gross Profit": 24,
        "Operating Income": 5,
        "EBIT": 9,
        "Net Income": 3
    },
    "2009-09-30": {
        "Diluted EPS": 0.33,
        "Total Revenue": 122,
        "Gross Profit": 28,
        "Operating Income": 11,
        "EBIT": 16,
        "Net Income": 7
    },
    "2009-06-30": {
        "Diluted EPS": 0.12,
        "Total Revenue": 101,
        "Gross Profit": 21,
        "Operating Income": 4,
        "EBIT": 8,
        "Net Income": 3
    },
    "2009-03-31": {
        "Diluted EPS": -1.7,
        "Total Revenue": 71,
        "Gross Profit": 6,
        "Operating Income": -56,
        "EBIT": -6,
        "Net Income": -37
    },
    "2023-06-30": {
        "Tax Effect Of Unusual Items": 0.0,
        "Tax Rate For Calcs": 0.25596,
        "Normalized EBITDA": 88224000.0,
        "Net Income From Continuing Operation Net Minority Interest": 33426000.0,
        "Reconciled Depreciation": 33050000.0,
        "Reconciled Cost Of Revenue": 796519000.0,
        "EBITDA": 88224000.0,
        "EBIT": 55174000.0,
        "Net Interest Income": -10249000.0,
        "Interest Expense": 10249000.0,
        "Normalized Income": 33426000.0,
        "Net Income From Continuing And Discontinued Operation": 33426000.0,
        "Total Expenses": 959465000.0,
        "Total Operating Income As Reported": 55174000.0,
        "Diluted Average Shares": 25437000.0,
        "Basic Average Shares": 25329000.0,
        "Diluted EPS": 1.31,
        "Basic EPS": 1.32,
        "Diluted NI Availto Com Stockholders": 33426000.0,
        "Net Income Common Stockholders": 33426000.0,
        "Net Income": 33426000.0,
        "Net Income Including Noncontrolling Interests": 33426000.0,
        "Net Income Continuous Operations": 33426000.0,
        "Tax Provision": 11499000.0,
        "Pretax Income": 44925000.0,
        "Net Non Operating Interest Income Expense": -10249000.0,
        "Interest Expense Non Operating": 10249000.0,
        "Operating Income": 55174000.0,
        "Operating Expense": 162946000.0,
        "Selling General And Administration": 162946000.0,
        "Gross Profit": 218120000.0,
        "Cost Of Revenue": 796519000.0,
        "Total Revenue": 1014639000.0,
        "Operating Revenue": 892441000.0
    },
    "2023-09-30": {
        "Tax Effect Of Unusual Items": NaN,
        "Tax Rate For Calcs": NaN,
        "Normalized EBITDA": NaN,
        "Net Income From Continuing Operation Net Minority Interest": NaN,
        "Reconciled Depreciation": NaN,
        "Reconciled Cost Of Revenue": NaN,
        "EBITDA": NaN,
        "EBIT": NaN,
        "Net Interest Income": NaN,
        "Interest Expense": NaN,
        "Normalized Income": NaN,
        "Net Income From Continuing And Discontinued Operation": NaN,
        "Total Expenses": NaN,
        "Total Operating Income As Reported": NaN,
        "Diluted Average Shares": 25504000.0,
        "Basic Average Shares": 25340000.0,
        "Diluted EPS": 1.02,
        "Basic EPS": 1.02,
        "Diluted NI Availto Com Stockholders": NaN,
        "Net Income Common Stockholders": NaN,
        "Net Income": NaN,
        "Net Income Including Noncontrolling Interests": NaN,
        "Net Income Continuous Operations": NaN,
        "Tax Provision": NaN,
        "Pretax Income": NaN,
        "Net Non Operating Interest Income Expense": NaN,
        "Interest Expense Non Operating": NaN,
        "Operating Income": NaN,
        "Operating Expense": NaN,
        "Selling General And Administration": NaN,
        "Gross Profit": NaN,
        "Cost Of Revenue": NaN,
        "Total Revenue": NaN,
        "Operating Revenue": NaN
    },
    "2023-12-31": {
        "Tax Effect Of Unusual Items": 0.0,
        "Tax Rate For Calcs": 0.21,
        "Normalized EBITDA": 35571000.0,
        "Net Income From Continuing Operation Net Minority Interest": -2377000.0,
        "Reconciled Depreciation": 32950000.0,
        "Reconciled Cost Of Revenue": 676493000.0,
        "EBITDA": 35571000.0,
        "EBIT": 2621000.0,
        "Net Interest Income": -9456000.0,
        "Interest Expense": 9456000.0,
        "Normalized Income": -2377000.0,
        "Net Income From Continuing And Discontinued Operation": -2377000.0,
        "Total Expenses": 834923000.0,
        "Total Operating Income As Reported": 2621000.0,
        "Diluted Average Shares": 25342000.0,
        "Basic Average Shares": 25342000.0,
        "Diluted EPS": -0.09,
        "Basic EPS": -0.09,
        "Diluted NI Availto Com Stockholders": -2377000.0,
        "Net Income Common Stockholders": -2377000.0,
        "Net Income": -2377000.0,
        "Net Income Including Noncontrolling Interests": -2377000.0,
        "Net Income Continuous Operations": -2377000.0,
        "Tax Provision": -4458000.0,
        "Pretax Income": -6835000.0,
        "Net Non Operating Interest Income Expense": -9456000.0,
        "Interest Expense Non Operating": 9456000.0,
        "Operating Income": 2621000.0,
        "Operating Expense": 158430000.0,
        "Selling General And Administration": 158430000.0,
        "Gross Profit": 161051000.0,
        "Cost Of Revenue": 676493000.0,
        "Total Revenue": 837544000.0,
        "Operating Revenue": 348058000.0
    },
    "2024-03-31": {
        "Tax Effect Of Unusual Items": 0.0,
        "Tax Rate For Calcs": 0.243,
        "Normalized EBITDA": 90300000.0,
        "Net Income From Continuing Operation Net Minority Interest": 36545000.0,
        "Reconciled Depreciation": 32689000.0,
        "Reconciled Cost Of Revenue": 744123000.0,
        "EBITDA": 90300000.0,
        "EBIT": 57611000.0,
        "Net Interest Income": -9321000.0,
        "Interest Expense": 9321000.0,
        "Normalized Income": 36545000.0,
        "Net Income From Continuing And Discontinued Operation": 36545000.0,
        "Total Expenses": 910418000.0,
        "Total Operating Income As Reported": 57611000.0,
        "Diluted Average Shares": 25389000.0,
        "Basic Average Shares": 25374000.0,
        "Diluted EPS": 1.44,
        "Basic EPS": 1.44,
        "Diluted NI Availto Com Stockholders": 36545000.0,
        "Net Income Common Stockholders": 36545000.0,
        "Net Income": 36545000.0,
        "Net Income Including Noncontrolling Interests": 36545000.0,
        "Net Income Continuous Operations": 36545000.0,
        "Tax Provision": 11745000.0,
        "Pretax Income": 48290000.0,
        "Net Non Operating Interest Income Expense": -9321000.0,
        "Interest Expense Non Operating": 9321000.0,
        "Operating Income": 57611000.0,
        "Operating Expense": 166295000.0,
        "Selling General And Administration": 166295000.0,
        "Gross Profit": 223906000.0,
        "Cost Of Revenue": 744123000.0,
        "Total Revenue": 968029000.0,
        "Operating Revenue": 968029000.0
    },
    "2024-06-30": {
        "Tax Effect Of Unusual Items": 0.0,
        "Tax Rate For Calcs": 0.259904,
        "Normalized EBITDA": 122643000.0,
        "Net Income From Continuing Operation Net Minority Interest": 61163000.0,
        "Reconciled Depreciation": 32039000.0,
        "Reconciled Cost Of Revenue": 788099000.0,
        "EBITDA": 122643000.0,
        "EBIT": 90604000.0,
        "Net Interest Income": -7962000.0,
        "Interest Expense": 7962000.0,
        "Normalized Income": 61163000.0,
        "Net Income From Continuing And Discontinued Operation": 61163000.0,
        "Total Expenses": 963940000.0,
        "Total Operating Income As Reported": 90604000.0,
        "Diluted Average Shares": 25504000.0,
        "Basic Average Shares": 25473000.0,
        "Diluted EPS": 2.4,
        "Basic EPS": 2.4,
        "Diluted NI Availto Com Stockholders": 61163000.0,
        "Net Income Common Stockholders": 61163000.0,
        "Net Income": 61163000.0,
        "Net Income Including Noncontrolling Interests": 61163000.0,
        "Net Income Continuous Operations": 61163000.0,
        "Tax Provision": 21479000.0,
        "Pretax Income": 82642000.0,
        "Net Non Operating Interest Income Expense": -7962000.0,
        "Interest Expense Non Operating": 7962000.0,
        "Operating Income": 90604000.0,
        "Operating Expense": 175841000.0,
        "Selling General And Administration": 175841000.0,
        "Gross Profit": 266445000.0,
        "Cost Of Revenue": 788099000.0,
        "Total Revenue": 1054544000.0,
        "Operating Revenue": 917308000.0
    },
    "2024-09-30": {
        "Tax Effect Of Unusual Items": 0.0,
        "Tax Rate For Calcs": 0.248248,
        "Normalized EBITDA": 85160000.0,
        "Net Income From Continuing Operation Net Minority Interest": 35612000.0,
        "Reconciled Depreciation": 31272000.0,
        "Reconciled Cost Of Revenue": 695539000.0,
        "EBITDA": 85160000.0,
        "EBIT": 53888000.0,
        "Net Interest Income": -6516000.0,
        "Interest Expense": 6516000.0,
        "Normalized Income": 35612000.0,
        "Net Income From Continuing And Discontinued Operation": 35612000.0,
        "Total Expenses": 861609000.0,
        "Total Operating Income As Reported": 53888000.0,
        "Diluted Average Shares": 25558000.0,
        "Basic Average Shares": 25480000.0,
        "Diluted EPS": 1.39,
        "Basic EPS": 1.4,
        "Diluted NI Availto Com Stockholders": 35612000.0,
        "Net Income Common Stockholders": 35612000.0,
        "Net Income": 35612000.0,
        "Net Income Including Noncontrolling Interests": 35612000.0,
        "Net Income Continuous Operations": 35612000.0,
        "Tax Provision": 11760000.0,
        "Pretax Income": 47372000.0,
        "Net Non Operating Interest Income Expense": -6516000.0,
        "Interest Expense Non Operating": 6516000.0,
        "Operating Income": 53888000.0,
        "Operating Expense": 166070000.0,
        "Selling General And Administration": 166070000.0,
        "Gross Profit": 219958000.0,
        "Cost Of Revenue": 695539000.0,
        "Total Revenue": 915497000.0,
        "Operating Revenue": 915497000.0
    },
    "2024-12-31": {
        "Tax Effect Of Unusual Items": 0.0,
        "Tax Rate For Calcs": 0.134765,
        "Normalized EBITDA": 45827000.0,
        "Net Income From Continuing Operation Net Minority Interest": 9547000.0,
        "Reconciled Depreciation": 29693000.0,
        "Reconciled Cost Of Revenue": 633732000.0,
        "EBITDA": 45827000.0,
        "EBIT": 16134000.0,
        "Net Interest Income": -5100000.0,
        "Interest Expense": 5100000.0,
        "Normalized Income": 9547000.0,
        "Net Income From Continuing And Discontinued Operation": 9547000.0,
        "Total Expenses": 787004000.0,
        "Total Operating Income As Reported": 16134000.0,
        "Diluted Average Shares": NaN,
        "Basic Average Shares": NaN,
        "Diluted EPS": NaN,
        "Basic EPS": NaN,
        "Diluted NI Availto Com Stockholders": 9547000.0,
        "Net Income Common Stockholders": 9547000.0,
        "Net Income": 9547000.0,
        "Net Income Including Noncontrolling Interests": 9547000.0,
        "Net Income Continuous Operations": 9547000.0,
        "Tax Provision": 1487000.0,
        "Pretax Income": 11034000.0,
        "Net Non Operating Interest Income Expense": -5100000.0,
        "Interest Expense Non Operating": 5100000.0,
        "Operating Income": 16134000.0,
        "Operating Expense": 153272000.0,
        "Selling General And Administration": 153272000.0,
        "Gross Profit": 169406000.0,
        "Cost Of Revenue": 633732000.0,
        "Total Revenue": 803138000.0,
        "Operating Revenue": 303606000.0
    }
}