{
    "2023-03-31": {
        "Tax Effect Of Unusual Items": NaN,
        "Tax Rate For Calcs": NaN,
        "Normalized EBITDA": NaN,
        "Total Unusual Items": NaN,
        "Total Unusual Items Excluding Goodwill": NaN,
        "Net Income From Continuing Operation Net Minority Interest": NaN,
        "Reconciled Depreciation": NaN,
        "Reconciled Cost Of Revenue": NaN,
        "EBITDA": NaN,
        "EBIT": NaN,
        "Net Interest Income": NaN,
        "Interest Expense": NaN,
        "Normalized Income": NaN,
        "Net Income From Continuing And Discontinued Operation": NaN,
        "Total Expenses": NaN,
        "Total Operating Income As Reported": NaN,
        "Diluted Average Shares": 21225000.0,
        "Basic Average Shares": 21225000.0,
        "Diluted EPS": -0.41,
        "Basic EPS": -0.41,
        "Diluted NI Availto Com Stockholders": NaN,
        "Net Income Common Stockholders": NaN,
        "Net Income": NaN,
        "Net Income Including Noncontrolling Interests": NaN,
        "Net Income Continuous Operations": NaN,
        "Earnings From Equity Interest Net Of Tax": NaN,
        "Tax Provision": NaN,
        "Pretax Income": NaN,
        "Other Income Expense": NaN,
        "Special Income Charges": NaN,
        "Other Special Charges": NaN,
        "Restructuring And Mergern Acquisition": NaN,
        "Gain On Sale Of Security": NaN,
        "Net Non Operating Interest Income Expense": NaN,
        "Interest Expense Non Operating": NaN,
        "Operating Income": NaN,
        "Operating Expense": NaN,
        "Selling General And Administration": NaN,
        "Selling And Marketing Expense": NaN,
        "General And Administrative Expense": NaN,
        "Other Gand A": NaN,
        "Gross Profit": NaN,
        "Cost Of Revenue": NaN,
        "Total Revenue": NaN,
        "Operating Revenue": NaN
    },
    "2022-12-31": {
        "Tax Effect Of Unusual Items": NaN,
        "Tax Rate For Calcs": NaN,
        "Normalized EBITDA": NaN,
        "Total Unusual Items": NaN,
        "Total Unusual Items Excluding Goodwill": NaN,
        "Net Income From Continuing Operation Net Minority Interest": NaN,
        "Reconciled Depreciation": NaN,
        "Reconciled Cost Of Revenue": NaN,
        "EBITDA": NaN,
        "EBIT": NaN,
        "Net Interest Income": NaN,
        "Interest Expense": NaN,
        "Normalized Income": NaN,
        "Net Income From Continuing And Discontinued Operation": NaN,
        "Total Expenses": NaN,
        "Total Operating Income As Reported": NaN,
        "Diluted Average Shares": NaN,
        "Basic Average Shares": NaN,
        "Diluted EPS": NaN,
        "Basic EPS": NaN,
        "Diluted NI Availto Com Stockholders": NaN,
        "Net Income Common Stockholders": NaN,
        "Net Income": NaN,
        "Net Income Including Noncontrolling Interests": NaN,
        "Net Income Continuous Operations": NaN,
        "Earnings From Equity Interest Net Of Tax": NaN,
        "Tax Provision": NaN,
        "Pretax Income": NaN,
        "Other Income Expense": NaN,
        "Other Non Operating Income Expenses": 0.0,
        "Special Income Charges": NaN,
        "Other Special Charges": NaN,
        "Restructuring And Mergern Acquisition": NaN,
        "Gain On Sale Of Security": NaN,
        "Net Non Operating Interest Income Expense": NaN,
        "Interest Expense Non Operating": NaN,
        "Operating Income": NaN,
        "Operating Expense": NaN,
        "Selling General And Administration": NaN,
        "Selling And Marketing Expense": NaN,
        "General And Administrative Expense": NaN,
        "Other Gand A": NaN,
        "Gross Profit": NaN,
        "Cost Of Revenue": NaN,
        "Total Revenue": NaN,
        "Operating Revenue": NaN
    },
    "2022-09-30": {
        "Tax Effect Of Unusual Items": NaN,
        "Tax Rate For Calcs": NaN,
        "Normalized EBITDA": NaN,
        "Total Unusual Items": NaN,
        "Total Unusual Items Excluding Goodwill": NaN,
        "Net Income From Continuing Operation Net Minority Interest": NaN,
        "Reconciled Depreciation": NaN,
        "Reconciled Cost Of Revenue": NaN,
        "EBITDA": NaN,
        "EBIT": NaN,
        "Net Interest Income": NaN,
        "Interest Expense": NaN,
        "Normalized Income": NaN,
        "Net Income From Continuing And Discontinued Operation": NaN,
        "Total Expenses": NaN,
        "Total Operating Income As Reported": NaN,
        "Diluted Average Shares": NaN,
        "Basic Average Shares": NaN,
        "Diluted EPS": NaN,
        "Basic EPS": NaN,
        "Diluted NI Availto Com Stockholders": NaN,
        "Net Income Common Stockholders": NaN,
        "Net Income": NaN,
        "Net Income Including Noncontrolling Interests": NaN,
        "Net Income Continuous Operations": NaN,
        "Earnings From Equity Interest Net Of Tax": NaN,
        "Tax Provision": NaN,
        "Pretax Income": NaN,
        "Other Income Expense": NaN,
        "Other Non Operating Income Expenses": -5140000.0,
        "Special Income Charges": NaN,
        "Other Special Charges": NaN,
        "Restructuring And Mergern Acquisition": NaN,
        "Gain On Sale Of Security": NaN,
        "Net Non Operating Interest Income Expense": NaN,
        "Interest Expense Non Operating": NaN,
        "Operating Income": NaN,
        "Operating Expense": NaN,
        "Other Operating Expenses": 5140000.0,
        "Selling General And Administration": NaN,
        "Selling And Marketing Expense": NaN,
        "General And Administrative Expense": NaN,
        "Other Gand A": NaN,
        "Gross Profit": NaN,
        "Cost Of Revenue": NaN,
        "Total Revenue": NaN,
        "Operating Revenue": NaN
    },
    "2022-06-30": {
        "Tax Effect Of Unusual Items": 7600.0,
        "Tax Rate For Calcs": 0.025,
        "Normalized EBITDA": 4574000.0,
        "Total Unusual Items": 304000.0,
        "Total Unusual Items Excluding Goodwill": 304000.0,
        "Net Income From Continuing Operation Net Minority Interest": -3460000.0,
        "Reconciled Depreciation": 5038000.0,
        "Reconciled Cost Of Revenue": 96147000.0,
        "EBITDA": 4878000.0,
        "EBIT": -160000.0,
        "Net Interest Income": -3732000.0,
        "Interest Expense": 3732000.0,
        "Normalized Income": -3756400.0,
        "Net Income From Continuing And Discontinued Operation": -3460000.0,
        "Total Expenses": 151778000.0,
        "Total Operating Income As Reported": -464000.0,
        "Diluted Average Shares": 21531000.0,
        "Basic Average Shares": 21531000.0,
        "Diluted EPS": -0.16,
        "Basic EPS": -0.16,
        "Diluted NI Availto Com Stockholders": -3460000.0,
        "Net Income Common Stockholders": -3460000.0,
        "Net Income": -3460000.0,
        "Net Income Including Noncontrolling Interests": -3460000.0,
        "Net Income Continuous Operations": -3460000.0,
        "Earnings From Equity Interest Net Of Tax": 334000.0,
        "Tax Provision": -98000.0,
        "Pretax Income": -3892000.0,
        "Other Income Expense": 304000.0,
        "Other Non Operating Income Expenses": NaN,
        "Special Income Charges": NaN,
        "Other Special Charges": NaN,
        "Impairment Of Capital Assets": NaN,
        "Restructuring And Mergern Acquisition": NaN,
        "Gain On Sale Of Security": 304000.0,
        "Net Non Operating Interest Income Expense": -3732000.0,
        "Interest Expense Non Operating": 3732000.0,
        "Operating Income": -464000.0,
        "Operating Expense": 55631000.0,
        "Selling General And Administration": 55631000.0,
        "Selling And Marketing Expense": 17373000.0,
        "General And Administrative Expense": 38258000.0,
        "Other Gand A": 38258000.0,
        "Gross Profit": 55167000.0,
        "Cost Of Revenue": 96147000.0,
        "Total Revenue": 151314000.0,
        "Operating Revenue": 151314000.0
    },
    "2022-03-31": {
        "Diluted EPS": 0.02,
        "Total Revenue": 183,
        "Gross Profit": 63,
        "Operating Income": 4,
        "EBIT": 10,
        "Net Income": 0
    },
    "2021-12-31": {
        "Diluted EPS": -0.03,
        "Total Revenue": 256,
        "Gross Profit": 88,
        "Operating Income": 9,
        "EBIT": 29,
        "Net Income": -1
    },
    "2021-09-30": {
        "Diluted EPS": 0.57,
        "Total Revenue": 225,
        "Gross Profit": 83,
        "Operating Income": 22,
        "EBIT": 28,
        "Net Income": 13
    },
    "2021-06-30": {
        "Diluted EPS": 0.26,
        "Total Revenue": 187,
        "Gross Profit": 66,
        "Operating Income": 11,
        "EBIT": 17,
        "Net Income": 6
    },
    "2021-03-31": {
        "Diluted EPS": 0.14,
        "Total Revenue": 196,
        "Gross Profit": 66,
        "Operating Income": 9,
        "EBIT": 16,
        "Net Income": 3
    },
    "2020-12-31": {
        "Diluted EPS": 0.76,
        "Total Revenue": 249,
        "Gross Profit": 88,
        "Operating Income": 24,
        "EBIT": 31,
        "Net Income": 15
    },
    "2020-09-30": {
        "Diluted EPS": 0.65,
        "Total Revenue": 225,
        "Gross Profit": 79,
        "Operating Income": 22,
        "EBIT": 28,
        "Net Income": 14
    },
    "2020-06-30": {
        "Diluted EPS": -0.19,
        "Total Revenue": 150,
        "Gross Profit": 54,
        "Operating Income": 4,
        "EBIT": 11,
        "Net Income": -4
    },
    "2020-03-31": {
        "Diluted EPS": -1.36,
        "Total Revenue": 145,
        "Gross Profit": 53,
        "Operating Income": -25,
        "EBIT": 2,
        "Net Income": -28
    },
    "2019-12-31": {
        "Diluted EPS": -0.7,
        "Total Revenue": 227,
        "Gross Profit": 84,
        "Operating Income": -15,
        "EBIT": 25,
        "Net Income": -15
    },
    "2019-09-30": {
        "Diluted EPS": -0.66,
        "Total Revenue": 216,
        "Gross Profit": 73,
        "Operating Income": 7,
        "EBIT": 23,
        "Net Income": -14
    },
    "2019-06-30": {
        "Diluted EPS": -0.56,
        "Total Revenue": 143,
        "Gross Profit": 44,
        "Operating Income": -13,
        "EBIT": -6,
        "Net Income": -12
    },
    "2019-03-31": {
        "Diluted EPS": -0.24,
        "Total Revenue": 150,
        "Gross Profit": 54,
        "Operating Income": -2,
        "EBIT": 5,
        "Net Income": -5
    },
    "2018-12-31": {
        "Diluted EPS": 0.62,
        "Total Revenue": 228,
        "Gross Profit": 85,
        "Operating Income": 23,
        "EBIT": 30,
        "Net Income": 10
    },
    "2018-09-30": {
        "Diluted EPS": 0.29,
        "Total Revenue": 209,
        "Gross Profit": 74,
        "Operating Income": 12,
        "EBIT": 21,
        "Net Income": 6
    },
    "2018-06-30": {
        "Diluted EPS": -0.3,
        "Total Revenue": 149,
        "Gross Profit": 52,
        "Operating Income": -3,
        "EBIT": 4,
        "Net Income": -6
    },
    "2018-03-31": {
        "Diluted EPS": -0.7,
        "Total Revenue": 118,
        "Gross Profit": 45,
        "Operating Income": -13,
        "EBIT": -9,
        "Net Income": -12
    },
    "2017-12-31": {
        "Diluted EPS": 0.08,
        "Total Revenue": 183,
        "Gross Profit": 71,
        "Operating Income": 11,
        "EBIT": 14,
        "Net Income": 1
    },
    "2017-09-30": {
        "Diluted EPS": 0.29,
        "Total Revenue": 166,
        "Gross Profit": 57,
        "Operating Income": 9,
        "EBIT": 14,
        "Net Income": 4
    },
    "2017-06-30": {
        "Diluted EPS": -0.14,
        "Total Revenue": 117,
        "Gross Profit": 43,
        "Operating Income": -3,
        "EBIT": 0,
        "Net Income": -2
    },
    "2017-03-31": {
        "Diluted EPS": -0.09,
        "Total Revenue": 113,
        "Gross Profit": 44,
        "Operating Income": -2,
        "EBIT": 2,
        "Net Income": -1
    },
    "2016-12-31": {
        "Diluted EPS": 1.03,
        "Total Revenue": 194,
        "Gross Profit": 75,
        "Operating Income": 22,
        "EBIT": 24,
        "Net Income": 15
    },
    "2016-09-30": {
        "Diluted EPS": 0.44,
        "Total Revenue": 170,
        "Gross Profit": 58,
        "Operating Income": 11,
        "EBIT": 16,
        "Net Income": 6
    },
    "2016-06-30": {
        "Diluted EPS": -0.08,
        "Total Revenue": 118,
        "Gross Profit": 43,
        "Operating Income": 0,
        "EBIT": 3,
        "Net Income": -1
    },
    "2016-03-31": {
        "Diluted EPS": -0.31,
        "Total Revenue": 111,
        "Gross Profit": 41,
        "Operating Income": -5,
        "EBIT": -2,
        "Net Income": -4
    },
    "2015-12-31": {
        "Diluted EPS": 0.77,
        "Total Revenue": 186,
        "Gross Profit": 69,
        "Operating Income": 18,
        "EBIT": 21,
        "Net Income": 11
    },
    "2015-09-30": {
        "Diluted EPS": 0.36,
        "Total Revenue": 163,
        "Gross Profit": 57,
        "Operating Income": 10,
        "EBIT": 13,
        "Net Income": 5
    },
    "2015-06-30": {
        "Diluted EPS": -0.12,
        "Total Revenue": 121,
        "Gross Profit": 44,
        "Operating Income": -1,
        "EBIT": 3,
        "Net Income": -2
    },
    "2015-03-31": {
        "Diluted EPS": -0.15,
        "Total Revenue": 118,
        "Gross Profit": 45,
        "Operating Income": -2,
        "EBIT": 2,
        "Net Income": -2
    },
    "2014-12-31": {
        "Diluted EPS": 0.69,
        "Total Revenue": 190,
        "Gross Profit": 70,
        "Operating Income": 18,
        "EBIT": 22,
        "Net Income": 9
    },
    "2014-09-30": {
        "Diluted EPS": -0.12,
        "Total Revenue": 162,
        "Gross Profit": 58,
        "Operating Income": 8,
        "EBIT": 12,
        "Net Income": -2
    },
    "2014-06-30": {
        "Diluted EPS": -0.24,
        "Total Revenue": 115,
        "Gross Profit": 41,
        "Operating Income": -3,
        "EBIT": 1,
        "Net Income": -3
    },
    "2014-03-31": {
        "Diluted EPS": -0.22,
        "Total Revenue": 118,
        "Gross Profit": 44,
        "Operating Income": -2,
        "EBIT": 2,
        "Net Income": -3
    },
    "2013-12-31": {
        "Diluted EPS": 0.72,
        "Total Revenue": 165,
        "Gross Profit": 63,
        "Operating Income": 17,
        "EBIT": 19,
        "Net Income": 9
    },
    "2013-09-30": {
        "Diluted EPS": 0.08,
        "Total Revenue": 142,
        "Gross Profit": 51,
        "Operating Income": 12,
        "EBIT": 14,
        "Net Income": 1
    },
    "2013-06-30": {
        "Diluted EPS": -0.04,
        "Total Revenue": 97,
        "Gross Profit": 36,
        "Operating Income": 0,
        "EBIT": 3,
        "Net Income": -1
    },
    "2013-03-31": {
        "Diluted EPS": -0.05,
        "Total Revenue": 99,
        "Gross Profit": 36,
        "Operating Income": 0,
        "EBIT": 3,
        "Net Income": -1
    },
    "2012-12-31": {
        "Diluted EPS": 1.19,
        "Total Revenue": 155,
        "Gross Profit": 56,
        "Operating Income": 15,
        "EBIT": 17,
        "Net Income": 15
    },
    "2012-09-30": {
        "Diluted EPS": 0.3,
        "Total Revenue": 128,
        "Gross Profit": 45,
        "Operating Income": 7,
        "EBIT": 11,
        "Net Income": 4
    },
    "2012-06-30": {
        "Diluted EPS": 0.04,
        "Total Revenue": 95,
        "Gross Profit": 35,
        "Operating Income": 2,
        "EBIT": 4,
        "Net Income": 1
    },
    "2012-03-31": {
        "Diluted EPS": 0.11,
        "Total Revenue": 109,
        "Gross Profit": 40,
        "Operating Income": 3,
        "EBIT": 5,
        "Net Income": 1
    },
    "2011-12-31": {
        "Diluted EPS": 0.43,
        "Total Revenue": 138,
        "Gross Profit": 51,
        "Operating Income": 10,
        "EBIT": 13,
        "Net Income": 5
    },
    "2011-09-30": {
        "Diluted EPS": 0.6,
        "Total Revenue": 125,
        "Gross Profit": 44,
        "Operating Income": 10,
        "EBIT": 12,
        "Net Income": 8
    },
    "2011-06-30": {
        "Diluted EPS": 0.17,
        "Total Revenue": 90,
        "Gross Profit": 34,
        "Operating Income": 4,
        "EBIT": 7,
        "Net Income": 2
    },
    "2011-03-31": {
        "Diluted EPS": -0.08,
        "Total Revenue": 92,
        "Gross Profit": 33,
        "Operating Income": 0,
        "EBIT": 2,
        "Net Income": -1
    },
    "2010-12-31": {
        "Diluted EPS": 1.14,
        "Total Revenue": 143,
        "Gross Profit": 55,
        "Operating Income": 15,
        "EBIT": 17,
        "Net Income": 14
    },
    "2010-09-30": {
        "Diluted EPS": 0.52,
        "Total Revenue": 125,
        "Gross Profit": 46,
        "Operating Income": 10,
        "EBIT": 13,
        "Net Income": 7
    },
    "2010-06-30": {
        "Diluted EPS": -0.08,
        "Total Revenue": 87,
        "Gross Profit": 34,
        "Operating Income": 3,
        "EBIT": 6,
        "Net Income": -1
    },
    "2010-03-31": {
        "Diluted EPS": 0.06,
        "Total Revenue": 89,
        "Gross Profit": 35,
        "Operating Income": 3,
        "EBIT": 6,
        "Net Income": 1
    },
    "2009-12-31": {
        "Diluted EPS": 0.42,
        "Total Revenue": 128,
        "Gross Profit": 51,
        "Operating Income": 12,
        "EBIT": 16,
        "Net Income": 5
    },
    "2009-09-30": {
        "Diluted EPS": 0.4,
        "Total Revenue": 111,
        "Gross Profit": 42,
        "Operating Income": 8,
        "EBIT": 12,
        "Net Income": 5
    },
    "2009-06-30": {
        "Diluted EPS": -0.1,
        "Total Revenue": 85,
        "Gross Profit": 32,
        "Operating Income": 1,
        "EBIT": 4,
        "Net Income": -1
    },
    "2009-03-31": {
        "Diluted EPS": -0.5,
        "Total Revenue": 90,
        "Gross Profit": 32,
        "Operating Income": -3,
        "EBIT": 1,
        "Net Income": -6
    },
    "2023-06-30": {
        "Tax Effect Of Unusual Items": NaN,
        "Tax Rate For Calcs": NaN,
        "Normalized EBITDA": NaN,
        "Total Unusual Items": NaN,
        "Total Unusual Items Excluding Goodwill": NaN,
        "Net Income From Continuing Operation Net Minority Interest": NaN,
        "Reconciled Depreciation": NaN,
        "Reconciled Cost Of Revenue": NaN,
        "EBITDA": NaN,
        "EBIT": NaN,
        "Net Interest Income": NaN,
        "Interest Expense": NaN,
        "Normalized Income": NaN,
        "Net Income From Continuing And Discontinued Operation": NaN,
        "Total Expenses": NaN,
        "Total Operating Income As Reported": NaN,
        "Diluted Average Shares": 21123000.0,
        "Basic Average Shares": 21123000.0,
        "Diluted EPS": -0.31,
        "Basic EPS": -0.31,
        "Diluted NI Availto Com Stockholders": NaN,
        "Net Income Common Stockholders": NaN,
        "Net Income": NaN,
        "Net Income Including Noncontrolling Interests": NaN,
        "Net Income Continuous Operations": NaN,
        "Earnings From Equity Interest Net Of Tax": NaN,
        "Tax Provision": NaN,
        "Pretax Income": NaN,
        "Other Income Expense": NaN,
        "Special Income Charges": NaN,
        "Other Special Charges": -1520000.0,
        "Restructuring And Mergern Acquisition": NaN,
        "Gain On Sale Of Security": NaN,
        "Net Non Operating Interest Income Expense": NaN,
        "Interest Expense Non Operating": NaN,
        "Operating Income": NaN,
        "Operating Expense": NaN,
        "Selling General And Administration": NaN,
        "Selling And Marketing Expense": NaN,
        "General And Administrative Expense": NaN,
        "Other Gand A": NaN,
        "Gross Profit": NaN,
        "Cost Of Revenue": NaN,
        "Total Revenue": NaN,
        "Operating Revenue": NaN
    },
    "2023-09-30": {
        "Tax Effect Of Unusual Items": NaN,
        "Tax Rate For Calcs": NaN,
        "Normalized EBITDA": NaN,
        "Total Unusual Items": NaN,
        "Total Unusual Items Excluding Goodwill": NaN,
        "Net Income From Continuing Operation Net Minority Interest": NaN,
        "Reconciled Depreciation": NaN,
        "Reconciled Cost Of Revenue": NaN,
        "EBITDA": NaN,
        "EBIT": NaN,
        "Net Interest Income": NaN,
        "Interest Expense": NaN,
        "Normalized Income": NaN,
        "Net Income From Continuing And Discontinued Operation": NaN,
        "Total Expenses": NaN,
        "Total Operating Income As Reported": NaN,
        "Diluted Average Shares": 21293000.0,
        "Basic Average Shares": 21216000.0,
        "Diluted EPS": 0.2,
        "Basic EPS": 0.2,
        "Diluted NI Availto Com Stockholders": NaN,
        "Net Income Common Stockholders": NaN,
        "Net Income": NaN,
        "Net Income Including Noncontrolling Interests": NaN,
        "Net Income Continuous Operations": NaN,
        "Earnings From Equity Interest Net Of Tax": NaN,
        "Tax Provision": NaN,
        "Pretax Income": NaN,
        "Other Income Expense": NaN,
        "Special Income Charges": NaN,
        "Other Special Charges": NaN,
        "Restructuring And Mergern Acquisition": NaN,
        "Gain On Sale Of Security": NaN,
        "Net Non Operating Interest Income Expense": NaN,
        "Interest Expense Non Operating": NaN,
        "Operating Income": NaN,
        "Operating Expense": NaN,
        "Selling General And Administration": NaN,
        "Selling And Marketing Expense": NaN,
        "General And Administrative Expense": NaN,
        "Other Gand A": NaN,
        "Gross Profit": NaN,
        "Cost Of Revenue": NaN,
        "Total Revenue": NaN,
        "Operating Revenue": NaN
    },
    "2023-12-31": {
        "Tax Effect Of Unusual Items": NaN,
        "Tax Rate For Calcs": NaN,
        "Normalized EBITDA": NaN,
        "Total Unusual Items": NaN,
        "Total Unusual Items Excluding Goodwill": NaN,
        "Net Income From Continuing Operation Net Minority Interest": NaN,
        "Reconciled Depreciation": NaN,
        "Reconciled Cost Of Revenue": NaN,
        "EBITDA": NaN,
        "EBIT": NaN,
        "Net Interest Income": NaN,
        "Interest Expense": NaN,
        "Normalized Income": NaN,
        "Net Income From Continuing And Discontinued Operation": NaN,
        "Total Expenses": NaN,
        "Total Operating Income As Reported": NaN,
        "Diluted Average Shares": NaN,
        "Basic Average Shares": NaN,
        "Diluted EPS": NaN,
        "Basic EPS": NaN,
        "Diluted NI Availto Com Stockholders": NaN,
        "Net Income Common Stockholders": NaN,
        "Net Income": NaN,
        "Net Income Including Noncontrolling Interests": NaN,
        "Net Income Continuous Operations": NaN,
        "Earnings From Equity Interest Net Of Tax": NaN,
        "Tax Provision": NaN,
        "Pretax Income": NaN,
        "Other Income Expense": NaN,
        "Special Income Charges": -759000.0,
        "Other Special Charges": 759000.0,
        "Restructuring And Mergern Acquisition": 0.0,
        "Gain On Sale Of Security": NaN,
        "Net Non Operating Interest Income Expense": NaN,
        "Interest Expense Non Operating": NaN,
        "Operating Income": NaN,
        "Operating Expense": NaN,
        "Selling General And Administration": NaN,
        "Selling And Marketing Expense": NaN,
        "General And Administrative Expense": NaN,
        "Other Gand A": NaN,
        "Gross Profit": NaN,
        "Cost Of Revenue": NaN,
        "Total Revenue": NaN,
        "Operating Revenue": NaN
    },
    "2024-03-31": {
        "Tax Effect Of Unusual Items": -36540.0,
        "Tax Rate For Calcs": 0.21,
        "Normalized EBITDA": 6769000.0,
        "Total Unusual Items": -174000.0,
        "Total Unusual Items Excluding Goodwill": -174000.0,
        "Net Income From Continuing Operation Net Minority Interest": -6260000.0,
        "Reconciled Depreciation": 4939000.0,
        "Reconciled Cost Of Revenue": 84695000.0,
        "EBITDA": 6595000.0,
        "EBIT": 1656000.0,
        "Net Interest Income": -5614000.0,
        "Interest Expense": 5614000.0,
        "Normalized Income": -6122540.0,
        "Net Income From Continuing And Discontinued Operation": -6260000.0,
        "Total Expenses": 140412000.0,
        "Total Operating Income As Reported": 1830000.0,
        "Diluted Average Shares": 21377000.0,
        "Basic Average Shares": 21377000.0,
        "Diluted EPS": -0.29,
        "Basic EPS": -0.29,
        "Diluted NI Availto Com Stockholders": -6260000.0,
        "Net Income Common Stockholders": -6260000.0,
        "Net Income": -6260000.0,
        "Net Income Including Noncontrolling Interests": -6260000.0,
        "Net Income Continuous Operations": -6260000.0,
        "Earnings From Equity Interest Net Of Tax": -2092000.0,
        "Tax Provision": 210000.0,
        "Pretax Income": -3958000.0,
        "Other Income Expense": -174000.0,
        "Special Income Charges": 0.0,
        "Other Special Charges": NaN,
        "Restructuring And Mergern Acquisition": 0.0,
        "Gain On Sale Of Security": -174000.0,
        "Net Non Operating Interest Income Expense": -5614000.0,
        "Interest Expense Non Operating": 5614000.0,
        "Operating Income": 1830000.0,
        "Operating Expense": 55717000.0,
        "Selling General And Administration": 55717000.0,
        "Selling And Marketing Expense": 16181000.0,
        "General And Administrative Expense": 39536000.0,
        "Other Gand A": 39536000.0,
        "Gross Profit": 57547000.0,
        "Cost Of Revenue": 84695000.0,
        "Total Revenue": 142242000.0,
        "Operating Revenue": 142242000.0
    },
    "2024-06-30": {
        "Tax Effect Of Unusual Items": -42702.0,
        "Tax Rate For Calcs": 0.003,
        "Normalized EBITDA": 6061000.0,
        "Total Unusual Items": -14234000.0,
        "Total Unusual Items Excluding Goodwill": -14234000.0,
        "Net Income From Continuing Operation Net Minority Interest": -18167000.0,
        "Reconciled Depreciation": 4894000.0,
        "Reconciled Cost Of Revenue": 87116000.0,
        "EBITDA": -8173000.0,
        "EBIT": -13067000.0,
        "Net Interest Income": -5157000.0,
        "Interest Expense": 5157000.0,
        "Normalized Income": -3975702.0,
        "Net Income From Continuing And Discontinued Operation": -18167000.0,
        "Total Expenses": 140499000.0,
        "Total Operating Income As Reported": 1167000.0,
        "Diluted Average Shares": 21421000.0,
        "Basic Average Shares": 21421000.0,
        "Diluted EPS": -0.85,
        "Basic EPS": -0.85,
        "Diluted NI Availto Com Stockholders": -18167000.0,
        "Net Income Common Stockholders": -18167000.0,
        "Net Income": -18167000.0,
        "Net Income Including Noncontrolling Interests": -18167000.0,
        "Net Income Continuous Operations": -18167000.0,
        "Earnings From Equity Interest Net Of Tax": 0.0,
        "Tax Provision": -57000.0,
        "Pretax Income": -18224000.0,
        "Other Income Expense": -14234000.0,
        "Special Income Charges": 0.0,
        "Other Special Charges": NaN,
        "Restructuring And Mergern Acquisition": 0.0,
        "Gain On Sale Of Security": -14234000.0,
        "Net Non Operating Interest Income Expense": -5157000.0,
        "Interest Expense Non Operating": 5157000.0,
        "Operating Income": 1167000.0,
        "Operating Expense": 53383000.0,
        "Selling General And Administration": 53383000.0,
        "Selling And Marketing Expense": 15052000.0,
        "General And Administrative Expense": 38331000.0,
        "Other Gand A": 38331000.0,
        "Gross Profit": 54550000.0,
        "Cost Of Revenue": 87116000.0,
        "Total Revenue": 141666000.0,
        "Operating Revenue": 141666000.0
    },
    "2024-09-30": {
        "Tax Effect Of Unusual Items": -194880.0,
        "Tax Rate For Calcs": 0.21,
        "Normalized EBITDA": 15021000.0,
        "Total Unusual Items": -928000.0,
        "Total Unusual Items Excluding Goodwill": -928000.0,
        "Net Income From Continuing Operation Net Minority Interest": 344000.0,
        "Reconciled Depreciation": 6408000.0,
        "Reconciled Cost Of Revenue": 116420000.0,
        "EBITDA": 14093000.0,
        "EBIT": 7685000.0,
        "Net Interest Income": -5834000.0,
        "Interest Expense": 5834000.0,
        "Normalized Income": 1077120.0,
        "Net Income From Continuing And Discontinued Operation": 344000.0,
        "Total Expenses": 175224000.0,
        "Total Operating Income As Reported": 8613000.0,
        "Diluted Average Shares": 21610000.0,
        "Basic Average Shares": 17200000.0,
        "Diluted EPS": 0.02,
        "Basic EPS": 0.02,
        "Diluted NI Availto Com Stockholders": 344000.0,
        "Net Income Common Stockholders": 344000.0,
        "Net Income": 344000.0,
        "Net Income Including Noncontrolling Interests": 344000.0,
        "Net Income Continuous Operations": 344000.0,
        "Earnings From Equity Interest Net Of Tax": 0.0,
        "Tax Provision": 1507000.0,
        "Pretax Income": 1851000.0,
        "Other Income Expense": -928000.0,
        "Special Income Charges": 0.0,
        "Other Special Charges": NaN,
        "Restructuring And Mergern Acquisition": 0.0,
        "Gain On Sale Of Security": -928000.0,
        "Net Non Operating Interest Income Expense": -5834000.0,
        "Interest Expense Non Operating": 5834000.0,
        "Operating Income": 8613000.0,
        "Operating Expense": 58804000.0,
        "Selling General And Administration": 58804000.0,
        "Selling And Marketing Expense": 20034000.0,
        "General And Administrative Expense": 38770000.0,
        "Other Gand A": 38770000.0,
        "Gross Profit": 67417000.0,
        "Cost Of Revenue": 116420000.0,
        "Total Revenue": 183837000.0,
        "Operating Revenue": 183837000.0
    },
    "2024-12-31": {
        "Tax Effect Of Unusual Items": 113304.183587,
        "Tax Rate For Calcs": 0.157805,
        "Normalized EBITDA": 21547000.0,
        "Total Unusual Items": 718000.0,
        "Total Unusual Items Excluding Goodwill": 718000.0,
        "Net Income From Continuing Operation Net Minority Interest": 8918000.0,
        "Reconciled Depreciation": 6073000.0,
        "Reconciled Cost Of Revenue": 134018000.0,
        "EBITDA": 22265000.0,
        "EBIT": 16192000.0,
        "Net Interest Income": -5603000.0,
        "Interest Expense": 5603000.0,
        "Normalized Income": 8313304.183587,
        "Net Income From Continuing And Discontinued Operation": 8918000.0,
        "Total Expenses": 199733000.0,
        "Total Operating Income As Reported": 15474000.0,
        "Diluted Average Shares": 21617000.0,
        "Basic Average Shares": 21562000.0,
        "Diluted EPS": 0.41,
        "Basic EPS": 0.41,
        "Diluted NI Availto Com Stockholders": 8918000.0,
        "Net Income Common Stockholders": 8918000.0,
        "Net Income": 8918000.0,
        "Net Income Including Noncontrolling Interests": 8918000.0,
        "Net Income Continuous Operations": 8918000.0,
        "Earnings From Equity Interest Net Of Tax": 0.0,
        "Tax Provision": 1671000.0,
        "Pretax Income": 10589000.0,
        "Other Income Expense": 718000.0,
        "Special Income Charges": 0.0,
        "Other Special Charges": NaN,
        "Restructuring And Mergern Acquisition": 0.0,
        "Gain On Sale Of Security": 718000.0,
        "Net Non Operating Interest Income Expense": -5603000.0,
        "Interest Expense Non Operating": 5603000.0,
        "Operating Income": 15474000.0,
        "Operating Expense": 65715000.0,
        "Selling General And Administration": 65715000.0,
        "Selling And Marketing Expense": 22543000.0,
        "General And Administrative Expense": 43172000.0,
        "Other Gand A": 43172000.0,
        "Gross Profit": 81189000.0,
        "Cost Of Revenue": 134018000.0,
        "Total Revenue": 215207000.0,
        "Operating Revenue": 215207000.0
    },
    "2025-03-31": {
        "Tax Effect Of Unusual Items": -17230.94635,
        "Tax Rate For Calcs": 0.032696,
        "Normalized EBITDA": 6797000.0,
        "Total Unusual Items": -527000.0,
        "Total Unusual Items Excluding Goodwill": -527000.0,
        "Net Income From Continuing Operation Net Minority Interest": -4201000.0,
        "Reconciled Depreciation": 5698000.0,
        "Reconciled Cost Of Revenue": 89448000.0,
        "EBITDA": 6270000.0,
        "EBIT": 572000.0,
        "Net Interest Income": -4915000.0,
        "Interest Expense": 4915000.0,
        "Normalized Income": -3691230.94635,
        "Net Income From Continuing And Discontinued Operation": -4201000.0,
        "Total Expenses": 138986000.0,
        "Total Operating Income As Reported": 1099000.0,
        "Diluted Average Shares": 21592000.0,
        "Basic Average Shares": 21592000.0,
        "Diluted EPS": -0.19,
        "Basic EPS": -0.19,
        "Diluted NI Availto Com Stockholders": -4201000.0,
        "Net Income Common Stockholders": -4201000.0,
        "Net Income": -4201000.0,
        "Net Income Including Noncontrolling Interests": -4201000.0,
        "Net Income Continuous Operations": -4201000.0,
        "Earnings From Equity Interest Net Of Tax": 0.0,
        "Tax Provision": -142000.0,
        "Pretax Income": -4343000.0,
        "Other Income Expense": -527000.0,
        "Special Income Charges": NaN,
        "Other Special Charges": NaN,
        "Restructuring And Mergern Acquisition": NaN,
        "Gain On Sale Of Security": -527000.0,
        "Net Non Operating Interest Income Expense": -4915000.0,
        "Interest Expense Non Operating": 4915000.0,
        "Operating Income": 1099000.0,
        "Operating Expense": 49538000.0,
        "Selling General And Administration": 49538000.0,
        "Selling And Marketing Expense": 18070000.0,
        "General And Administrative Expense": 31468000.0,
        "Other Gand A": 31468000.0,
        "Gross Profit": 50637000.0,
        "Cost Of Revenue": 89448000.0,
        "Total Revenue": 140085000.0,
        "Operating Revenue": 140085000.0
    }
}