{
    "2023-03-31": {
        "Tax Effect Of Unusual Items": NaN,
        "Tax Rate For Calcs": NaN,
        "Total Unusual Items": NaN,
        "Total Unusual Items Excluding Goodwill": NaN,
        "Net Income From Continuing Operation Net Minority Interest": NaN,
        "Reconciled Depreciation": NaN,
        "Net Interest Income": NaN,
        "Interest Expense": NaN,
        "Interest Income": NaN,
        "Normalized Income": NaN,
        "Net Income From Continuing And Discontinued Operation": NaN,
        "Diluted Average Shares": NaN,
        "Basic Average Shares": NaN,
        "Diluted EPS": NaN,
        "Basic EPS": NaN,
        "Diluted NI Availto Com Stockholders": NaN,
        "Net Income Common Stockholders": NaN,
        "Net Income": NaN,
        "Minority Interests": NaN,
        "Net Income Including Noncontrolling Interests": NaN,
        "Net Income Continuous Operations": NaN,
        "Tax Provision": NaN,
        "Pretax Income": NaN,
        "Special Income Charges": NaN,
        "Other Special Charges": NaN,
        "Write Off": NaN,
        "Impairment Of Capital Assets": NaN,
        "Restructuring And Mergern Acquisition": 1746000.0,
        "Gain On Sale Of Security": NaN,
        "Depreciation Amortization Depletion Income Statement": NaN,
        "Depreciation And Amortization In Income Statement": NaN,
        "Selling General And Administration": NaN,
        "Selling And Marketing Expense": NaN,
        "General And Administrative Expense": NaN,
        "Other Gand A": NaN,
        "Salaries And Wages": NaN,
        "Total Revenue": NaN,
        "Operating Revenue": NaN,
        "Occupancy And Equipment": NaN,
        "Other Non Interest Expense": NaN
    },
    "2022-12-31": {
        "Tax Effect Of Unusual Items": NaN,
        "Tax Rate For Calcs": NaN,
        "Total Unusual Items": NaN,
        "Total Unusual Items Excluding Goodwill": NaN,
        "Net Income From Continuing Operation Net Minority Interest": NaN,
        "Reconciled Depreciation": NaN,
        "Net Interest Income": NaN,
        "Interest Expense": NaN,
        "Interest Income": NaN,
        "Normalized Income": NaN,
        "Net Income From Continuing And Discontinued Operation": NaN,
        "Diluted Average Shares": NaN,
        "Basic Average Shares": NaN,
        "Diluted EPS": NaN,
        "Basic EPS": NaN,
        "Diluted NI Availto Com Stockholders": NaN,
        "Net Income Common Stockholders": NaN,
        "Net Income": NaN,
        "Minority Interests": NaN,
        "Net Income Including Noncontrolling Interests": NaN,
        "Net Income Continuous Operations": NaN,
        "Tax Provision": NaN,
        "Pretax Income": NaN,
        "Special Income Charges": NaN,
        "Other Special Charges": NaN,
        "Write Off": NaN,
        "Impairment Of Capital Assets": 0.0,
        "Restructuring And Mergern Acquisition": NaN,
        "Gain On Sale Of Security": NaN,
        "Depreciation Amortization Depletion Income Statement": NaN,
        "Depreciation And Amortization In Income Statement": NaN,
        "Selling General And Administration": NaN,
        "Selling And Marketing Expense": NaN,
        "General And Administrative Expense": NaN,
        "Other Gand A": NaN,
        "Salaries And Wages": NaN,
        "Total Revenue": NaN,
        "Operating Revenue": NaN,
        "Occupancy And Equipment": NaN,
        "Other Non Interest Expense": NaN
    },
    "2022-09-30": {
        "Tax Effect Of Unusual Items": NaN,
        "Tax Rate For Calcs": NaN,
        "Total Unusual Items": NaN,
        "Total Unusual Items Excluding Goodwill": NaN,
        "Net Income From Continuing Operation Net Minority Interest": NaN,
        "Reconciled Depreciation": NaN,
        "Net Interest Income": NaN,
        "Interest Expense": NaN,
        "Interest Income": NaN,
        "Normalized Income": NaN,
        "Net Income From Continuing And Discontinued Operation": NaN,
        "Diluted Average Shares": NaN,
        "Basic Average Shares": NaN,
        "Diluted EPS": NaN,
        "Basic EPS": NaN,
        "Diluted NI Availto Com Stockholders": NaN,
        "Net Income Common Stockholders": NaN,
        "Net Income": NaN,
        "Minority Interests": NaN,
        "Net Income Including Noncontrolling Interests": NaN,
        "Net Income Continuous Operations": NaN,
        "Tax Provision": NaN,
        "Pretax Income": NaN,
        "Special Income Charges": NaN,
        "Other Special Charges": NaN,
        "Write Off": NaN,
        "Impairment Of Capital Assets": 0.0,
        "Restructuring And Mergern Acquisition": NaN,
        "Gain On Sale Of Security": NaN,
        "Depreciation Amortization Depletion Income Statement": NaN,
        "Depreciation And Amortization In Income Statement": NaN,
        "Selling General And Administration": NaN,
        "Selling And Marketing Expense": NaN,
        "General And Administrative Expense": NaN,
        "Other Gand A": NaN,
        "Salaries And Wages": NaN,
        "Total Revenue": NaN,
        "Operating Revenue": NaN
    },
    "2022-06-30": {
        "Tax Effect Of Unusual Items": -10591360.0,
        "Tax Rate For Calcs": 0.26,
        "Total Unusual Items": -40736000.0,
        "Total Unusual Items Excluding Goodwill": -40736000.0,
        "Net Income From Continuing Operation Net Minority Interest": -100928000.0,
        "Reconciled Depreciation": 11323000.0,
        "Net Interest Income": -10341000.0,
        "Interest Expense": 73063000.0,
        "Interest Income": 62722000.0,
        "Normalized Income": -70783360.0,
        "Net Income From Continuing And Discontinued Operation": -100928000.0,
        "Diluted Average Shares": 153822380.0,
        "Basic Average Shares": 153822380.0,
        "Diluted EPS": -0.66,
        "Basic EPS": -0.66,
        "Diluted NI Availto Com Stockholders": -100928000.0,
        "Net Income Common Stockholders": -100928000.0,
        "Net Income": -100928000.0,
        "Minority Interests": 122894000.0,
        "Net Income Including Noncontrolling Interests": -223822000.0,
        "Net Income Continuous Operations": -223822000.0,
        "Tax Provision": -28196000.0,
        "Pretax Income": -252018000.0,
        "Special Income Charges": -40736000.0,
        "Other Special Charges": NaN,
        "Write Off": NaN,
        "Impairment Of Capital Assets": 40736000.0,
        "Gain On Sale Of Security": 413907000.0,
        "Depreciation Amortization Depletion Income Statement": 11323000.0,
        "Depreciation And Amortization In Income Statement": 11323000.0,
        "Selling General And Administration": 421333000.0,
        "Selling And Marketing Expense": 60837000.0,
        "General And Administrative Expense": 360496000.0,
        "Other Gand A": 63927000.0,
        "Salaries And Wages": 296569000.0,
        "Total Revenue": 241503000.0,
        "Operating Revenue": 241503000.0
    },
    "2022-03-31": {
        "Diluted EPS": -0.25,
        "Total Revenue": 503,
        "Gross Profit": 419,
        "Operating Income": -89,
        "EBIT": -68,
        "Net Income": -35
    },
    "2021-12-31": {
        "Diluted EPS": 0.04,
        "Total Revenue": 705,
        "Gross Profit": 626,
        "Operating Income": 33,
        "EBIT": 52,
        "Net Income": 9
    },
    "2021-09-30": {
        "Diluted EPS": 0.4,
        "Total Revenue": 924,
        "Gross Profit": 842,
        "Operating Income": 202,
        "EBIT": 218,
        "Net Income": 51
    },
    "2021-06-30": {
        "Diluted EPS": 0.07,
        "Total Revenue": 780,
        "Gross Profit": 693,
        "Operating Income": 52,
        "EBIT": 70,
        "Net Income": 9
    },
    "2021-03-31": {
        "Diluted EPS": 0.36,
        "Total Revenue": NaN,
        "Gross Profit": NaN,
        "Operating Income": 459,
        "EBIT": 476,
        "Net Income": 45
    },
    "2020-12-31": {
        "Diluted EPS": 0.0,
        "Total Revenue": NaN,
        "Gross Profit": NaN,
        "Operating Income": 564,
        "EBIT": 581,
        "Net Income": 547
    },
    "2020-09-30": {
        "Diluted EPS": 0.0,
        "Total Revenue": NaN,
        "Gross Profit": NaN,
        "Operating Income": 739,
        "EBIT": 757,
        "Net Income": NaN
    },
    "2020-06-30": {
        "Diluted EPS": 0.0,
        "Total Revenue": NaN,
        "Gross Profit": NaN,
        "Operating Income": 660,
        "EBIT": 677,
        "Net Income": NaN
    },
    "2020-03-31": {
        "Diluted EPS": 0.0,
        "Total Revenue": 486,
        "Gross Profit": 436,
        "Operating Income": 100,
        "EBIT": 117,
        "Net Income": 0
    },
    "2019-12-31": {
        "Diluted EPS": 0.0,
        "Total Revenue": NaN,
        "Gross Profit": NaN,
        "Operating Income": NaN,
        "EBIT": NaN,
        "Net Income": NaN
    },
    "2018-12-31": {
        "Diluted EPS": 0.0,
        "Total Revenue": NaN,
        "Gross Profit": NaN,
        "Operating Income": NaN,
        "EBIT": NaN,
        "Net Income": NaN
    },
    "2023-06-30": {
        "Tax Effect Of Unusual Items": NaN,
        "Tax Rate For Calcs": NaN,
        "Total Unusual Items": NaN,
        "Total Unusual Items Excluding Goodwill": NaN,
        "Net Income From Continuing Operation Net Minority Interest": NaN,
        "Reconciled Depreciation": NaN,
        "Net Interest Income": NaN,
        "Interest Expense": NaN,
        "Interest Income": NaN,
        "Normalized Income": NaN,
        "Net Income From Continuing And Discontinued Operation": NaN,
        "Diluted Average Shares": NaN,
        "Basic Average Shares": NaN,
        "Diluted EPS": NaN,
        "Basic EPS": NaN,
        "Diluted NI Availto Com Stockholders": NaN,
        "Net Income Common Stockholders": NaN,
        "Net Income": NaN,
        "Minority Interests": NaN,
        "Net Income Including Noncontrolling Interests": NaN,
        "Net Income Continuous Operations": NaN,
        "Tax Provision": NaN,
        "Pretax Income": NaN,
        "Special Income Charges": NaN,
        "Other Special Charges": NaN,
        "Write Off": NaN,
        "Impairment Of Capital Assets": 0.0,
        "Restructuring And Mergern Acquisition": NaN,
        "Gain On Sale Of Security": NaN,
        "Depreciation Amortization Depletion Income Statement": NaN,
        "Depreciation And Amortization In Income Statement": NaN,
        "Selling General And Administration": NaN,
        "Selling And Marketing Expense": NaN,
        "General And Administrative Expense": NaN,
        "Other Gand A": NaN,
        "Salaries And Wages": NaN,
        "Total Revenue": NaN,
        "Operating Revenue": NaN,
        "Occupancy And Equipment": NaN,
        "Other Non Interest Expense": NaN
    },
    "2023-09-30": {
        "Tax Effect Of Unusual Items": NaN,
        "Tax Rate For Calcs": NaN,
        "Total Unusual Items": NaN,
        "Total Unusual Items Excluding Goodwill": NaN,
        "Net Income From Continuing Operation Net Minority Interest": NaN,
        "Reconciled Depreciation": NaN,
        "Net Interest Income": NaN,
        "Interest Expense": NaN,
        "Interest Income": NaN,
        "Normalized Income": NaN,
        "Net Income From Continuing And Discontinued Operation": NaN,
        "Diluted Average Shares": NaN,
        "Basic Average Shares": NaN,
        "Diluted EPS": NaN,
        "Basic EPS": NaN,
        "Diluted NI Availto Com Stockholders": NaN,
        "Net Income Common Stockholders": NaN,
        "Net Income": NaN,
        "Minority Interests": NaN,
        "Net Income Including Noncontrolling Interests": NaN,
        "Net Income Continuous Operations": NaN,
        "Tax Provision": NaN,
        "Pretax Income": NaN,
        "Special Income Charges": NaN,
        "Other Special Charges": NaN,
        "Write Off": NaN,
        "Impairment Of Capital Assets": 0.0,
        "Restructuring And Mergern Acquisition": NaN,
        "Gain On Sale Of Security": NaN,
        "Depreciation Amortization Depletion Income Statement": NaN,
        "Depreciation And Amortization In Income Statement": NaN,
        "Selling General And Administration": NaN,
        "Selling And Marketing Expense": NaN,
        "General And Administrative Expense": NaN,
        "Other Gand A": NaN,
        "Salaries And Wages": NaN,
        "Total Revenue": NaN,
        "Operating Revenue": NaN,
        "Occupancy And Equipment": NaN,
        "Other Non Interest Expense": NaN
    },
    "2023-12-31": {
        "Tax Effect Of Unusual Items": NaN,
        "Tax Rate For Calcs": NaN,
        "Total Unusual Items": NaN,
        "Total Unusual Items Excluding Goodwill": NaN,
        "Net Income From Continuing Operation Net Minority Interest": NaN,
        "Reconciled Depreciation": NaN,
        "Net Interest Income": NaN,
        "Interest Expense": NaN,
        "Interest Income": NaN,
        "Normalized Income": NaN,
        "Net Income From Continuing And Discontinued Operation": NaN,
        "Diluted Average Shares": NaN,
        "Basic Average Shares": NaN,
        "Diluted EPS": NaN,
        "Basic EPS": NaN,
        "Diluted NI Availto Com Stockholders": NaN,
        "Net Income Common Stockholders": NaN,
        "Net Income": NaN,
        "Minority Interests": NaN,
        "Net Income Including Noncontrolling Interests": NaN,
        "Net Income Continuous Operations": NaN,
        "Tax Provision": NaN,
        "Pretax Income": NaN,
        "Special Income Charges": NaN,
        "Other Special Charges": NaN,
        "Write Off": NaN,
        "Impairment Of Capital Assets": 0.0,
        "Restructuring And Mergern Acquisition": NaN,
        "Gain On Sale Of Security": NaN,
        "Depreciation Amortization Depletion Income Statement": NaN,
        "Depreciation And Amortization In Income Statement": NaN,
        "Selling General And Administration": NaN,
        "Selling And Marketing Expense": NaN,
        "General And Administrative Expense": NaN,
        "Other Gand A": NaN,
        "Salaries And Wages": NaN,
        "Total Revenue": NaN,
        "Operating Revenue": NaN,
        "Occupancy And Equipment": NaN,
        "Other Non Interest Expense": NaN
    },
    "2024-03-31": {
        "Tax Effect Of Unusual Items": -2987989.667117,
        "Tax Rate For Calcs": 0.160395,
        "Total Unusual Items": -18629000.0,
        "Total Unusual Items Excluding Goodwill": -18629000.0,
        "Net Income From Continuing Operation Net Minority Interest": -34255000.0,
        "Reconciled Depreciation": 11732000.0,
        "Net Interest Income": -47288000.0,
        "Interest Expense": 78213000.0,
        "Interest Income": 30925000.0,
        "Normalized Income": -18613989.667117,
        "Net Income From Continuing And Discontinued Operation": -34255000.0,
        "Diluted Average Shares": 324679090.0,
        "Basic Average Shares": 181407353.0,
        "Diluted EPS": -0.19,
        "Basic EPS": -0.19,
        "Diluted NI Availto Com Stockholders": -34255000.0,
        "Net Income Common Stockholders": -34255000.0,
        "Net Income": -34255000.0,
        "Minority Interests": 37250000.0,
        "Net Income Including Noncontrolling Interests": -71505000.0,
        "Net Income Continuous Operations": -71505000.0,
        "Tax Provision": -13660000.0,
        "Pretax Income": -85165000.0,
        "Special Income Charges": -18629000.0,
        "Other Special Charges": 14669000.0,
        "Write Off": -1000.0,
        "Impairment Of Capital Assets": NaN,
        "Restructuring And Mergern Acquisition": 3961000.0,
        "Gain On Sale Of Security": 2971000.0,
        "Depreciation Amortization Depletion Income Statement": 9443000.0,
        "Depreciation And Amortization In Income Statement": 9443000.0,
        "Selling General And Administration": 220418000.0,
        "Selling And Marketing Expense": 28354000.0,
        "General And Administrative Expense": 192064000.0,
        "Other Gand A": 57746000.0,
        "Salaries And Wages": 134318000.0,
        "Total Revenue": 158615000.0,
        "Operating Revenue": 158615000.0,
        "Occupancy And Equipment": 5110000.0,
        "Other Non Interest Expense": -10398000.0
    },
    "2024-06-30": {
        "Tax Effect Of Unusual Items": -5412242.155605,
        "Tax Rate For Calcs": 0.146506,
        "Total Unusual Items": -36942000.0,
        "Total Unusual Items Excluding Goodwill": -36942000.0,
        "Net Income From Continuing Operation Net Minority Interest": -32211000.0,
        "Reconciled Depreciation": 11712000.0,
        "Net Interest Income": -53631000.0,
        "Interest Expense": 88683000.0,
        "Interest Income": 35052000.0,
        "Normalized Income": -681242.155605,
        "Net Income From Continuing And Discontinued Operation": -32211000.0,
        "Diluted Average Shares": 182324046.0,
        "Basic Average Shares": 182324046.0,
        "Diluted EPS": -0.18,
        "Basic EPS": -0.18,
        "Diluted NI Availto Com Stockholders": -32211000.0,
        "Net Income Common Stockholders": -32211000.0,
        "Net Income": -32211000.0,
        "Minority Interests": 33642000.0,
        "Net Income Including Noncontrolling Interests": -65853000.0,
        "Net Income Continuous Operations": -65853000.0,
        "Tax Provision": -11304000.0,
        "Pretax Income": -77157000.0,
        "Special Income Charges": -36942000.0,
        "Other Special Charges": 26942000.0,
        "Write Off": 1193000.0,
        "Restructuring And Mergern Acquisition": 3127000.0,
        "Gain On Sale Of Security": 7317000.0,
        "Depreciation Amortization Depletion Income Statement": 8955000.0,
        "Depreciation And Amortization In Income Statement": 8955000.0,
        "Selling General And Administration": 245371000.0,
        "Selling And Marketing Expense": 31175000.0,
        "General And Administrative Expense": 214196000.0,
        "Other Gand A": 73160000.0,
        "Salaries And Wages": 141036000.0,
        "Total Revenue": 181088000.0,
        "Operating Revenue": 181088000.0,
        "Occupancy And Equipment": 5204000.0,
        "Other Non Interest Expense": -28475000.0
    },
    "2024-09-30": {
        "Tax Effect Of Unusual Items": 4255201.4,
        "Tax Rate For Calcs": 0.2501,
        "Total Unusual Items": 17014000.0,
        "Total Unusual Items Excluding Goodwill": 17014000.0,
        "Net Income From Continuing Operation Net Minority Interest": 1369000.0,
        "Reconciled Depreciation": 12046000.0,
        "Net Interest Income": -45944000.0,
        "Interest Expense": 84617000.0,
        "Interest Income": 38673000.0,
        "Normalized Income": -11389798.6,
        "Net Income From Continuing And Discontinued Operation": 1369000.0,
        "Diluted Average Shares": 332532984.0,
        "Basic Average Shares": 185385271.0,
        "Diluted EPS": 0.01,
        "Basic EPS": 0.01,
        "Diluted NI Availto Com Stockholders": 1369000.0,
        "Net Income Common Stockholders": 1369000.0,
        "Net Income": 1369000.0,
        "Minority Interests": -1303000.0,
        "Net Income Including Noncontrolling Interests": 2672000.0,
        "Net Income Continuous Operations": 2672000.0,
        "Tax Provision": 923000.0,
        "Pretax Income": 3595000.0,
        "Special Income Charges": 17014000.0,
        "Other Special Charges": -18877000.0,
        "Write Off": 10000.0,
        "Restructuring And Mergern Acquisition": 1853000.0,
        "Gain On Sale Of Security": -57825000.0,
        "Depreciation Amortization Depletion Income Statement": 8931000.0,
        "Depreciation And Amortization In Income Statement": 8931000.0,
        "Selling General And Administration": 220596000.0,
        "Selling And Marketing Expense": 36282000.0,
        "General And Administrative Expense": 184314000.0,
        "Other Gand A": 22984000.0,
        "Salaries And Wages": 161330000.0,
        "Total Revenue": 224362000.0,
        "Operating Revenue": 224362000.0,
        "Occupancy And Equipment": 4800000.0,
        "Other Non Interest Expense": 6561000.0
    },
    "2024-12-31": {
        "Tax Effect Of Unusual Items": -258214.445343,
        "Tax Rate For Calcs": 0.198017,
        "Total Unusual Items": -1304000.0,
        "Total Unusual Items Excluding Goodwill": -1304000.0,
        "Net Income From Continuing Operation Net Minority Interest": -33234000.0,
        "Reconciled Depreciation": 11625000.0,
        "Net Interest Income": -42530000.0,
        "Interest Expense": 84365000.0,
        "Interest Income": 41835000.0,
        "Normalized Income": -32188214.445343,
        "Net Income From Continuing And Discontinued Operation": -33234000.0,
        "Diluted Average Shares": 193413971.0,
        "Basic Average Shares": 193413971.0,
        "Diluted EPS": -0.17,
        "Basic EPS": -0.17,
        "Diluted NI Availto Com Stockholders": -33234000.0,
        "Net Income Common Stockholders": -33234000.0,
        "Net Income": -33234000.0,
        "Minority Interests": 34232000.0,
        "Net Income Including Noncontrolling Interests": -67466000.0,
        "Net Income Continuous Operations": -67466000.0,
        "Tax Provision": -16658000.0,
        "Pretax Income": -84124000.0,
        "Special Income Charges": -1304000.0,
        "Other Special Charges": 1901000.0,
        "Write Off": -691000.0,
        "Restructuring And Mergern Acquisition": 94000.0,
        "Gain On Sale Of Security": 60928000.0,
        "Depreciation Amortization Depletion Income Statement": 8779000.0,
        "Depreciation And Amortization In Income Statement": 8779000.0,
        "Selling General And Administration": 251002000.0,
        "Selling And Marketing Expense": 36860000.0,
        "General And Administrative Expense": 214142000.0,
        "Other Gand A": 50342000.0,
        "Salaries And Wages": 163800000.0,
        "Total Revenue": 198153000.0,
        "Operating Revenue": 198153000.0,
        "Occupancy And Equipment": 4321000.0,
        "Other Non Interest Expense": 10939000.0
    },
    "2025-03-31": {
        "Tax Effect Of Unusual Items": -764111.7,
        "Tax Rate For Calcs": 0.2607,
        "Total Unusual Items": -2931000.0,
        "Total Unusual Items Excluding Goodwill": -2931000.0,
        "Net Income From Continuing Operation Net Minority Interest": -21896000.0,
        "Reconciled Depreciation": 10472000.0,
        "Net Interest Income": -39957000.0,
        "Interest Expense": 75027000.0,
        "Interest Income": 35070000.0,
        "Normalized Income": -19729111.7,
        "Net Income From Continuing And Discontinued Operation": -21896000.0,
        "Diluted Average Shares": 200792570.0,
        "Basic Average Shares": 200792570.0,
        "Diluted EPS": -0.11,
        "Basic EPS": -0.11,
        "Diluted NI Availto Com Stockholders": -21896000.0,
        "Net Income Common Stockholders": -21896000.0,
        "Net Income": -21896000.0,
        "Minority Interests": 18800000.0,
        "Net Income Including Noncontrolling Interests": -40696000.0,
        "Net Income Continuous Operations": -40696000.0,
        "Tax Provision": -5407000.0,
        "Pretax Income": -46103000.0,
        "Special Income Charges": -2931000.0,
        "Other Special Charges": 805000.0,
        "Write Off": 5000.0,
        "Restructuring And Mergern Acquisition": 2121000.0,
        "Gain On Sale Of Security": -9300000.0,
        "Depreciation Amortization Depletion Income Statement": 7666000.0,
        "Depreciation And Amortization In Income Statement": 7666000.0,
        "Selling General And Administration": 232543000.0,
        "Selling And Marketing Expense": 38250000.0,
        "General And Administrative Expense": 194293000.0,
        "Other Gand A": 44132000.0,
        "Salaries And Wages": 150161000.0,
        "Total Revenue": 208647000.0,
        "Operating Revenue": 208647000.0,
        "Occupancy And Equipment": 4295000.0,
        "Other Non Interest Expense": 7069000.0
    },
    "2025-06-30": {
        "Tax Effect Of Unusual Items": -102418.78518,
        "Tax Rate For Calcs": 0.218377,
        "Total Unusual Items": -469000.0,
        "Total Unusual Items Excluding Goodwill": -469000.0,
        "Net Income From Continuing Operation Net Minority Interest": -13388000.0,
        "Reconciled Depreciation": 9109000.0,
        "Net Interest Income": -42349000.0,
        "Interest Expense": 83295000.0,
        "Interest Income": 40946000.0,
        "Normalized Income": -13021418.78518,
        "Net Income From Continuing And Discontinued Operation": -13388000.0,
        "Diluted Average Shares": 207948195.0,
        "Basic Average Shares": 207948195.0,
        "Diluted EPS": -0.06,
        "Basic EPS": -0.06,
        "Diluted NI Availto Com Stockholders": -13388000.0,
        "Net Income Common Stockholders": -13388000.0,
        "Net Income": -13388000.0,
        "Minority Interests": 11885000.0,
        "Net Income Including Noncontrolling Interests": -25273000.0,
        "Net Income Continuous Operations": -25273000.0,
        "Tax Provision": -7061000.0,
        "Pretax Income": -32334000.0,
        "Special Income Charges": -469000.0,
        "Other Special Charges": 312000.0,
        "Write Off": 0.0,
        "Restructuring And Mergern Acquisition": 157000.0,
        "Gain On Sale Of Security": 7300000.0,
        "Depreciation Amortization Depletion Income Statement": 6379000.0,
        "Depreciation And Amortization In Income Statement": 6379000.0,
        "Selling General And Administration": 231721000.0,
        "Selling And Marketing Expense": 37878000.0,
        "General And Administrative Expense": 193843000.0,
        "Other Gand A": 39727000.0,
        "Salaries And Wages": 154116000.0,
        "Total Revenue": 221713000.0,
        "Operating Revenue": 221713000.0,
        "Occupancy And Equipment": 4133000.0,
        "Other Non Interest Expense": 7715000.0
    }
}