{
    "2023-03-31": {
        "Tax Effect Of Unusual Items": NaN,
        "Tax Rate For Calcs": NaN,
        "Normalized EBITDA": NaN,
        "Net Income From Continuing Operation Net Minority Interest": NaN,
        "Reconciled Depreciation": NaN,
        "Reconciled Cost Of Revenue": NaN,
        "EBITDA": NaN,
        "EBIT": NaN,
        "Net Interest Income": NaN,
        "Interest Expense": NaN,
        "Interest Income": NaN,
        "Normalized Income": NaN,
        "Net Income From Continuing And Discontinued Operation": NaN,
        "Total Expenses": NaN,
        "Total Operating Income As Reported": NaN,
        "Diluted Average Shares": 25177502.0,
        "Basic Average Shares": 24374677.0,
        "Diluted EPS": 0.65,
        "Basic EPS": 0.67,
        "Diluted NI Availto Com Stockholders": NaN,
        "Net Income Common Stockholders": NaN,
        "Net Income": NaN,
        "Net Income Including Noncontrolling Interests": NaN,
        "Net Income Continuous Operations": NaN,
        "Tax Provision": NaN,
        "Pretax Income": NaN,
        "Other Income Expense": NaN,
        "Other Non Operating Income Expenses": NaN,
        "Net Non Operating Interest Income Expense": NaN,
        "Interest Expense Non Operating": NaN,
        "Interest Income Non Operating": NaN,
        "Operating Income": NaN,
        "Operating Expense": NaN,
        "Selling General And Administration": NaN,
        "Selling And Marketing Expense": NaN,
        "General And Administrative Expense": NaN,
        "Other Gand A": NaN,
        "Gross Profit": NaN,
        "Cost Of Revenue": NaN,
        "Total Revenue": NaN,
        "Operating Revenue": NaN
    },
    "2022-12-31": {
        "Tax Effect Of Unusual Items": 0.0,
        "Tax Rate For Calcs": 0.174633,
        "Normalized EBITDA": 23899000.0,
        "Net Income From Continuing Operation Net Minority Interest": 19685000.0,
        "Reconciled Depreciation": -2410000.0,
        "Reconciled Cost Of Revenue": 45466000.0,
        "EBITDA": 23899000.0,
        "EBIT": 23899000.0,
        "Net Interest Income": 647000.0,
        "Interest Expense": 49000.0,
        "Interest Income": 696000.0,
        "Normalized Income": 19685000.0,
        "Net Income From Continuing And Discontinued Operation": 19685000.0,
        "Total Expenses": 53123000.0,
        "Total Operating Income As Reported": 22428000.0,
        "Diluted Average Shares": NaN,
        "Basic Average Shares": NaN,
        "Diluted EPS": NaN,
        "Basic EPS": NaN,
        "Diluted NI Availto Com Stockholders": 19685000.0,
        "Net Income Common Stockholders": 19685000.0,
        "Net Income": 19685000.0,
        "Net Income Including Noncontrolling Interests": 19685000.0,
        "Net Income Continuous Operations": 19685000.0,
        "Tax Provision": 4165000.0,
        "Pretax Income": 23850000.0,
        "Other Income Expense": 775000.0,
        "Other Non Operating Income Expenses": 775000.0,
        "Net Non Operating Interest Income Expense": 647000.0,
        "Interest Expense Non Operating": 49000.0,
        "Interest Income Non Operating": 696000.0,
        "Operating Income": 22428000.0,
        "Operating Expense": 7657000.0,
        "Selling General And Administration": 7657000.0,
        "Selling And Marketing Expense": 376000.0,
        "General And Administrative Expense": 7281000.0,
        "Other Gand A": 7281000.0,
        "Gross Profit": 30085000.0,
        "Cost Of Revenue": 45466000.0,
        "Total Revenue": 75551000.0,
        "Operating Revenue": 73789000.0
    },
    "2022-09-30": {
        "Tax Effect Of Unusual Items": NaN,
        "Tax Rate For Calcs": NaN,
        "Normalized EBITDA": NaN,
        "Net Income From Continuing Operation Net Minority Interest": NaN,
        "Reconciled Depreciation": NaN,
        "Reconciled Cost Of Revenue": NaN,
        "EBITDA": NaN,
        "EBIT": NaN,
        "Net Interest Income": NaN,
        "Interest Expense": NaN,
        "Interest Income": NaN,
        "Normalized Income": NaN,
        "Net Income From Continuing And Discontinued Operation": NaN,
        "Total Expenses": NaN,
        "Total Operating Income As Reported": NaN,
        "Diluted Average Shares": 25379116.0,
        "Basic Average Shares": 24406020.0,
        "Diluted EPS": 0.58,
        "Basic EPS": 0.6,
        "Diluted NI Availto Com Stockholders": NaN,
        "Net Income Common Stockholders": NaN,
        "Net Income": NaN,
        "Net Income Including Noncontrolling Interests": NaN,
        "Net Income Continuous Operations": NaN,
        "Tax Provision": NaN,
        "Pretax Income": NaN,
        "Other Income Expense": NaN,
        "Other Non Operating Income Expenses": NaN,
        "Net Non Operating Interest Income Expense": NaN,
        "Interest Expense Non Operating": NaN,
        "Interest Income Non Operating": NaN,
        "Operating Income": NaN,
        "Operating Expense": NaN,
        "Selling General And Administration": NaN,
        "Selling And Marketing Expense": NaN,
        "General And Administrative Expense": NaN,
        "Other Gand A": NaN,
        "Gross Profit": NaN,
        "Cost Of Revenue": NaN,
        "Total Revenue": NaN,
        "Operating Revenue": NaN
    },
    "2022-06-30": {
        "Tax Effect Of Unusual Items": 0.0,
        "Tax Rate For Calcs": 0.181,
        "Normalized EBITDA": 21710000.0,
        "Net Income From Continuing Operation Net Minority Interest": 17261000.0,
        "Reconciled Depreciation": 450000.0,
        "Reconciled Cost Of Revenue": 37411000.0,
        "EBITDA": 21710000.0,
        "EBIT": 21260000.0,
        "Net Interest Income": 600000.0,
        "Interest Expense": 183000.0,
        "Interest Income": 783000.0,
        "Normalized Income": 17261000.0,
        "Net Income From Continuing And Discontinued Operation": 17261000.0,
        "Total Expenses": 43751000.0,
        "Total Operating Income As Reported": 20460000.0,
        "Diluted Average Shares": 24922125.0,
        "Basic Average Shares": 24406020.0,
        "Diluted EPS": 0.69,
        "Basic EPS": 0.71,
        "Diluted NI Availto Com Stockholders": 17261000.0,
        "Net Income Common Stockholders": 17261000.0,
        "Net Income": 17261000.0,
        "Net Income Including Noncontrolling Interests": 17261000.0,
        "Net Income Continuous Operations": 17261000.0,
        "Tax Provision": 3816000.0,
        "Pretax Income": 21077000.0,
        "Other Income Expense": 17000.0,
        "Other Non Operating Income Expenses": 17000.0,
        "Net Non Operating Interest Income Expense": 600000.0,
        "Interest Expense Non Operating": 183000.0,
        "Interest Income Non Operating": 783000.0,
        "Operating Income": 20460000.0,
        "Operating Expense": 6340000.0,
        "Selling General And Administration": 6340000.0,
        "Selling And Marketing Expense": 439000.0,
        "General And Administrative Expense": 5901000.0,
        "Other Gand A": 5901000.0,
        "Gross Profit": 26800000.0,
        "Cost Of Revenue": 37411000.0,
        "Total Revenue": 64211000.0,
        "Operating Revenue": 62595000.0
    },
    "2022-03-31": {
        "Diluted EPS": 0.65,
        "Total Revenue": 60,
        "Gross Profit": 26,
        "Operating Income": 18,
        "EBIT": 18,
        "Net Income": 16
    },
    "2021-12-31": {
        "Diluted EPS": 0.55,
        "Total Revenue": 53,
        "Gross Profit": 24,
        "Operating Income": 16,
        "EBIT": 18,
        "Net Income": 14
    },
    "2021-09-30": {
        "Diluted EPS": 0.54,
        "Total Revenue": 56,
        "Gross Profit": 21,
        "Operating Income": 15,
        "EBIT": 15,
        "Net Income": 13
    },
    "2021-06-30": {
        "Diluted EPS": 0.52,
        "Total Revenue": 49,
        "Gross Profit": 20,
        "Operating Income": 15,
        "EBIT": 15,
        "Net Income": 13
    },
    "2021-03-31": {
        "Diluted EPS": 0.44,
        "Total Revenue": 40,
        "Gross Profit": 18,
        "Operating Income": 13,
        "EBIT": 13,
        "Net Income": 11
    },
    "2020-12-31": {
        "Diluted EPS": 0.44,
        "Total Revenue": 49,
        "Gross Profit": 17,
        "Operating Income": 13,
        "EBIT": 13,
        "Net Income": 10
    },
    "2020-09-30": {
        "Diluted EPS": 0.35,
        "Total Revenue": 44,
        "Gross Profit": 16,
        "Operating Income": 11,
        "EBIT": 11,
        "Net Income": 8
    },
    "2020-06-30": {
        "Diluted EPS": 0.41,
        "Total Revenue": 46,
        "Gross Profit": 17,
        "Operating Income": 13,
        "EBIT": 13,
        "Net Income": 10
    },
    "2020-03-31": {
        "Diluted EPS": 0.37,
        "Total Revenue": 38,
        "Gross Profit": 16,
        "Operating Income": 11,
        "EBIT": 11,
        "Net Income": 9
    },
    "2019-12-31": {
        "Diluted EPS": 0.29,
        "Total Revenue": 43,
        "Gross Profit": 16,
        "Operating Income": 9,
        "EBIT": 9,
        "Net Income": 7
    },
    "2019-09-30": {
        "Diluted EPS": 0.25,
        "Total Revenue": 42,
        "Gross Profit": 14,
        "Operating Income": 8,
        "EBIT": 8,
        "Net Income": 6
    },
    "2019-06-30": {
        "Diluted EPS": 0.35,
        "Total Revenue": 46,
        "Gross Profit": 18,
        "Operating Income": 12,
        "EBIT": 12,
        "Net Income": 9
    },
    "2019-03-31": {
        "Diluted EPS": 0.29,
        "Total Revenue": 38,
        "Gross Profit": 16,
        "Operating Income": 9,
        "EBIT": 10,
        "Net Income": 7
    },
    "2018-12-31": {
        "Diluted EPS": 0.14,
        "Total Revenue": 35,
        "Gross Profit": 11,
        "Operating Income": 4,
        "EBIT": 4,
        "Net Income": 3
    },
    "2018-09-30": {
        "Diluted EPS": 0.32,
        "Total Revenue": 41,
        "Gross Profit": 14,
        "Operating Income": 9,
        "EBIT": 9,
        "Net Income": 6
    },
    "2018-06-30": {
        "Diluted EPS": 0.34,
        "Total Revenue": 44,
        "Gross Profit": 15,
        "Operating Income": 9,
        "EBIT": 10,
        "Net Income": 7
    },
    "2018-03-31": {
        "Diluted EPS": 0.27,
        "Total Revenue": 43,
        "Gross Profit": 15,
        "Operating Income": 10,
        "EBIT": 10,
        "Net Income": 5
    },
    "2017-12-31": {
        "Diluted EPS": 0.0,
        "Total Revenue": NaN,
        "Gross Profit": NaN,
        "Operating Income": NaN,
        "EBIT": NaN,
        "Net Income": NaN
    },
    "2016-12-31": {
        "Diluted EPS": 0.0,
        "Total Revenue": NaN,
        "Gross Profit": NaN,
        "Operating Income": NaN,
        "EBIT": NaN,
        "Net Income": NaN
    },
    "2023-06-30": {
        "Tax Effect Of Unusual Items": NaN,
        "Tax Rate For Calcs": NaN,
        "Normalized EBITDA": NaN,
        "Net Income From Continuing Operation Net Minority Interest": NaN,
        "Reconciled Depreciation": NaN,
        "Reconciled Cost Of Revenue": NaN,
        "EBITDA": NaN,
        "EBIT": NaN,
        "Net Interest Income": NaN,
        "Interest Expense": NaN,
        "Interest Income": NaN,
        "Normalized Income": NaN,
        "Net Income From Continuing And Discontinued Operation": NaN,
        "Total Expenses": NaN,
        "Total Operating Income As Reported": NaN,
        "Diluted Average Shares": 25101937.0,
        "Basic Average Shares": 24380894.0,
        "Diluted EPS": 0.6,
        "Basic EPS": 0.62,
        "Diluted NI Availto Com Stockholders": NaN,
        "Net Income Common Stockholders": NaN,
        "Net Income": NaN,
        "Net Income Including Noncontrolling Interests": NaN,
        "Net Income Continuous Operations": NaN,
        "Tax Provision": NaN,
        "Pretax Income": NaN,
        "Other Income Expense": NaN,
        "Other Non Operating Income Expenses": NaN,
        "Net Non Operating Interest Income Expense": NaN,
        "Interest Expense Non Operating": NaN,
        "Interest Income Non Operating": NaN,
        "Operating Income": NaN,
        "Operating Expense": NaN,
        "Selling General And Administration": NaN,
        "Selling And Marketing Expense": NaN,
        "General And Administrative Expense": NaN,
        "Other Gand A": NaN,
        "Gross Profit": NaN,
        "Cost Of Revenue": NaN,
        "Total Revenue": NaN,
        "Operating Revenue": NaN
    },
    "2023-09-30": {
        "Tax Effect Of Unusual Items": NaN,
        "Tax Rate For Calcs": NaN,
        "Normalized EBITDA": NaN,
        "Net Income From Continuing Operation Net Minority Interest": NaN,
        "Reconciled Depreciation": NaN,
        "Reconciled Cost Of Revenue": NaN,
        "EBITDA": NaN,
        "EBIT": NaN,
        "Net Interest Income": NaN,
        "Interest Expense": NaN,
        "Interest Income": NaN,
        "Normalized Income": NaN,
        "Net Income From Continuing And Discontinued Operation": NaN,
        "Total Expenses": NaN,
        "Total Operating Income As Reported": NaN,
        "Diluted Average Shares": 25128679.0,
        "Basic Average Shares": 24391797.0,
        "Diluted EPS": 0.64,
        "Basic EPS": 0.66,
        "Diluted NI Availto Com Stockholders": NaN,
        "Net Income Common Stockholders": NaN,
        "Net Income": NaN,
        "Net Income Including Noncontrolling Interests": NaN,
        "Net Income Continuous Operations": NaN,
        "Tax Provision": NaN,
        "Pretax Income": NaN,
        "Other Income Expense": NaN,
        "Other Non Operating Income Expenses": NaN,
        "Net Non Operating Interest Income Expense": NaN,
        "Interest Expense Non Operating": NaN,
        "Interest Income Non Operating": NaN,
        "Operating Income": NaN,
        "Operating Expense": NaN,
        "Selling General And Administration": NaN,
        "Selling And Marketing Expense": NaN,
        "General And Administrative Expense": NaN,
        "Other Gand A": NaN,
        "Gross Profit": NaN,
        "Cost Of Revenue": NaN,
        "Total Revenue": NaN,
        "Operating Revenue": NaN
    },
    "2023-12-31": {
        "Tax Effect Of Unusual Items": NaN,
        "Tax Rate For Calcs": NaN,
        "Normalized EBITDA": NaN,
        "Net Income From Continuing Operation Net Minority Interest": NaN,
        "Reconciled Depreciation": NaN,
        "Reconciled Cost Of Revenue": NaN,
        "EBITDA": NaN,
        "EBIT": NaN,
        "Net Interest Income": NaN,
        "Interest Expense": NaN,
        "Interest Income": 904000.0,
        "Normalized Income": NaN,
        "Net Income From Continuing And Discontinued Operation": NaN,
        "Total Expenses": NaN,
        "Total Operating Income As Reported": NaN,
        "Diluted Average Shares": NaN,
        "Basic Average Shares": NaN,
        "Diluted EPS": NaN,
        "Basic EPS": NaN,
        "Diluted NI Availto Com Stockholders": NaN,
        "Net Income Common Stockholders": NaN,
        "Net Income": NaN,
        "Net Income Including Noncontrolling Interests": NaN,
        "Net Income Continuous Operations": NaN,
        "Tax Provision": NaN,
        "Pretax Income": NaN,
        "Other Income Expense": NaN,
        "Other Non Operating Income Expenses": NaN,
        "Net Non Operating Interest Income Expense": NaN,
        "Interest Expense Non Operating": NaN,
        "Interest Income Non Operating": 904000.0,
        "Operating Income": NaN,
        "Operating Expense": NaN,
        "Selling General And Administration": NaN,
        "Selling And Marketing Expense": NaN,
        "General And Administrative Expense": NaN,
        "Other Gand A": NaN,
        "Gross Profit": NaN,
        "Cost Of Revenue": NaN,
        "Total Revenue": NaN,
        "Operating Revenue": NaN
    },
    "2024-03-31": {
        "Tax Effect Of Unusual Items": 0.0,
        "Tax Rate For Calcs": 0.182196,
        "Normalized EBITDA": 19212000.0,
        "Net Income From Continuing Operation Net Minority Interest": 15140000.0,
        "Reconciled Depreciation": 423000.0,
        "Reconciled Cost Of Revenue": 20466000.0,
        "EBITDA": 19212000.0,
        "EBIT": 18789000.0,
        "Net Interest Income": 1026000.0,
        "Interest Expense": 276000.0,
        "Interest Income": 1302000.0,
        "Normalized Income": 15140000.0,
        "Net Income From Continuing And Discontinued Operation": 15140000.0,
        "Total Expenses": 26493000.0,
        "Total Operating Income As Reported": 16750000.0,
        "Diluted Average Shares": 25125016.0,
        "Basic Average Shares": 24393003.0,
        "Diluted EPS": 0.6,
        "Basic EPS": 0.62,
        "Diluted NI Availto Com Stockholders": 15140000.0,
        "Net Income Common Stockholders": 15140000.0,
        "Net Income": 15140000.0,
        "Net Income Including Noncontrolling Interests": 15140000.0,
        "Net Income Continuous Operations": 15140000.0,
        "Tax Provision": 3373000.0,
        "Pretax Income": 18513000.0,
        "Other Income Expense": 737000.0,
        "Other Non Operating Income Expenses": 737000.0,
        "Net Non Operating Interest Income Expense": 1026000.0,
        "Interest Expense Non Operating": 276000.0,
        "Interest Income Non Operating": 1302000.0,
        "Operating Income": 16750000.0,
        "Operating Expense": 6027000.0,
        "Selling General And Administration": 6027000.0,
        "Selling And Marketing Expense": 138000.0,
        "General And Administrative Expense": 5889000.0,
        "Other Gand A": 5889000.0,
        "Gross Profit": 22777000.0,
        "Cost Of Revenue": 20466000.0,
        "Total Revenue": 43243000.0,
        "Operating Revenue": 41466000.0
    },
    "2024-06-30": {
        "Tax Effect Of Unusual Items": 0.0,
        "Tax Rate For Calcs": 0.182,
        "Normalized EBITDA": 20506000.0,
        "Net Income From Continuing Operation Net Minority Interest": 16189000.0,
        "Reconciled Depreciation": 475000.0,
        "Reconciled Cost Of Revenue": 21558000.0,
        "EBITDA": 20506000.0,
        "EBIT": 20031000.0,
        "Net Interest Income": 751000.0,
        "Interest Expense": 235000.0,
        "Interest Income": 986000.0,
        "Normalized Income": 16189000.0,
        "Net Income From Continuing And Discontinued Operation": 16189000.0,
        "Total Expenses": 26465000.0,
        "Total Operating Income As Reported": 16030000.0,
        "Diluted Average Shares": 24780903.0,
        "Basic Average Shares": 24165320.0,
        "Diluted EPS": 0.65,
        "Basic EPS": 0.67,
        "Diluted NI Availto Com Stockholders": 16189000.0,
        "Net Income Common Stockholders": 16189000.0,
        "Net Income": 16189000.0,
        "Net Income Including Noncontrolling Interests": 16189000.0,
        "Net Income Continuous Operations": 16189000.0,
        "Tax Provision": 3607000.0,
        "Pretax Income": 19796000.0,
        "Other Income Expense": 3015000.0,
        "Other Non Operating Income Expenses": 3015000.0,
        "Net Non Operating Interest Income Expense": 751000.0,
        "Interest Expense Non Operating": 235000.0,
        "Interest Income Non Operating": 986000.0,
        "Operating Income": 16030000.0,
        "Operating Expense": 4907000.0,
        "Selling General And Administration": 4907000.0,
        "Selling And Marketing Expense": -667000.0,
        "General And Administrative Expense": 5574000.0,
        "Other Gand A": 5574000.0,
        "Gross Profit": 20937000.0,
        "Cost Of Revenue": 21558000.0,
        "Total Revenue": 42495000.0,
        "Operating Revenue": 41496000.0
    },
    "2024-09-30": {
        "Tax Effect Of Unusual Items": 0.0,
        "Tax Rate For Calcs": 0.182,
        "Normalized EBITDA": 20021000.0,
        "Net Income From Continuing Operation Net Minority Interest": 15803000.0,
        "Reconciled Depreciation": 504000.0,
        "Reconciled Cost Of Revenue": 23352000.0,
        "EBITDA": 20021000.0,
        "EBIT": 19517000.0,
        "Net Interest Income": -192000.0,
        "Interest Expense": 192000.0,
        "Interest Income": NaN,
        "Normalized Income": 15803000.0,
        "Net Income From Continuing And Discontinued Operation": 15803000.0,
        "Total Expenses": 28942000.0,
        "Total Operating Income As Reported": 15324000.0,
        "Diluted Average Shares": 24810816.0,
        "Basic Average Shares": 24154779.0,
        "Diluted EPS": 0.64,
        "Basic EPS": 0.65,
        "Diluted NI Availto Com Stockholders": 15803000.0,
        "Net Income Common Stockholders": 15803000.0,
        "Net Income": 15803000.0,
        "Net Income Including Noncontrolling Interests": 15803000.0,
        "Net Income Continuous Operations": 15803000.0,
        "Tax Provision": 3522000.0,
        "Pretax Income": 19325000.0,
        "Other Income Expense": 4193000.0,
        "Other Non Operating Income Expenses": 4193000.0,
        "Net Non Operating Interest Income Expense": -192000.0,
        "Interest Expense Non Operating": 192000.0,
        "Interest Income Non Operating": NaN,
        "Operating Income": 15324000.0,
        "Operating Expense": 5590000.0,
        "Selling General And Administration": 5590000.0,
        "Selling And Marketing Expense": -475000.0,
        "General And Administrative Expense": 6065000.0,
        "Other Gand A": 6065000.0,
        "Gross Profit": 20914000.0,
        "Cost Of Revenue": 23352000.0,
        "Total Revenue": 44266000.0,
        "Operating Revenue": 40499000.0
    },
    "2024-12-31": {
        "Tax Effect Of Unusual Items": 0.0,
        "Tax Rate For Calcs": 0.211573,
        "Normalized EBITDA": 18912000.0,
        "Net Income From Continuing Operation Net Minority Interest": 14511000.0,
        "Reconciled Depreciation": 504000.0,
        "Reconciled Cost Of Revenue": 32912000.0,
        "EBITDA": 18912000.0,
        "EBIT": 18408000.0,
        "Net Interest Income": 362000.0,
        "Interest Expense": 3000.0,
        "Interest Income": 365000.0,
        "Normalized Income": 14511000.0,
        "Net Income From Continuing And Discontinued Operation": 14511000.0,
        "Total Expenses": 38681000.0,
        "Total Operating Income As Reported": 15506000.0,
        "Diluted Average Shares": NaN,
        "Basic Average Shares": NaN,
        "Diluted EPS": NaN,
        "Basic EPS": NaN,
        "Diluted NI Availto Com Stockholders": 14511000.0,
        "Net Income Common Stockholders": 14511000.0,
        "Net Income": 14511000.0,
        "Net Income Including Noncontrolling Interests": 14511000.0,
        "Net Income Continuous Operations": 14511000.0,
        "Tax Provision": 3894000.0,
        "Pretax Income": 18405000.0,
        "Other Income Expense": 2537000.0,
        "Other Non Operating Income Expenses": 2537000.0,
        "Net Non Operating Interest Income Expense": 362000.0,
        "Interest Expense Non Operating": 3000.0,
        "Interest Income Non Operating": 365000.0,
        "Operating Income": 15506000.0,
        "Operating Expense": 5769000.0,
        "Selling General And Administration": 5769000.0,
        "Selling And Marketing Expense": 75000.0,
        "General And Administrative Expense": 5694000.0,
        "Other Gand A": 5694000.0,
        "Gross Profit": 21275000.0,
        "Cost Of Revenue": 32912000.0,
        "Total Revenue": 54187000.0,
        "Operating Revenue": 47067000.0
    },
    "2025-03-31": {
        "Tax Effect Of Unusual Items": 0.0,
        "Tax Rate For Calcs": 0.192646,
        "Normalized EBITDA": 13156000.0,
        "Net Income From Continuing Operation Net Minority Interest": 10276000.0,
        "Reconciled Depreciation": 423000.0,
        "Reconciled Cost Of Revenue": 17707000.0,
        "EBITDA": 13156000.0,
        "EBIT": 12733000.0,
        "Net Interest Income": 462000.0,
        "Interest Expense": 5000.0,
        "Interest Income": 467000.0,
        "Normalized Income": 10276000.0,
        "Net Income From Continuing And Discontinued Operation": 10276000.0,
        "Total Expenses": 24079000.0,
        "Total Operating Income As Reported": 11591000.0,
        "Diluted Average Shares": 24794928.0,
        "Basic Average Shares": 24133253.0,
        "Diluted EPS": 0.41,
        "Basic EPS": 0.43,
        "Diluted NI Availto Com Stockholders": 10276000.0,
        "Net Income Common Stockholders": 10276000.0,
        "Net Income": 10276000.0,
        "Net Income Including Noncontrolling Interests": 10276000.0,
        "Net Income Continuous Operations": 10276000.0,
        "Tax Provision": 2452000.0,
        "Pretax Income": 12728000.0,
        "Other Income Expense": 675000.0,
        "Other Non Operating Income Expenses": 675000.0,
        "Net Non Operating Interest Income Expense": 462000.0,
        "Interest Expense Non Operating": 5000.0,
        "Interest Income Non Operating": 467000.0,
        "Operating Income": 11591000.0,
        "Operating Expense": 6372000.0,
        "Selling General And Administration": 6372000.0,
        "Selling And Marketing Expense": 76000.0,
        "General And Administrative Expense": 6296000.0,
        "Other Gand A": 6296000.0,
        "Gross Profit": 17963000.0,
        "Cost Of Revenue": 17707000.0,
        "Total Revenue": 35670000.0,
        "Operating Revenue": 34945000.0
    }
}