{
    "2023-03-31": {
        "Tax Effect Of Unusual Items": NaN,
        "Tax Rate For Calcs": NaN,
        "Normalized EBITDA": NaN,
        "Total Unusual Items": NaN,
        "Total Unusual Items Excluding Goodwill": NaN,
        "Net Income From Continuing Operation Net Minority Interest": NaN,
        "Reconciled Depreciation": NaN,
        "Reconciled Cost Of Revenue": NaN,
        "EBITDA": NaN,
        "EBIT": NaN,
        "Net Interest Income": NaN,
        "Interest Expense": NaN,
        "Interest Income": NaN,
        "Normalized Income": NaN,
        "Net Income From Continuing And Discontinued Operation": NaN,
        "Total Expenses": NaN,
        "Diluted Average Shares": 165248536.0,
        "Basic Average Shares": 165248536.0,
        "Diluted EPS": -0.68,
        "Basic EPS": -0.68,
        "Diluted NI Availto Com Stockholders": NaN,
        "Net Income Common Stockholders": NaN,
        "Net Income": NaN,
        "Net Income Including Noncontrolling Interests": NaN,
        "Net Income Continuous Operations": NaN,
        "Tax Provision": NaN,
        "Pretax Income": NaN,
        "Other Income Expense": NaN,
        "Other Non Operating Income Expenses": NaN,
        "Gain On Sale Of Security": NaN,
        "Net Non Operating Interest Income Expense": NaN,
        "Interest Expense Non Operating": NaN,
        "Interest Income Non Operating": NaN,
        "Operating Income": NaN,
        "Operating Expense": NaN,
        "Other Operating Expenses": NaN,
        "Research And Development": NaN,
        "Selling General And Administration": NaN,
        "Selling And Marketing Expense": NaN,
        "General And Administrative Expense": NaN,
        "Other Gand A": NaN,
        "Gross Profit": NaN,
        "Cost Of Revenue": NaN,
        "Total Revenue": NaN,
        "Operating Revenue": NaN
    },
    "2022-06-30": {
        "Tax Effect Of Unusual Items": -26360000.0,
        "Tax Rate For Calcs": 0.4,
        "Normalized EBITDA": -125528000.0,
        "Total Unusual Items": -65900000.0,
        "Total Unusual Items Excluding Goodwill": -65900000.0,
        "Net Income From Continuing Operation Net Minority Interest": -193228000.0,
        "Reconciled Depreciation": 4106000.0,
        "Reconciled Cost Of Revenue": 16939000.0,
        "EBITDA": -191428000.0,
        "EBIT": -191428000.0,
        "Net Interest Income": -1643000.0,
        "Interest Expense": 1643000.0,
        "Normalized Income": -153688000.0,
        "Net Income From Continuing And Discontinued Operation": -193228000.0,
        "Total Expenses": 131256000.0,
        "Diluted Average Shares": 154888908.0,
        "Basic Average Shares": 154888908.0,
        "Diluted EPS": -1.24,
        "Basic EPS": -1.24,
        "Diluted NI Availto Com Stockholders": -193228000.0,
        "Net Income Common Stockholders": -193228000.0,
        "Net Income": -193228000.0,
        "Net Income Including Noncontrolling Interests": -193228000.0,
        "Net Income Continuous Operations": -193228000.0,
        "Tax Provision": 157000.0,
        "Pretax Income": -193071000.0,
        "Other Income Expense": -72143000.0,
        "Other Non Operating Income Expenses": -6243000.0,
        "Gain On Sale Of Security": -65900000.0,
        "Net Non Operating Interest Income Expense": -1643000.0,
        "Interest Expense Non Operating": 1643000.0,
        "Operating Income": -119285000.0,
        "Operating Expense": 114317000.0,
        "Research And Development": 68827000.0,
        "Selling General And Administration": 45490000.0,
        "Selling And Marketing Expense": 27440000.0,
        "General And Administrative Expense": 18050000.0,
        "Other Gand A": 18050000.0,
        "Gross Profit": -4968000.0,
        "Cost Of Revenue": 16939000.0,
        "Total Revenue": 11971000.0,
        "Operating Revenue": 11937000.0
    },
    "2022-03-31": {
        "Diluted EPS": -0.27,
        "Total Revenue": 42,
        "Gross Profit": 42,
        "Operating Income": -75,
        "EBIT": -71,
        "Net Income": -41
    },
    "2021-12-31": {
        "Diluted EPS": -0.74,
        "Total Revenue": 15,
        "Gross Profit": 15,
        "Operating Income": -141,
        "EBIT": -141,
        "Net Income": -106
    },
    "2021-09-30": {
        "Diluted EPS": -0.86,
        "Total Revenue": 17,
        "Gross Profit": 17,
        "Operating Income": -89,
        "EBIT": -89,
        "Net Income": -125
    },
    "2021-06-30": {
        "Diluted EPS": -0.66,
        "Total Revenue": 22,
        "Gross Profit": 22,
        "Operating Income": -90,
        "EBIT": -90,
        "Net Income": -92
    },
    "2021-03-31": {
        "Diluted EPS": -0.6,
        "Total Revenue": 14,
        "Gross Profit": 14,
        "Operating Income": -81,
        "EBIT": -77,
        "Net Income": -81
    },
    "2020-12-31": {
        "Diluted EPS": -0.38,
        "Total Revenue": 42,
        "Gross Profit": 42,
        "Operating Income": -58,
        "EBIT": -58,
        "Net Income": -58
    },
    "2020-09-30": {
        "Diluted EPS": -0.5,
        "Total Revenue": 13,
        "Gross Profit": 13,
        "Operating Income": -67,
        "EBIT": -67,
        "Net Income": -67
    },
    "2020-06-30": {
        "Diluted EPS": -1.25,
        "Total Revenue": 13,
        "Gross Profit": 13,
        "Operating Income": -55,
        "EBIT": -55,
        "Net Income": -135
    },
    "2020-03-31": {
        "Diluted EPS": -0.44,
        "Total Revenue": 14,
        "Gross Profit": 14,
        "Operating Income": -44,
        "EBIT": -44,
        "Net Income": -44
    },
    "2019-12-31": {
        "Diluted EPS": -0.65,
        "Total Revenue": 20,
        "Gross Profit": 20,
        "Operating Income": -62,
        "EBIT": -62,
        "Net Income": -64
    },
    "2019-09-30": {
        "Diluted EPS": -0.28,
        "Total Revenue": 21,
        "Gross Profit": 21,
        "Operating Income": -28,
        "EBIT": -28,
        "Net Income": -28
    },
    "2019-06-30": {
        "Diluted EPS": -0.28,
        "Total Revenue": 11,
        "Gross Profit": 11,
        "Operating Income": -28,
        "EBIT": -28,
        "Net Income": -29
    },
    "2019-03-31": {
        "Diluted EPS": -0.12,
        "Total Revenue": 13,
        "Gross Profit": 13,
        "Operating Income": -12,
        "EBIT": -12,
        "Net Income": -12
    },
    "2018-12-31": {
        "Diluted EPS": 0.0,
        "Total Revenue": NaN,
        "Gross Profit": NaN,
        "Operating Income": NaN,
        "EBIT": NaN,
        "Net Income": NaN
    },
    "2023-06-30": {
        "Tax Effect Of Unusual Items": NaN,
        "Tax Rate For Calcs": NaN,
        "Normalized EBITDA": NaN,
        "Total Unusual Items": -104994000.0,
        "Total Unusual Items Excluding Goodwill": -104994000.0,
        "Net Income From Continuing Operation Net Minority Interest": NaN,
        "Reconciled Depreciation": NaN,
        "Reconciled Cost Of Revenue": NaN,
        "EBITDA": NaN,
        "EBIT": NaN,
        "Net Interest Income": NaN,
        "Interest Expense": NaN,
        "Interest Income": NaN,
        "Normalized Income": NaN,
        "Net Income From Continuing And Discontinued Operation": NaN,
        "Total Expenses": NaN,
        "Diluted Average Shares": NaN,
        "Basic Average Shares": NaN,
        "Diluted EPS": NaN,
        "Basic EPS": NaN,
        "Diluted NI Availto Com Stockholders": NaN,
        "Net Income Common Stockholders": NaN,
        "Net Income": NaN,
        "Net Income Including Noncontrolling Interests": NaN,
        "Net Income Continuous Operations": NaN,
        "Tax Provision": NaN,
        "Pretax Income": NaN,
        "Other Income Expense": NaN,
        "Other Non Operating Income Expenses": NaN,
        "Gain On Sale Of Security": -104994000.0,
        "Net Non Operating Interest Income Expense": NaN,
        "Interest Expense Non Operating": NaN,
        "Interest Income Non Operating": NaN,
        "Operating Income": NaN,
        "Operating Expense": NaN,
        "Other Operating Expenses": NaN,
        "Research And Development": NaN,
        "Selling General And Administration": NaN,
        "Selling And Marketing Expense": NaN,
        "General And Administrative Expense": NaN,
        "Other Gand A": NaN,
        "Gross Profit": NaN,
        "Cost Of Revenue": NaN,
        "Total Revenue": NaN,
        "Operating Revenue": NaN
    },
    "2023-09-30": {
        "Tax Effect Of Unusual Items": NaN,
        "Tax Rate For Calcs": NaN,
        "Normalized EBITDA": NaN,
        "Total Unusual Items": 10172000.0,
        "Total Unusual Items Excluding Goodwill": 10172000.0,
        "Net Income From Continuing Operation Net Minority Interest": NaN,
        "Reconciled Depreciation": NaN,
        "Reconciled Cost Of Revenue": NaN,
        "EBITDA": NaN,
        "EBIT": NaN,
        "Net Interest Income": NaN,
        "Interest Expense": NaN,
        "Interest Income": NaN,
        "Normalized Income": NaN,
        "Net Income From Continuing And Discontinued Operation": NaN,
        "Total Expenses": NaN,
        "Diluted Average Shares": NaN,
        "Basic Average Shares": NaN,
        "Diluted EPS": NaN,
        "Basic EPS": NaN,
        "Diluted NI Availto Com Stockholders": NaN,
        "Net Income Common Stockholders": NaN,
        "Net Income": NaN,
        "Net Income Including Noncontrolling Interests": NaN,
        "Net Income Continuous Operations": NaN,
        "Tax Provision": NaN,
        "Pretax Income": NaN,
        "Other Income Expense": NaN,
        "Other Non Operating Income Expenses": NaN,
        "Special Income Charges": NaN,
        "Impairment Of Capital Assets": NaN,
        "Gain On Sale Of Security": 10172000.0,
        "Net Non Operating Interest Income Expense": NaN,
        "Interest Expense Non Operating": NaN,
        "Interest Income Non Operating": NaN,
        "Operating Income": NaN,
        "Operating Expense": NaN,
        "Other Operating Expenses": NaN,
        "Research And Development": NaN,
        "Selling General And Administration": NaN,
        "Selling And Marketing Expense": NaN,
        "General And Administrative Expense": NaN,
        "Other Gand A": NaN,
        "Gross Profit": NaN,
        "Cost Of Revenue": NaN,
        "Total Revenue": NaN,
        "Operating Revenue": NaN
    },
    "2022-12-31": {
        "Tax Effect Of Unusual Items": NaN,
        "Tax Rate For Calcs": NaN,
        "Normalized EBITDA": NaN,
        "Total Unusual Items": NaN,
        "Total Unusual Items Excluding Goodwill": NaN,
        "Net Income From Continuing Operation Net Minority Interest": NaN,
        "Reconciled Depreciation": 5249000.0,
        "Reconciled Cost Of Revenue": NaN,
        "EBITDA": NaN,
        "EBIT": NaN,
        "Net Interest Income": NaN,
        "Interest Expense": NaN,
        "Interest Income": 4889000.0,
        "Normalized Income": NaN,
        "Net Income From Continuing And Discontinued Operation": NaN,
        "Total Expenses": NaN,
        "Diluted Average Shares": NaN,
        "Basic Average Shares": NaN,
        "Diluted EPS": NaN,
        "Basic EPS": NaN,
        "Diluted NI Availto Com Stockholders": NaN,
        "Net Income Common Stockholders": NaN,
        "Net Income": NaN,
        "Net Income Including Noncontrolling Interests": NaN,
        "Net Income Continuous Operations": NaN,
        "Tax Provision": NaN,
        "Pretax Income": NaN,
        "Other Income Expense": NaN,
        "Other Non Operating Income Expenses": NaN,
        "Gain On Sale Of Security": NaN,
        "Net Non Operating Interest Income Expense": NaN,
        "Interest Expense Non Operating": NaN,
        "Interest Income Non Operating": 4889000.0,
        "Operating Income": NaN,
        "Operating Expense": NaN,
        "Other Operating Expenses": -1368000.0,
        "Research And Development": NaN,
        "Selling General And Administration": NaN,
        "Selling And Marketing Expense": NaN,
        "General And Administrative Expense": NaN,
        "Other Gand A": NaN,
        "Gross Profit": NaN,
        "Cost Of Revenue": NaN,
        "Total Revenue": NaN,
        "Operating Revenue": NaN
    },
    "2022-09-30": {
        "Tax Effect Of Unusual Items": 12852000.0,
        "Tax Rate For Calcs": 0.21,
        "Normalized EBITDA": -137646000.0,
        "Total Unusual Items": 61200000.0,
        "Total Unusual Items Excluding Goodwill": 61200000.0,
        "Net Income From Continuing Operation Net Minority Interest": -84956000.0,
        "Reconciled Depreciation": 5110000.0,
        "Reconciled Cost Of Revenue": 25460000.0,
        "EBITDA": -76446000.0,
        "EBIT": -81556000.0,
        "Net Interest Income": 45000.0,
        "Interest Expense": 3248000.0,
        "Interest Income": NaN,
        "Normalized Income": -133304000.0,
        "Net Income From Continuing And Discontinued Operation": -84956000.0,
        "Total Expenses": 171006000.0,
        "Diluted Average Shares": NaN,
        "Basic Average Shares": NaN,
        "Diluted EPS": NaN,
        "Basic EPS": NaN,
        "Diluted NI Availto Com Stockholders": -84956000.0,
        "Net Income Common Stockholders": -84956000.0,
        "Net Income": -84956000.0,
        "Net Income Including Noncontrolling Interests": -84956000.0,
        "Net Income Continuous Operations": -84956000.0,
        "Tax Provision": 152000.0,
        "Pretax Income": -84804000.0,
        "Other Income Expense": 58796000.0,
        "Other Non Operating Income Expenses": -2404000.0,
        "Gain On Sale Of Security": 61200000.0,
        "Net Non Operating Interest Income Expense": 45000.0,
        "Interest Expense Non Operating": 3248000.0,
        "Interest Income Non Operating": NaN,
        "Operating Income": -143645000.0,
        "Operating Expense": 145546000.0,
        "Other Operating Expenses": NaN,
        "Research And Development": 104517000.0,
        "Selling General And Administration": 42095000.0,
        "Selling And Marketing Expense": 18852000.0,
        "General And Administrative Expense": 23243000.0,
        "Other Gand A": 23243000.0,
        "Gross Profit": 1901000.0,
        "Cost Of Revenue": 25460000.0,
        "Total Revenue": 27361000.0,
        "Operating Revenue": 27299000.0
    },
    "2023-12-31": {
        "Tax Effect Of Unusual Items": NaN,
        "Tax Rate For Calcs": NaN,
        "Normalized EBITDA": NaN,
        "Total Unusual Items": -10265000.0,
        "Total Unusual Items Excluding Goodwill": -10265000.0,
        "Net Income From Continuing Operation Net Minority Interest": NaN,
        "Reconciled Depreciation": NaN,
        "Reconciled Cost Of Revenue": NaN,
        "EBITDA": NaN,
        "EBIT": NaN,
        "Net Interest Income": NaN,
        "Interest Expense": NaN,
        "Interest Income": NaN,
        "Normalized Income": NaN,
        "Net Income From Continuing And Discontinued Operation": NaN,
        "Total Expenses": NaN,
        "Diluted Average Shares": NaN,
        "Basic Average Shares": NaN,
        "Diluted EPS": NaN,
        "Basic EPS": NaN,
        "Diluted NI Availto Com Stockholders": NaN,
        "Net Income Common Stockholders": NaN,
        "Net Income": NaN,
        "Net Income Including Noncontrolling Interests": NaN,
        "Net Income Continuous Operations": NaN,
        "Tax Provision": NaN,
        "Pretax Income": NaN,
        "Other Income Expense": NaN,
        "Other Non Operating Income Expenses": NaN,
        "Special Income Charges": NaN,
        "Impairment Of Capital Assets": NaN,
        "Gain On Sale Of Security": -10265000.0,
        "Net Non Operating Interest Income Expense": NaN,
        "Interest Expense Non Operating": NaN,
        "Interest Income Non Operating": NaN,
        "Operating Income": NaN,
        "Operating Expense": NaN,
        "Other Operating Expenses": -1203000.0,
        "Research And Development": NaN,
        "Selling General And Administration": NaN,
        "Selling And Marketing Expense": NaN,
        "General And Administrative Expense": NaN,
        "Other Gand A": NaN,
        "Gross Profit": NaN,
        "Cost Of Revenue": NaN,
        "Total Revenue": NaN,
        "Operating Revenue": NaN
    },
    "2024-03-31": {
        "Tax Effect Of Unusual Items": NaN,
        "Tax Rate For Calcs": NaN,
        "Normalized EBITDA": NaN,
        "Total Unusual Items": NaN,
        "Total Unusual Items Excluding Goodwill": NaN,
        "Net Income From Continuing Operation Net Minority Interest": NaN,
        "Reconciled Depreciation": NaN,
        "Reconciled Cost Of Revenue": NaN,
        "EBITDA": NaN,
        "EBIT": NaN,
        "Net Interest Income": NaN,
        "Interest Expense": NaN,
        "Interest Income": NaN,
        "Normalized Income": NaN,
        "Net Income From Continuing And Discontinued Operation": NaN,
        "Total Expenses": NaN,
        "Total Operating Income As Reported": NaN,
        "Diluted Average Shares": NaN,
        "Basic Average Shares": NaN,
        "Diluted EPS": NaN,
        "Basic EPS": NaN,
        "Diluted NI Availto Com Stockholders": NaN,
        "Net Income Common Stockholders": NaN,
        "Net Income": NaN,
        "Net Income Including Noncontrolling Interests": NaN,
        "Net Income Continuous Operations": NaN,
        "Tax Provision": NaN,
        "Pretax Income": NaN,
        "Other Income Expense": NaN,
        "Other Non Operating Income Expenses": NaN,
        "Special Income Charges": NaN,
        "Impairment Of Capital Assets": NaN,
        "Gain On Sale Of Security": NaN,
        "Net Non Operating Interest Income Expense": NaN,
        "Interest Expense Non Operating": NaN,
        "Interest Income Non Operating": NaN,
        "Operating Income": NaN,
        "Operating Expense": NaN,
        "Other Operating Expenses": -616000.0,
        "Research And Development": NaN,
        "Selling General And Administration": NaN,
        "Selling And Marketing Expense": NaN,
        "General And Administrative Expense": NaN,
        "Other Gand A": NaN,
        "Gross Profit": NaN,
        "Cost Of Revenue": NaN,
        "Total Revenue": NaN,
        "Operating Revenue": NaN
    },
    "2024-06-30": {
        "Tax Effect Of Unusual Items": NaN,
        "Tax Rate For Calcs": NaN,
        "Normalized EBITDA": NaN,
        "Total Unusual Items": 12187000.0,
        "Total Unusual Items Excluding Goodwill": 12187000.0,
        "Net Income From Continuing Operation Net Minority Interest": NaN,
        "Reconciled Depreciation": NaN,
        "Reconciled Cost Of Revenue": NaN,
        "EBITDA": NaN,
        "EBIT": NaN,
        "Net Interest Income": NaN,
        "Interest Expense": NaN,
        "Interest Income": NaN,
        "Normalized Income": NaN,
        "Net Income From Continuing And Discontinued Operation": NaN,
        "Total Expenses": NaN,
        "Total Operating Income As Reported": NaN,
        "Diluted Average Shares": NaN,
        "Basic Average Shares": NaN,
        "Diluted EPS": NaN,
        "Basic EPS": NaN,
        "Diluted NI Availto Com Stockholders": NaN,
        "Net Income Common Stockholders": NaN,
        "Net Income": NaN,
        "Net Income Including Noncontrolling Interests": NaN,
        "Net Income Continuous Operations": NaN,
        "Tax Provision": NaN,
        "Pretax Income": NaN,
        "Other Income Expense": NaN,
        "Other Non Operating Income Expenses": NaN,
        "Special Income Charges": 0.0,
        "Impairment Of Capital Assets": 0.0,
        "Gain On Sale Of Security": 12187000.0,
        "Net Non Operating Interest Income Expense": NaN,
        "Interest Expense Non Operating": NaN,
        "Interest Income Non Operating": NaN,
        "Operating Income": NaN,
        "Operating Expense": NaN,
        "Other Operating Expenses": -420000.0,
        "Research And Development": NaN,
        "Selling General And Administration": NaN,
        "Selling And Marketing Expense": NaN,
        "General And Administrative Expense": NaN,
        "Other Gand A": NaN,
        "Gross Profit": NaN,
        "Cost Of Revenue": NaN,
        "Total Revenue": NaN,
        "Operating Revenue": NaN
    },
    "2024-09-30": {
        "Tax Effect Of Unusual Items": -12981360.0,
        "Tax Rate For Calcs": 0.21,
        "Normalized EBITDA": -49659000.0,
        "Total Unusual Items": -61816000.0,
        "Total Unusual Items Excluding Goodwill": -61816000.0,
        "Net Income From Continuing Operation Net Minority Interest": -125321000.0,
        "Reconciled Depreciation": 3907000.0,
        "Reconciled Cost Of Revenue": 55469000.0,
        "EBITDA": -111475000.0,
        "EBIT": -115382000.0,
        "Net Interest Income": 11126000.0,
        "Interest Expense": 5504000.0,
        "Interest Income": 16630000.0,
        "Normalized Income": -76486360.0,
        "Net Income From Continuing And Discontinued Operation": -125321000.0,
        "Total Expenses": 230561000.0,
        "Total Operating Income As Reported": -70356000.0,
        "Diluted Average Shares": 183281244.0,
        "Basic Average Shares": 183281244.0,
        "Diluted EPS": -0.68,
        "Basic EPS": -0.68,
        "Diluted NI Availto Com Stockholders": -125321000.0,
        "Net Income Common Stockholders": -125321000.0,
        "Net Income": -125321000.0,
        "Net Income Including Noncontrolling Interests": -125321000.0,
        "Net Income Continuous Operations": -125321000.0,
        "Tax Provision": 4435000.0,
        "Pretax Income": -120886000.0,
        "Other Income Expense": -61656000.0,
        "Other Non Operating Income Expenses": 160000.0,
        "Special Income Charges": 0.0,
        "Impairment Of Capital Assets": 0.0,
        "Gain On Sale Of Security": -61816000.0,
        "Net Non Operating Interest Income Expense": 11126000.0,
        "Interest Expense Non Operating": 5504000.0,
        "Interest Income Non Operating": 16630000.0,
        "Operating Income": -70356000.0,
        "Operating Expense": 175092000.0,
        "Other Operating Expenses": -306000.0,
        "Research And Development": 95522000.0,
        "Selling General And Administration": 79570000.0,
        "Selling And Marketing Expense": 44270000.0,
        "General And Administrative Expense": 35300000.0,
        "Other Gand A": 35300000.0,
        "Gross Profit": 104736000.0,
        "Cost Of Revenue": 55469000.0,
        "Total Revenue": 160205000.0,
        "Operating Revenue": 159924000.0
    },
    "2024-12-31": {
        "Tax Effect Of Unusual Items": 0.0,
        "Tax Rate For Calcs": 0.351189,
        "Normalized EBITDA": 52459000.0,
        "Total Unusual Items": NaN,
        "Total Unusual Items Excluding Goodwill": NaN,
        "Net Income From Continuing Operation Net Minority Interest": 26284000.0,
        "Reconciled Depreciation": 6796000.0,
        "Reconciled Cost Of Revenue": 73922000.0,
        "EBITDA": 52459000.0,
        "EBIT": 45663000.0,
        "Net Interest Income": 8502000.0,
        "Interest Expense": 5152000.0,
        "Interest Income": 13654000.0,
        "Normalized Income": 26284000.0,
        "Net Income From Continuing And Discontinued Operation": 26284000.0,
        "Total Expenses": 260917000.0,
        "Total Operating Income As Reported": NaN,
        "Diluted Average Shares": 201403496.0,
        "Basic Average Shares": 183324276.0,
        "Diluted EPS": 0.14,
        "Basic EPS": 0.14,
        "Diluted NI Availto Com Stockholders": 26284000.0,
        "Net Income Common Stockholders": 26284000.0,
        "Net Income": 26284000.0,
        "Net Income Including Noncontrolling Interests": 26284000.0,
        "Net Income Continuous Operations": 26284000.0,
        "Tax Provision": 14227000.0,
        "Pretax Income": 40511000.0,
        "Other Income Expense": 106404000.0,
        "Other Non Operating Income Expenses": 1481000.0,
        "Special Income Charges": NaN,
        "Impairment Of Capital Assets": NaN,
        "Gain On Sale Of Security": NaN,
        "Net Non Operating Interest Income Expense": 8502000.0,
        "Interest Expense Non Operating": 5152000.0,
        "Interest Income Non Operating": 13654000.0,
        "Operating Income": -74395000.0,
        "Operating Expense": 186995000.0,
        "Other Operating Expenses": -563000.0,
        "Research And Development": 104432000.0,
        "Selling General And Administration": 83126000.0,
        "Selling And Marketing Expense": 48925000.0,
        "General And Administrative Expense": 34201000.0,
        "Other Gand A": 34201000.0,
        "Gross Profit": 112600000.0,
        "Cost Of Revenue": 73922000.0,
        "Total Revenue": 186522000.0,
        "Operating Revenue": 186298000.0
    },
    "2025-03-31": {
        "Tax Effect Of Unusual Items": -11794020.0,
        "Tax Rate For Calcs": 0.21,
        "Normalized EBITDA": -32708000.0,
        "Total Unusual Items": -56162000.0,
        "Total Unusual Items Excluding Goodwill": -56162000.0,
        "Net Income From Continuing Operation Net Minority Interest": -100916000.0,
        "Reconciled Depreciation": 5199000.0,
        "Reconciled Cost Of Revenue": 71344000.0,
        "EBITDA": -88870000.0,
        "EBIT": -94069000.0,
        "Net Interest Income": 6995000.0,
        "Interest Expense": 5061000.0,
        "Interest Income": 12056000.0,
        "Normalized Income": -56548020.0,
        "Net Income From Continuing And Discontinued Operation": -100916000.0,
        "Total Expenses": 245700000.0,
        "Total Operating Income As Reported": NaN,
        "Diluted Average Shares": 183762928.0,
        "Basic Average Shares": 183762928.0,
        "Diluted EPS": -0.54,
        "Basic EPS": -0.54,
        "Diluted NI Availto Com Stockholders": -100916000.0,
        "Net Income Common Stockholders": -100916000.0,
        "Net Income": -100916000.0,
        "Net Income Including Noncontrolling Interests": -100916000.0,
        "Net Income Continuous Operations": -100916000.0,
        "Tax Provision": 1786000.0,
        "Pretax Income": -99130000.0,
        "Other Income Expense": -55478000.0,
        "Other Non Operating Income Expenses": 684000.0,
        "Special Income Charges": -970000.0,
        "Impairment Of Capital Assets": 970000.0,
        "Gain On Sale Of Security": -55192000.0,
        "Net Non Operating Interest Income Expense": 6995000.0,
        "Interest Expense Non Operating": 5061000.0,
        "Interest Income Non Operating": 12056000.0,
        "Operating Income": -50647000.0,
        "Operating Expense": 174356000.0,
        "Other Operating Expenses": NaN,
        "Research And Development": 101924000.0,
        "Selling General And Administration": 72432000.0,
        "Selling And Marketing Expense": 40969000.0,
        "General And Administrative Expense": 31463000.0,
        "Other Gand A": 31463000.0,
        "Gross Profit": 123709000.0,
        "Cost Of Revenue": 71344000.0,
        "Total Revenue": 195053000.0,
        "Operating Revenue": 194963000.0
    },
    "2025-06-30": {
        "Tax Effect Of Unusual Items": -23098530.0,
        "Tax Rate For Calcs": 0.21,
        "Normalized EBITDA": -3729000.0,
        "Total Unusual Items": -109993000.0,
        "Total Unusual Items Excluding Goodwill": -109993000.0,
        "Net Income From Continuing Operation Net Minority Interest": -125380000.0,
        "Reconciled Depreciation": 5854000.0,
        "Reconciled Cost Of Revenue": 97991000.0,
        "EBITDA": -113722000.0,
        "EBIT": -119576000.0,
        "Net Interest Income": 5211000.0,
        "Interest Expense": 5222000.0,
        "Interest Income": 10433000.0,
        "Normalized Income": -38485530.0,
        "Net Income From Continuing And Discontinued Operation": -125380000.0,
        "Total Expenses": 276939000.0,
        "Total Operating Income As Reported": NaN,
        "Diluted Average Shares": 184135562.0,
        "Basic Average Shares": 184135562.0,
        "Diluted EPS": -0.68,
        "Basic EPS": -0.68,
        "Diluted NI Availto Com Stockholders": -125380000.0,
        "Net Income Common Stockholders": -125380000.0,
        "Net Income": -125380000.0,
        "Net Income Including Noncontrolling Interests": -125380000.0,
        "Net Income Continuous Operations": -125380000.0,
        "Tax Provision": 582000.0,
        "Pretax Income": -124798000.0,
        "Other Income Expense": -108128000.0,
        "Other Non Operating Income Expenses": 1865000.0,
        "Special Income Charges": 0.0,
        "Impairment Of Capital Assets": 0.0,
        "Gain On Sale Of Security": -109993000.0,
        "Net Non Operating Interest Income Expense": 5211000.0,
        "Interest Expense Non Operating": 5222000.0,
        "Interest Income Non Operating": 10433000.0,
        "Operating Income": -21881000.0,
        "Operating Expense": 178948000.0,
        "Other Operating Expenses": NaN,
        "Research And Development": 98302000.0,
        "Selling General And Administration": 80646000.0,
        "Selling And Marketing Expense": 48052000.0,
        "General And Administrative Expense": 32594000.0,
        "Other Gand A": 32594000.0,
        "Gross Profit": 157067000.0,
        "Cost Of Revenue": 97991000.0,
        "Total Revenue": 255058000.0,
        "Operating Revenue": 255055000.0
    },
    "2025-09-30": {
        "Tax Effect Of Unusual Items": -26880.0,
        "Tax Rate For Calcs": 0.21,
        "Normalized EBITDA": -27430000.0,
        "Total Unusual Items": -128000.0,
        "Total Unusual Items Excluding Goodwill": -128000.0,
        "Net Income From Continuing Operation Net Minority Interest": -39689000.0,
        "Reconciled Depreciation": 5879000.0,
        "Reconciled Cost Of Revenue": 115306000.0,
        "EBITDA": -27558000.0,
        "EBIT": -33437000.0,
        "Net Interest Income": 4025000.0,
        "Interest Expense": 5636000.0,
        "Interest Income": 9661000.0,
        "Normalized Income": -39587880.0,
        "Net Income From Continuing And Discontinued Operation": -39689000.0,
        "Total Expenses": 315782000.0,
        "Total Operating Income As Reported": -43452000.0,
        "Diluted Average Shares": 184636624.0,
        "Basic Average Shares": 184636624.0,
        "Diluted EPS": -0.22,
        "Basic EPS": -0.22,
        "Diluted NI Availto Com Stockholders": -39689000.0,
        "Net Income Common Stockholders": -39689000.0,
        "Net Income": -39689000.0,
        "Net Income Including Noncontrolling Interests": -39689000.0,
        "Net Income Continuous Operations": -39689000.0,
        "Tax Provision": 616000.0,
        "Pretax Income": -39073000.0,
        "Other Income Expense": 354000.0,
        "Other Non Operating Income Expenses": 482000.0,
        "Special Income Charges": 0.0,
        "Impairment Of Capital Assets": 0.0,
        "Gain On Sale Of Security": -128000.0,
        "Net Non Operating Interest Income Expense": 4025000.0,
        "Interest Expense Non Operating": 5636000.0,
        "Interest Income Non Operating": 9661000.0,
        "Operating Income": -43452000.0,
        "Operating Expense": 200476000.0,
        "Other Operating Expenses": NaN,
        "Research And Development": 113148000.0,
        "Selling General And Administration": 87328000.0,
        "Selling And Marketing Expense": 52607000.0,
        "General And Administrative Expense": 34721000.0,
        "Other Gand A": 34721000.0,
        "Gross Profit": 157024000.0,
        "Cost Of Revenue": 115306000.0,
        "Total Revenue": 272330000.0,
        "Operating Revenue": 272312000.0
    }
}