{
    "2022-12-31": {
        "Tax Effect Of Unusual Items": NaN,
        "Tax Rate For Calcs": NaN,
        "Normalized EBITDA": NaN,
        "Net Income From Continuing Operation Net Minority Interest": NaN,
        "Reconciled Depreciation": NaN,
        "EBITDA": NaN,
        "EBIT": NaN,
        "Net Interest Income": NaN,
        "Interest Income": NaN,
        "Normalized Income": NaN,
        "Net Income From Continuing And Discontinued Operation": NaN,
        "Total Expenses": NaN,
        "Total Operating Income As Reported": NaN,
        "Diluted Average Shares": NaN,
        "Basic Average Shares": NaN,
        "Diluted EPS": NaN,
        "Basic EPS": NaN,
        "Diluted NI Availto Com Stockholders": NaN,
        "Net Income Common Stockholders": NaN,
        "Net Income": NaN,
        "Net Income Including Noncontrolling Interests": NaN,
        "Net Income Continuous Operations": NaN,
        "Tax Provision": 303000.0,
        "Pretax Income": NaN,
        "Other Income Expense": NaN,
        "Other Non Operating Income Expenses": NaN,
        "Net Non Operating Interest Income Expense": NaN,
        "Interest Income Non Operating": NaN,
        "Operating Income": NaN,
        "Operating Expense": NaN,
        "Research And Development": NaN,
        "Selling General And Administration": NaN,
        "Total Revenue": NaN,
        "Operating Revenue": NaN
    },
    "2024-03-31": {
        "Tax Effect Of Unusual Items": 0.0,
        "Tax Rate For Calcs": 0.0,
        "Normalized EBITDA": -16083000.0,
        "Net Income From Continuing Operation Net Minority Interest": -16648000.0,
        "Reconciled Depreciation": 5000.0,
        "EBITDA": -16083000.0,
        "EBIT": -16088000.0,
        "Net Interest Income": 788000.0,
        "Interest Income": 788000.0,
        "Normalized Income": -16648000.0,
        "Net Income From Continuing And Discontinued Operation": -16648000.0,
        "Total Expenses": 16088000.0,
        "Total Operating Income As Reported": -16088000.0,
        "Diluted Average Shares": 4717613.0,
        "Basic Average Shares": 4717613.0,
        "Diluted EPS": -3.53,
        "Basic EPS": -3.53,
        "Diluted NI Availto Com Stockholders": -16648000.0,
        "Net Income Common Stockholders": -16648000.0,
        "Net Income": -16648000.0,
        "Net Income Including Noncontrolling Interests": -16648000.0,
        "Net Income Continuous Operations": -16648000.0,
        "Tax Provision": NaN,
        "Pretax Income": -16648000.0,
        "Other Income Expense": -1348000.0,
        "Other Non Operating Income Expenses": -1348000.0,
        "Net Non Operating Interest Income Expense": 788000.0,
        "Interest Income Non Operating": 788000.0,
        "Operating Income": -16088000.0,
        "Operating Expense": 16088000.0,
        "Research And Development": 10537000.0,
        "Selling General And Administration": 5551000.0,
        "Total Revenue": 0.0,
        "Operating Revenue": 0.0
    },
    "2023-03-31": {
        "Tax Effect Of Unusual Items": 0.0,
        "Tax Rate For Calcs": 0.0,
        "Normalized EBITDA": -12613000.0,
        "Net Income From Continuing Operation Net Minority Interest": -12670000.0,
        "Reconciled Depreciation": 3000.0,
        "EBITDA": -12613000.0,
        "EBIT": -12616000.0,
        "Net Interest Income": 0.0,
        "Interest Income": 0.0,
        "Normalized Income": -12670000.0,
        "Net Income From Continuing And Discontinued Operation": -12670000.0,
        "Total Expenses": 12616000.0,
        "Total Operating Income As Reported": -12616000.0,
        "Diluted Average Shares": 25533533.0,
        "Basic Average Shares": 25533533.0,
        "Diluted EPS": -0.49621,
        "Basic EPS": -0.49621,
        "Diluted NI Availto Com Stockholders": -12670000.0,
        "Net Income Common Stockholders": -12670000.0,
        "Net Income": -12670000.0,
        "Net Income Including Noncontrolling Interests": -12670000.0,
        "Net Income Continuous Operations": -12670000.0,
        "Pretax Income": -12670000.0,
        "Other Income Expense": -54000.0,
        "Other Non Operating Income Expenses": -54000.0,
        "Net Non Operating Interest Income Expense": 0.0,
        "Interest Income Non Operating": 0.0,
        "Operating Income": -12616000.0,
        "Operating Expense": 12616000.0,
        "Research And Development": 10325000.0,
        "Selling General And Administration": 2291000.0,
        "Total Revenue": 0.0,
        "Operating Revenue": 0.0
    },
    "2024-06-30": {
        "Tax Effect Of Unusual Items": NaN,
        "Tax Rate For Calcs": NaN,
        "Normalized EBITDA": NaN,
        "Net Income From Continuing Operation Net Minority Interest": NaN,
        "Reconciled Depreciation": NaN,
        "EBITDA": NaN,
        "EBIT": NaN,
        "Net Interest Income": NaN,
        "Interest Income": NaN,
        "Normalized Income": NaN,
        "Net Income From Continuing And Discontinued Operation": NaN,
        "Total Expenses": NaN,
        "Total Operating Income As Reported": NaN,
        "Diluted Average Shares": NaN,
        "Basic Average Shares": NaN,
        "Diluted EPS": NaN,
        "Basic EPS": NaN,
        "Diluted NI Availto Com Stockholders": NaN,
        "Net Income Common Stockholders": NaN,
        "Net Income": NaN,
        "Net Income Including Noncontrolling Interests": NaN,
        "Net Income Continuous Operations": NaN,
        "Tax Provision": 0.0,
        "Pretax Income": NaN,
        "Other Income Expense": NaN,
        "Other Non Operating Income Expenses": NaN,
        "Net Non Operating Interest Income Expense": NaN,
        "Interest Income Non Operating": NaN,
        "Operating Income": NaN,
        "Operating Expense": NaN,
        "Research And Development": NaN,
        "Selling General And Administration": NaN,
        "Total Revenue": NaN,
        "Operating Revenue": NaN
    },
    "2023-09-30": {
        "Tax Effect Of Unusual Items": NaN,
        "Tax Rate For Calcs": NaN,
        "Normalized EBITDA": NaN,
        "Net Income From Continuing Operation Net Minority Interest": NaN,
        "Reconciled Depreciation": NaN,
        "EBITDA": NaN,
        "EBIT": NaN,
        "Net Interest Income": 1086000.0,
        "Interest Income": 1086000.0,
        "Normalized Income": NaN,
        "Net Income From Continuing And Discontinued Operation": NaN,
        "Total Expenses": NaN,
        "Total Operating Income As Reported": NaN,
        "Diluted Average Shares": 25533533.0,
        "Basic Average Shares": 25533533.0,
        "Diluted EPS": -0.73942,
        "Basic EPS": -0.73942,
        "Diluted NI Availto Com Stockholders": NaN,
        "Net Income Common Stockholders": NaN,
        "Net Income": NaN,
        "Net Income Including Noncontrolling Interests": NaN,
        "Net Income Continuous Operations": NaN,
        "Tax Provision": NaN,
        "Pretax Income": NaN,
        "Other Income Expense": NaN,
        "Other Non Operating Income Expenses": NaN,
        "Net Non Operating Interest Income Expense": 1086000.0,
        "Interest Income Non Operating": 1086000.0,
        "Operating Income": NaN,
        "Operating Expense": NaN,
        "Research And Development": NaN,
        "Selling General And Administration": NaN,
        "Total Revenue": NaN,
        "Operating Revenue": NaN
    },
    "2023-06-30": {
        "Tax Effect Of Unusual Items": NaN,
        "Tax Rate For Calcs": NaN,
        "Normalized EBITDA": NaN,
        "Net Income From Continuing Operation Net Minority Interest": NaN,
        "Reconciled Depreciation": NaN,
        "EBITDA": NaN,
        "EBIT": NaN,
        "Net Interest Income": NaN,
        "Interest Income": NaN,
        "Normalized Income": NaN,
        "Net Income From Continuing And Discontinued Operation": NaN,
        "Total Expenses": NaN,
        "Total Operating Income As Reported": NaN,
        "Diluted Average Shares": 25533533.0,
        "Basic Average Shares": 25533533.0,
        "Diluted EPS": -0.576732,
        "Basic EPS": -0.576732,
        "Diluted NI Availto Com Stockholders": NaN,
        "Net Income Common Stockholders": NaN,
        "Net Income": NaN,
        "Net Income Including Noncontrolling Interests": NaN,
        "Net Income Continuous Operations": NaN,
        "Tax Provision": NaN,
        "Pretax Income": NaN,
        "Other Income Expense": NaN,
        "Other Non Operating Income Expenses": NaN,
        "Net Non Operating Interest Income Expense": NaN,
        "Interest Income Non Operating": NaN,
        "Operating Income": NaN,
        "Operating Expense": NaN,
        "Research And Development": NaN,
        "Selling General And Administration": NaN,
        "Total Revenue": NaN,
        "Operating Revenue": NaN
    },
    "2024-09-30": {
        "Tax Effect Of Unusual Items": 0.0,
        "Tax Rate For Calcs": 0.0,
        "Normalized EBITDA": -12935000.0,
        "Net Income From Continuing Operation Net Minority Interest": -10215000.0,
        "Reconciled Depreciation": 10000.0,
        "EBITDA": -12935000.0,
        "EBIT": -12945000.0,
        "Net Interest Income": 2736000.0,
        "Interest Income": 2736000.0,
        "Normalized Income": -10215000.0,
        "Net Income From Continuing And Discontinued Operation": -10215000.0,
        "Total Expenses": 12945000.0,
        "Total Operating Income As Reported": -12945000.0,
        "Diluted Average Shares": 27172330.0,
        "Basic Average Shares": 27172330.0,
        "Diluted EPS": -0.38,
        "Basic EPS": -0.38,
        "Diluted NI Availto Com Stockholders": -10215000.0,
        "Net Income Common Stockholders": -10215000.0,
        "Net Income": -10215000.0,
        "Net Income Including Noncontrolling Interests": -10215000.0,
        "Net Income Continuous Operations": -10215000.0,
        "Tax Provision": NaN,
        "Pretax Income": -10215000.0,
        "Other Income Expense": -6000.0,
        "Other Non Operating Income Expenses": -6000.0,
        "Net Non Operating Interest Income Expense": 2736000.0,
        "Interest Income Non Operating": 2736000.0,
        "Operating Income": -12945000.0,
        "Operating Expense": 12945000.0,
        "Research And Development": 6451000.0,
        "Selling General And Administration": 6494000.0,
        "Total Revenue": 0.0,
        "Operating Revenue": 0.0
    },
    "2024-12-31": {
        "Tax Effect Of Unusual Items": 0.0,
        "Tax Rate For Calcs": 0.0,
        "Normalized EBITDA": -15200000.0,
        "Net Income From Continuing Operation Net Minority Interest": -12652000.0,
        "Reconciled Depreciation": 25000.0,
        "EBITDA": -15200000.0,
        "EBIT": -15225000.0,
        "Net Interest Income": 2566000.0,
        "Interest Income": 2566000.0,
        "Normalized Income": -12652000.0,
        "Net Income From Continuing And Discontinued Operation": -12652000.0,
        "Total Expenses": 15225000.0,
        "Total Operating Income As Reported": -15225000.0,
        "Diluted Average Shares": 27492616.0,
        "Basic Average Shares": 27492616.0,
        "Diluted EPS": -0.46,
        "Basic EPS": -0.46,
        "Diluted NI Availto Com Stockholders": -12652000.0,
        "Net Income Common Stockholders": -12652000.0,
        "Net Income": -12652000.0,
        "Net Income Including Noncontrolling Interests": -12652000.0,
        "Net Income Continuous Operations": -12652000.0,
        "Tax Provision": NaN,
        "Pretax Income": -12651000.0,
        "Other Income Expense": 8000.0,
        "Other Non Operating Income Expenses": 8000.0,
        "Net Non Operating Interest Income Expense": 2566000.0,
        "Interest Income Non Operating": 2566000.0,
        "Operating Income": -15225000.0,
        "Operating Expense": 15225000.0,
        "Research And Development": 5868000.0,
        "Selling General And Administration": 9357000.0,
        "Total Revenue": 0.0,
        "Operating Revenue": 0.0
    },
    "2023-12-31": {
        "Tax Effect Of Unusual Items": NaN,
        "Tax Rate For Calcs": NaN,
        "Normalized EBITDA": NaN,
        "Net Income From Continuing Operation Net Minority Interest": NaN,
        "Reconciled Depreciation": NaN,
        "EBITDA": NaN,
        "EBIT": NaN,
        "Net Interest Income": NaN,
        "Interest Income": NaN,
        "Normalized Income": NaN,
        "Net Income From Continuing And Discontinued Operation": NaN,
        "Total Expenses": NaN,
        "Total Operating Income As Reported": NaN,
        "Diluted Average Shares": NaN,
        "Basic Average Shares": NaN,
        "Diluted EPS": NaN,
        "Basic EPS": NaN,
        "Diluted NI Availto Com Stockholders": NaN,
        "Net Income Common Stockholders": NaN,
        "Net Income": NaN,
        "Net Income Including Noncontrolling Interests": NaN,
        "Net Income Continuous Operations": NaN,
        "Tax Provision": -179000.0,
        "Pretax Income": NaN,
        "Other Income Expense": NaN,
        "Other Non Operating Income Expenses": NaN,
        "Net Non Operating Interest Income Expense": NaN,
        "Interest Income Non Operating": NaN,
        "Operating Income": NaN,
        "Operating Expense": NaN,
        "Research And Development": NaN,
        "Selling General And Administration": NaN,
        "Total Revenue": NaN,
        "Operating Revenue": NaN
    },
    "2025-03-31": {
        "Tax Effect Of Unusual Items": 0.0,
        "Tax Rate For Calcs": 0.0,
        "Normalized EBITDA": -16895000.0,
        "Net Income From Continuing Operation Net Minority Interest": -14619000.0,
        "Reconciled Depreciation": 36000.0,
        "EBITDA": -16895000.0,
        "EBIT": -16931000.0,
        "Net Interest Income": 2323000.0,
        "Interest Income": 2323000.0,
        "Normalized Income": -14619000.0,
        "Net Income From Continuing And Discontinued Operation": -14619000.0,
        "Total Expenses": 16931000.0,
        "Total Operating Income As Reported": -16931000.0,
        "Diluted Average Shares": 27526099.0,
        "Basic Average Shares": 27526099.0,
        "Diluted EPS": -0.53,
        "Basic EPS": -0.53,
        "Diluted NI Availto Com Stockholders": -14619000.0,
        "Net Income Common Stockholders": -14619000.0,
        "Net Income": -14619000.0,
        "Net Income Including Noncontrolling Interests": -14619000.0,
        "Net Income Continuous Operations": -14619000.0,
        "Tax Provision": NaN,
        "Pretax Income": -14619000.0,
        "Other Income Expense": -11000.0,
        "Other Non Operating Income Expenses": -11000.0,
        "Net Non Operating Interest Income Expense": 2323000.0,
        "Interest Income Non Operating": 2323000.0,
        "Operating Income": -16931000.0,
        "Operating Expense": 16931000.0,
        "Research And Development": 5818000.0,
        "Selling General And Administration": 11113000.0,
        "Total Revenue": 0.0,
        "Operating Revenue": 0.0
    },
    "2025-06-30": {
        "Tax Effect Of Unusual Items": 0.0,
        "Tax Rate For Calcs": 0.21,
        "Normalized EBITDA": -16838000.0,
        "Net Income From Continuing Operation Net Minority Interest": -14912000.0,
        "Reconciled Depreciation": 19000.0,
        "EBITDA": -16838000.0,
        "EBIT": -16857000.0,
        "Net Interest Income": 2246000.0,
        "Interest Income": 2246000.0,
        "Normalized Income": -14912000.0,
        "Net Income From Continuing And Discontinued Operation": -14912000.0,
        "Total Expenses": 21857000.0,
        "Total Operating Income As Reported": -16857000.0,
        "Diluted Average Shares": 28079071.0,
        "Basic Average Shares": 28079071.0,
        "Diluted EPS": -0.53,
        "Basic EPS": -0.53,
        "Diluted NI Availto Com Stockholders": -14912000.0,
        "Net Income Common Stockholders": -14912000.0,
        "Net Income": -14912000.0,
        "Net Income Including Noncontrolling Interests": -14912000.0,
        "Net Income Continuous Operations": -14912000.0,
        "Tax Provision": 500000.0,
        "Pretax Income": -14412000.0,
        "Other Income Expense": 199000.0,
        "Other Non Operating Income Expenses": 199000.0,
        "Net Non Operating Interest Income Expense": 2246000.0,
        "Interest Income Non Operating": 2246000.0,
        "Operating Income": -16857000.0,
        "Operating Expense": 21857000.0,
        "Research And Development": 9061000.0,
        "Selling General And Administration": 12796000.0,
        "Total Revenue": 5000000.0,
        "Operating Revenue": 5000000.0
    },
    "2025-09-30": {
        "Tax Effect Of Unusual Items": 0.0,
        "Tax Rate For Calcs": 0.0,
        "Normalized EBITDA": -18762000.0,
        "Net Income From Continuing Operation Net Minority Interest": -16700000.0,
        "Reconciled Depreciation": 125000.0,
        "EBITDA": -18762000.0,
        "EBIT": -18887000.0,
        "Net Interest Income": 2201000.0,
        "Interest Income": 2201000.0,
        "Normalized Income": -16700000.0,
        "Net Income From Continuing And Discontinued Operation": -16700000.0,
        "Total Expenses": 31387000.0,
        "Total Operating Income As Reported": -18887000.0,
        "Diluted Average Shares": 28540519.0,
        "Basic Average Shares": 28540519.0,
        "Diluted EPS": -0.59,
        "Basic EPS": -0.59,
        "Diluted NI Availto Com Stockholders": -16700000.0,
        "Net Income Common Stockholders": -16700000.0,
        "Net Income": -16700000.0,
        "Net Income Including Noncontrolling Interests": -16700000.0,
        "Net Income Continuous Operations": -16700000.0,
        "Tax Provision": 0.0,
        "Pretax Income": -16700000.0,
        "Other Income Expense": -14000.0,
        "Other Non Operating Income Expenses": -14000.0,
        "Net Non Operating Interest Income Expense": 2201000.0,
        "Interest Income Non Operating": 2201000.0,
        "Operating Income": -18887000.0,
        "Operating Expense": 31387000.0,
        "Research And Development": 3791000.0,
        "Selling General And Administration": 27596000.0,
        "Total Revenue": 12500000.0,
        "Operating Revenue": 12500000.0
    }
}