{
    "2023-03-31": {
        "Tax Effect Of Unusual Items": NaN,
        "Tax Rate For Calcs": NaN,
        "Normalized EBITDA": NaN,
        "Total Unusual Items": NaN,
        "Total Unusual Items Excluding Goodwill": NaN,
        "Net Income From Continuing Operation Net Minority Interest": NaN,
        "Reconciled Depreciation": NaN,
        "Reconciled Cost Of Revenue": NaN,
        "EBITDA": NaN,
        "EBIT": NaN,
        "Net Interest Income": NaN,
        "Interest Expense": NaN,
        "Normalized Income": NaN,
        "Net Income From Continuing And Discontinued Operation": NaN,
        "Total Expenses": NaN,
        "Total Operating Income As Reported": NaN,
        "Diluted Average Shares": 360902000.0,
        "Basic Average Shares": 360902000.0,
        "Diluted EPS": -0.09,
        "Basic EPS": -0.09,
        "Diluted NI Availto Com Stockholders": NaN,
        "Net Income Common Stockholders": NaN,
        "Net Income": NaN,
        "Net Income Including Noncontrolling Interests": NaN,
        "Net Income Continuous Operations": NaN,
        "Tax Provision": NaN,
        "Pretax Income": NaN,
        "Other Income Expense": NaN,
        "Other Non Operating Income Expenses": NaN,
        "Special Income Charges": NaN,
        "Restructuring And Mergern Acquisition": NaN,
        "Net Non Operating Interest Income Expense": NaN,
        "Interest Expense Non Operating": NaN,
        "Operating Income": NaN,
        "Operating Expense": NaN,
        "Depreciation Amortization Depletion Income Statement": NaN,
        "Depreciation And Amortization In Income Statement": NaN,
        "Selling General And Administration": NaN,
        "General And Administrative Expense": NaN,
        "Other Gand A": NaN,
        "Gross Profit": NaN,
        "Cost Of Revenue": NaN,
        "Total Revenue": NaN,
        "Operating Revenue": NaN
    },
    "2022-12-31": {
        "Tax Effect Of Unusual Items": NaN,
        "Tax Rate For Calcs": NaN,
        "Normalized EBITDA": NaN,
        "Total Unusual Items": NaN,
        "Total Unusual Items Excluding Goodwill": NaN,
        "Net Income From Continuing Operation Net Minority Interest": NaN,
        "Reconciled Depreciation": NaN,
        "Reconciled Cost Of Revenue": NaN,
        "EBITDA": NaN,
        "EBIT": NaN,
        "Net Interest Income": NaN,
        "Interest Expense": NaN,
        "Normalized Income": NaN,
        "Net Income From Continuing And Discontinued Operation": NaN,
        "Total Expenses": NaN,
        "Total Operating Income As Reported": NaN,
        "Diluted Average Shares": NaN,
        "Basic Average Shares": NaN,
        "Diluted EPS": NaN,
        "Basic EPS": NaN,
        "Diluted NI Availto Com Stockholders": NaN,
        "Net Income Common Stockholders": NaN,
        "Otherunder Preferred Stock Dividend": 0.0,
        "Net Income": NaN,
        "Net Income Including Noncontrolling Interests": NaN,
        "Net Income Continuous Operations": NaN,
        "Tax Provision": NaN,
        "Pretax Income": NaN,
        "Other Income Expense": NaN,
        "Other Non Operating Income Expenses": NaN,
        "Special Income Charges": NaN,
        "Restructuring And Mergern Acquisition": NaN,
        "Net Non Operating Interest Income Expense": NaN,
        "Interest Expense Non Operating": NaN,
        "Operating Income": NaN,
        "Operating Expense": NaN,
        "Depreciation Amortization Depletion Income Statement": NaN,
        "Depreciation And Amortization In Income Statement": NaN,
        "Selling General And Administration": NaN,
        "General And Administrative Expense": NaN,
        "Other Gand A": NaN,
        "Gross Profit": NaN,
        "Cost Of Revenue": NaN,
        "Total Revenue": NaN,
        "Operating Revenue": NaN
    },
    "2022-09-30": {
        "Tax Effect Of Unusual Items": NaN,
        "Tax Rate For Calcs": NaN,
        "Normalized EBITDA": NaN,
        "Total Unusual Items": NaN,
        "Total Unusual Items Excluding Goodwill": NaN,
        "Net Income From Continuing Operation Net Minority Interest": NaN,
        "Reconciled Depreciation": NaN,
        "Reconciled Cost Of Revenue": NaN,
        "EBITDA": NaN,
        "EBIT": NaN,
        "Net Interest Income": NaN,
        "Interest Expense": NaN,
        "Normalized Income": NaN,
        "Net Income From Continuing And Discontinued Operation": NaN,
        "Total Expenses": NaN,
        "Total Operating Income As Reported": NaN,
        "Diluted Average Shares": 357520000.0,
        "Basic Average Shares": 357520000.0,
        "Diluted EPS": -0.11,
        "Basic EPS": -0.11,
        "Diluted NI Availto Com Stockholders": NaN,
        "Net Income Common Stockholders": NaN,
        "Otherunder Preferred Stock Dividend": 0.0,
        "Net Income": NaN,
        "Net Income Including Noncontrolling Interests": NaN,
        "Net Income Continuous Operations": NaN,
        "Tax Provision": NaN,
        "Pretax Income": NaN,
        "Other Income Expense": NaN,
        "Other Non Operating Income Expenses": NaN,
        "Special Income Charges": NaN,
        "Restructuring And Mergern Acquisition": NaN,
        "Net Non Operating Interest Income Expense": NaN,
        "Interest Expense Non Operating": NaN,
        "Operating Income": NaN,
        "Operating Expense": NaN,
        "Depreciation Amortization Depletion Income Statement": NaN,
        "Depreciation And Amortization In Income Statement": NaN,
        "Selling General And Administration": NaN,
        "General And Administrative Expense": NaN,
        "Other Gand A": NaN,
        "Gross Profit": NaN,
        "Cost Of Revenue": NaN,
        "Total Revenue": NaN,
        "Operating Revenue": NaN
    },
    "2022-06-30": {
        "Tax Effect Of Unusual Items": -79600.0,
        "Tax Rate For Calcs": 0.4,
        "Normalized EBITDA": -43729000.0,
        "Total Unusual Items": -199000.0,
        "Total Unusual Items Excluding Goodwill": -199000.0,
        "Net Income From Continuing Operation Net Minority Interest": -68727000.0,
        "Reconciled Depreciation": 16743000.0,
        "Reconciled Cost Of Revenue": 149697000.0,
        "EBITDA": -43928000.0,
        "EBIT": -60671000.0,
        "Net Interest Income": -7133000.0,
        "Interest Expense": 7133000.0,
        "Normalized Income": -68607600.0,
        "Net Income From Continuing And Discontinued Operation": -68727000.0,
        "Total Expenses": 269999000.0,
        "Total Operating Income As Reported": -60472000.0,
        "Diluted Average Shares": 353729000.0,
        "Basic Average Shares": 353729000.0,
        "Diluted EPS": -0.19,
        "Basic EPS": -0.19,
        "Diluted NI Availto Com Stockholders": -68727000.0,
        "Net Income Common Stockholders": -68727000.0,
        "Otherunder Preferred Stock Dividend": 0.0,
        "Net Income": -68727000.0,
        "Net Income Including Noncontrolling Interests": -68727000.0,
        "Net Income Continuous Operations": -68727000.0,
        "Tax Provision": 923000.0,
        "Pretax Income": -67804000.0,
        "Other Income Expense": -199000.0,
        "Other Non Operating Income Expenses": NaN,
        "Special Income Charges": -199000.0,
        "Restructuring And Mergern Acquisition": 199000.0,
        "Net Non Operating Interest Income Expense": -7133000.0,
        "Interest Expense Non Operating": 7133000.0,
        "Operating Income": -60472000.0,
        "Operating Expense": 120302000.0,
        "Depreciation Amortization Depletion Income Statement": 16743000.0,
        "Depreciation And Amortization In Income Statement": 16743000.0,
        "Selling General And Administration": 103559000.0,
        "General And Administrative Expense": 103559000.0,
        "Other Gand A": 103559000.0,
        "Gross Profit": 59830000.0,
        "Cost Of Revenue": 149697000.0,
        "Total Revenue": 209527000.0,
        "Operating Revenue": 209527000.0
    },
    "2022-03-31": {
        "Diluted EPS": -0.18,
        "Total Revenue": 203,
        "Gross Profit": 54,
        "Operating Income": -65,
        "EBIT": -49,
        "Net Income": -62
    },
    "2021-12-31": {
        "Diluted EPS": -0.33,
        "Total Revenue": 190,
        "Gross Profit": 54,
        "Operating Income": -114,
        "EBIT": -98,
        "Net Income": -108
    },
    "2021-09-30": {
        "Diluted EPS": -0.35,
        "Total Revenue": 174,
        "Gross Profit": 52,
        "Operating Income": -125,
        "EBIT": -110,
        "Net Income": -120
    },
    "2021-06-30": {
        "Diluted EPS": -0.22,
        "Total Revenue": 161,
        "Gross Profit": 51,
        "Operating Income": -47,
        "EBIT": -34,
        "Net Income": -70
    },
    "2021-03-31": {
        "Diluted EPS": -0.15,
        "Total Revenue": 143,
        "Gross Profit": 44,
        "Operating Income": -1,
        "EBIT": 12,
        "Net Income": -45
    },
    "2020-12-31": {
        "Diluted EPS": -0.91,
        "Total Revenue": 118,
        "Gross Profit": 39,
        "Operating Income": 4,
        "EBIT": 12,
        "Net Income": -5
    },
    "2020-09-30": {
        "Diluted EPS": -0.01,
        "Total Revenue": 102,
        "Gross Profit": 33,
        "Operating Income": 3,
        "EBIT": 14,
        "Net Income": -3
    },
    "2020-06-30": {
        "Diluted EPS": -0.11,
        "Total Revenue": 84,
        "Gross Profit": 26,
        "Operating Income": 3,
        "EBIT": 10,
        "Net Income": -32
    },
    "2020-03-31": {
        "Diluted EPS": 0.0,
        "Total Revenue": 73,
        "Gross Profit": 21,
        "Operating Income": 6,
        "EBIT": 8,
        "Net Income": 2
    },
    "2019-12-31": {
        "Diluted EPS": 0.0,
        "Total Revenue": NaN,
        "Gross Profit": NaN,
        "Operating Income": NaN,
        "EBIT": NaN,
        "Net Income": NaN
    },
    "2023-06-30": {
        "Tax Effect Of Unusual Items": NaN,
        "Tax Rate For Calcs": NaN,
        "Normalized EBITDA": NaN,
        "Total Unusual Items": NaN,
        "Total Unusual Items Excluding Goodwill": NaN,
        "Net Income From Continuing Operation Net Minority Interest": NaN,
        "Reconciled Depreciation": NaN,
        "Reconciled Cost Of Revenue": NaN,
        "EBITDA": NaN,
        "EBIT": NaN,
        "Net Interest Income": NaN,
        "Interest Expense": NaN,
        "Normalized Income": NaN,
        "Net Income From Continuing And Discontinued Operation": NaN,
        "Total Expenses": NaN,
        "Total Operating Income As Reported": NaN,
        "Diluted Average Shares": 363161000.0,
        "Basic Average Shares": 363161000.0,
        "Diluted EPS": -0.13,
        "Basic EPS": -0.13,
        "Diluted NI Availto Com Stockholders": NaN,
        "Net Income Common Stockholders": NaN,
        "Net Income": NaN,
        "Net Income Including Noncontrolling Interests": NaN,
        "Net Income Continuous Operations": NaN,
        "Tax Provision": NaN,
        "Pretax Income": NaN,
        "Other Income Expense": NaN,
        "Other Non Operating Income Expenses": NaN,
        "Special Income Charges": NaN,
        "Restructuring And Mergern Acquisition": NaN,
        "Net Non Operating Interest Income Expense": NaN,
        "Interest Expense Non Operating": NaN,
        "Operating Income": NaN,
        "Operating Expense": NaN,
        "Depreciation Amortization Depletion Income Statement": NaN,
        "Depreciation And Amortization In Income Statement": NaN,
        "Selling General And Administration": NaN,
        "General And Administrative Expense": NaN,
        "Other Gand A": NaN,
        "Gross Profit": NaN,
        "Cost Of Revenue": NaN,
        "Total Revenue": NaN,
        "Operating Revenue": NaN
    },
    "2023-09-30": {
        "Tax Effect Of Unusual Items": NaN,
        "Tax Rate For Calcs": NaN,
        "Normalized EBITDA": NaN,
        "Total Unusual Items": NaN,
        "Total Unusual Items Excluding Goodwill": NaN,
        "Net Income From Continuing Operation Net Minority Interest": NaN,
        "Reconciled Depreciation": NaN,
        "Reconciled Cost Of Revenue": NaN,
        "EBITDA": NaN,
        "EBIT": NaN,
        "Net Interest Income": NaN,
        "Interest Expense": NaN,
        "Normalized Income": NaN,
        "Net Income From Continuing And Discontinued Operation": NaN,
        "Total Expenses": NaN,
        "Total Operating Income As Reported": NaN,
        "Diluted Average Shares": 372476000.0,
        "Basic Average Shares": 372476000.0,
        "Diluted EPS": -0.17,
        "Basic EPS": -0.17,
        "Diluted NI Availto Com Stockholders": NaN,
        "Net Income Common Stockholders": NaN,
        "Net Income": NaN,
        "Net Income Including Noncontrolling Interests": NaN,
        "Net Income Continuous Operations": NaN,
        "Tax Provision": NaN,
        "Pretax Income": NaN,
        "Other Income Expense": NaN,
        "Other Non Operating Income Expenses": NaN,
        "Special Income Charges": NaN,
        "Restructuring And Mergern Acquisition": NaN,
        "Net Non Operating Interest Income Expense": NaN,
        "Interest Expense Non Operating": NaN,
        "Operating Income": NaN,
        "Operating Expense": NaN,
        "Depreciation Amortization Depletion Income Statement": NaN,
        "Depreciation And Amortization In Income Statement": NaN,
        "Selling General And Administration": NaN,
        "General And Administrative Expense": NaN,
        "Other Gand A": NaN,
        "Gross Profit": NaN,
        "Cost Of Revenue": NaN,
        "Total Revenue": NaN,
        "Operating Revenue": NaN
    },
    "2023-12-31": {
        "Tax Effect Of Unusual Items": -98910.0,
        "Tax Rate For Calcs": 0.21,
        "Normalized EBITDA": -10096000.0,
        "Total Unusual Items": -471000.0,
        "Total Unusual Items Excluding Goodwill": -471000.0,
        "Net Income From Continuing Operation Net Minority Interest": -44959000.0,
        "Reconciled Depreciation": 22217000.0,
        "Reconciled Cost Of Revenue": 197289000.0,
        "EBITDA": -10567000.0,
        "EBIT": -32784000.0,
        "Net Interest Income": -5532000.0,
        "Interest Expense": 5532000.0,
        "Normalized Income": -44586910.0,
        "Net Income From Continuing And Discontinued Operation": -44959000.0,
        "Total Expenses": 312874000.0,
        "Total Operating Income As Reported": -32271000.0,
        "Diluted Average Shares": NaN,
        "Basic Average Shares": NaN,
        "Diluted EPS": NaN,
        "Basic EPS": NaN,
        "Diluted NI Availto Com Stockholders": -44959000.0,
        "Net Income Common Stockholders": -44959000.0,
        "Net Income": -44959000.0,
        "Net Income Including Noncontrolling Interests": -44959000.0,
        "Net Income Continuous Operations": -44959000.0,
        "Tax Provision": 6643000.0,
        "Pretax Income": -38316000.0,
        "Other Income Expense": -513000.0,
        "Other Non Operating Income Expenses": -42000.0,
        "Special Income Charges": -471000.0,
        "Restructuring And Mergern Acquisition": 471000.0,
        "Net Non Operating Interest Income Expense": -5532000.0,
        "Interest Expense Non Operating": 5532000.0,
        "Operating Income": -32271000.0,
        "Operating Expense": 115585000.0,
        "Depreciation Amortization Depletion Income Statement": 22217000.0,
        "Depreciation And Amortization In Income Statement": 22217000.0,
        "Selling General And Administration": 93368000.0,
        "General And Administrative Expense": 93368000.0,
        "Other Gand A": 93368000.0,
        "Gross Profit": 83314000.0,
        "Cost Of Revenue": 197289000.0,
        "Total Revenue": 280603000.0,
        "Operating Revenue": 280603000.0
    },
    "2024-03-31": {
        "Tax Effect Of Unusual Items": NaN,
        "Tax Rate For Calcs": NaN,
        "Normalized EBITDA": NaN,
        "Total Unusual Items": NaN,
        "Total Unusual Items Excluding Goodwill": NaN,
        "Net Income From Continuing Operation Net Minority Interest": NaN,
        "Reconciled Depreciation": NaN,
        "Reconciled Cost Of Revenue": NaN,
        "EBITDA": NaN,
        "EBIT": NaN,
        "Net Interest Income": NaN,
        "Interest Expense": NaN,
        "Normalized Income": NaN,
        "Net Income From Continuing And Discontinued Operation": NaN,
        "Total Expenses": NaN,
        "Total Operating Income As Reported": NaN,
        "Diluted Average Shares": 376331000.0,
        "Basic Average Shares": 376331000.0,
        "Diluted EPS": -0.06,
        "Basic EPS": -0.06,
        "Diluted NI Availto Com Stockholders": NaN,
        "Net Income Common Stockholders": NaN,
        "Net Income": NaN,
        "Net Income Including Noncontrolling Interests": NaN,
        "Net Income Continuous Operations": NaN,
        "Tax Provision": NaN,
        "Pretax Income": NaN,
        "Other Income Expense": NaN,
        "Other Non Operating Income Expenses": NaN,
        "Special Income Charges": NaN,
        "Restructuring And Mergern Acquisition": NaN,
        "Net Non Operating Interest Income Expense": NaN,
        "Interest Expense Non Operating": NaN,
        "Operating Income": NaN,
        "Operating Expense": NaN,
        "Depreciation Amortization Depletion Income Statement": NaN,
        "Depreciation And Amortization In Income Statement": NaN,
        "Selling General And Administration": NaN,
        "General And Administrative Expense": NaN,
        "Other Gand A": NaN,
        "Gross Profit": NaN,
        "Cost Of Revenue": NaN,
        "Total Revenue": NaN,
        "Operating Revenue": NaN
    },
    "2024-06-30": {
        "Tax Effect Of Unusual Items": -177870.0,
        "Tax Rate For Calcs": 0.21,
        "Normalized EBITDA": 2649000.0,
        "Total Unusual Items": -847000.0,
        "Total Unusual Items Excluding Goodwill": -847000.0,
        "Net Income From Continuing Operation Net Minority Interest": -23277000.0,
        "Reconciled Depreciation": 18600000.0,
        "Reconciled Cost Of Revenue": 214525000.0,
        "EBITDA": 1802000.0,
        "EBIT": -16798000.0,
        "Net Interest Income": -5823000.0,
        "Interest Expense": 5823000.0,
        "Normalized Income": -22607870.0,
        "Net Income From Continuing And Discontinued Operation": -23277000.0,
        "Total Expenses": 328278000.0,
        "Total Operating Income As Reported": -15947000.0,
        "Diluted Average Shares": 379427000.0,
        "Basic Average Shares": 379427000.0,
        "Diluted EPS": -0.06,
        "Basic EPS": -0.06,
        "Diluted NI Availto Com Stockholders": -23277000.0,
        "Net Income Common Stockholders": -23277000.0,
        "Net Income": -23277000.0,
        "Net Income Including Noncontrolling Interests": -23277000.0,
        "Net Income Continuous Operations": -23277000.0,
        "Tax Provision": 656000.0,
        "Pretax Income": -22621000.0,
        "Other Income Expense": -851000.0,
        "Other Non Operating Income Expenses": -4000.0,
        "Special Income Charges": -847000.0,
        "Restructuring And Mergern Acquisition": 847000.0,
        "Net Non Operating Interest Income Expense": -5823000.0,
        "Interest Expense Non Operating": 5823000.0,
        "Operating Income": -15947000.0,
        "Operating Expense": 113753000.0,
        "Depreciation Amortization Depletion Income Statement": 18600000.0,
        "Depreciation And Amortization In Income Statement": 18600000.0,
        "Selling General And Administration": 95153000.0,
        "General And Administrative Expense": 95153000.0,
        "Other Gand A": 95153000.0,
        "Gross Profit": 97806000.0,
        "Cost Of Revenue": 214525000.0,
        "Total Revenue": 312331000.0,
        "Operating Revenue": 312331000.0
    },
    "2024-09-30": {
        "Tax Effect Of Unusual Items": -2940.0,
        "Tax Rate For Calcs": 0.21,
        "Normalized EBITDA": 15160000.0,
        "Total Unusual Items": -14000.0,
        "Total Unusual Items Excluding Goodwill": -14000.0,
        "Net Income From Continuing Operation Net Minority Interest": -5957000.0,
        "Reconciled Depreciation": 15115000.0,
        "Reconciled Cost Of Revenue": 212291000.0,
        "EBITDA": 15146000.0,
        "EBIT": 31000.0,
        "Net Interest Income": -5413000.0,
        "Interest Expense": 5413000.0,
        "Normalized Income": -5945940.0,
        "Net Income From Continuing And Discontinued Operation": -5957000.0,
        "Total Expenses": 312675000.0,
        "Total Operating Income As Reported": 47000.0,
        "Diluted Average Shares": 380359000.0,
        "Basic Average Shares": 380359000.0,
        "Diluted EPS": -0.02,
        "Basic EPS": -0.02,
        "Diluted NI Availto Com Stockholders": -5957000.0,
        "Net Income Common Stockholders": -5957000.0,
        "Net Income": -5957000.0,
        "Net Income Including Noncontrolling Interests": -5957000.0,
        "Net Income Continuous Operations": -5957000.0,
        "Tax Provision": 575000.0,
        "Pretax Income": -5382000.0,
        "Other Income Expense": -16000.0,
        "Other Non Operating Income Expenses": -2000.0,
        "Special Income Charges": -14000.0,
        "Restructuring And Mergern Acquisition": 14000.0,
        "Net Non Operating Interest Income Expense": -5413000.0,
        "Interest Expense Non Operating": 5413000.0,
        "Operating Income": 47000.0,
        "Operating Expense": 100384000.0,
        "Depreciation Amortization Depletion Income Statement": 15115000.0,
        "Depreciation And Amortization In Income Statement": 15115000.0,
        "Selling General And Administration": 85269000.0,
        "General And Administrative Expense": 85269000.0,
        "Other Gand A": 85269000.0,
        "Gross Profit": 100431000.0,
        "Cost Of Revenue": 212291000.0,
        "Total Revenue": 312722000.0,
        "Operating Revenue": 312722000.0
    },
    "2024-12-31": {
        "Tax Effect Of Unusual Items": -50876.971609,
        "Tax Rate For Calcs": 0.198738,
        "Normalized EBITDA": 15447000.0,
        "Total Unusual Items": -256000.0,
        "Total Unusual Items Excluding Goodwill": -256000.0,
        "Net Income From Continuing Operation Net Minority Interest": -7112000.0,
        "Reconciled Depreciation": 14671000.0,
        "Reconciled Cost Of Revenue": 216044000.0,
        "EBITDA": 15191000.0,
        "EBIT": 520000.0,
        "Net Interest Income": -9396000.0,
        "Interest Expense": 9396000.0,
        "Normalized Income": -6906876.971609,
        "Net Income From Continuing And Discontinued Operation": -7112000.0,
        "Total Expenses": 324421000.0,
        "Total Operating Income As Reported": 1059000.0,
        "Diluted Average Shares": NaN,
        "Basic Average Shares": NaN,
        "Diluted EPS": NaN,
        "Basic EPS": NaN,
        "Diluted NI Availto Com Stockholders": -7112000.0,
        "Net Income Common Stockholders": -7112000.0,
        "Net Income": -7112000.0,
        "Net Income Including Noncontrolling Interests": -7112000.0,
        "Net Income Continuous Operations": -7112000.0,
        "Tax Provision": -1764000.0,
        "Pretax Income": -8876000.0,
        "Other Income Expense": -539000.0,
        "Other Non Operating Income Expenses": -283000.0,
        "Special Income Charges": -256000.0,
        "Restructuring And Mergern Acquisition": 256000.0,
        "Net Non Operating Interest Income Expense": -9396000.0,
        "Interest Expense Non Operating": 9396000.0,
        "Operating Income": 1059000.0,
        "Operating Expense": 108377000.0,
        "Depreciation Amortization Depletion Income Statement": 14671000.0,
        "Depreciation And Amortization In Income Statement": 14671000.0,
        "Selling General And Administration": 93706000.0,
        "General And Administrative Expense": 93706000.0,
        "Other Gand A": 93706000.0,
        "Gross Profit": 109436000.0,
        "Cost Of Revenue": 216044000.0,
        "Total Revenue": 325480000.0,
        "Operating Revenue": 325480000.0
    },
    "2025-03-31": {
        "Tax Effect Of Unusual Items": 0.0,
        "Tax Rate For Calcs": 0.21,
        "Normalized EBITDA": 15359000.0,
        "Total Unusual Items": 0.0,
        "Total Unusual Items Excluding Goodwill": 0.0,
        "Net Income From Continuing Operation Net Minority Interest": 709000.0,
        "Reconciled Depreciation": 13756000.0,
        "Reconciled Cost Of Revenue": 223179000.0,
        "EBITDA": 15359000.0,
        "EBIT": 1603000.0,
        "Net Interest Income": -3073000.0,
        "Interest Expense": 3073000.0,
        "Normalized Income": 709000.0,
        "Net Income From Continuing And Discontinued Operation": 709000.0,
        "Total Expenses": 331366000.0,
        "Total Operating Income As Reported": 1604000.0,
        "Diluted Average Shares": 390666000.0,
        "Basic Average Shares": 383272000.0,
        "Diluted EPS": 0.0,
        "Basic EPS": 0.0,
        "Diluted NI Availto Com Stockholders": 709000.0,
        "Net Income Common Stockholders": 709000.0,
        "Net Income": 709000.0,
        "Net Income Including Noncontrolling Interests": 709000.0,
        "Net Income Continuous Operations": 709000.0,
        "Tax Provision": -2179000.0,
        "Pretax Income": -1470000.0,
        "Other Income Expense": -1000.0,
        "Other Non Operating Income Expenses": -1000.0,
        "Special Income Charges": 0.0,
        "Restructuring And Mergern Acquisition": 0.0,
        "Net Non Operating Interest Income Expense": -3073000.0,
        "Interest Expense Non Operating": 3073000.0,
        "Operating Income": 1604000.0,
        "Operating Expense": 108187000.0,
        "Depreciation Amortization Depletion Income Statement": 13756000.0,
        "Depreciation And Amortization In Income Statement": 13756000.0,
        "Selling General And Administration": 94431000.0,
        "General And Administrative Expense": 94431000.0,
        "Other Gand A": 94431000.0,
        "Gross Profit": 109791000.0,
        "Cost Of Revenue": 223179000.0,
        "Total Revenue": 332970000.0,
        "Operating Revenue": 332970000.0
    },
    "2025-06-30": {
        "Tax Effect Of Unusual Items": 0.0,
        "Tax Rate For Calcs": 0.362,
        "Normalized EBITDA": 10964000.0,
        "Total Unusual Items": 0.0,
        "Total Unusual Items Excluding Goodwill": 0.0,
        "Net Income From Continuing Operation Net Minority Interest": -3791000.0,
        "Reconciled Depreciation": 14006000.0,
        "Reconciled Cost Of Revenue": 236880000.0,
        "EBITDA": 10964000.0,
        "EBIT": -3042000.0,
        "Net Interest Income": -2900000.0,
        "Interest Expense": 2900000.0,
        "Normalized Income": -3791000.0,
        "Net Income From Continuing And Discontinued Operation": -3791000.0,
        "Total Expenses": 348261000.0,
        "Total Operating Income As Reported": -2950000.0,
        "Diluted Average Shares": 386733000.0,
        "Basic Average Shares": 386733000.0,
        "Diluted EPS": -0.01,
        "Basic EPS": -0.01,
        "Diluted NI Availto Com Stockholders": -3791000.0,
        "Net Income Common Stockholders": -3791000.0,
        "Net Income": -3791000.0,
        "Net Income Including Noncontrolling Interests": -3791000.0,
        "Net Income Continuous Operations": -3791000.0,
        "Tax Provision": -2151000.0,
        "Pretax Income": -5942000.0,
        "Other Income Expense": -92000.0,
        "Other Non Operating Income Expenses": -92000.0,
        "Special Income Charges": 0.0,
        "Restructuring And Mergern Acquisition": 0.0,
        "Net Non Operating Interest Income Expense": -2900000.0,
        "Interest Expense Non Operating": 2900000.0,
        "Operating Income": -2950000.0,
        "Operating Expense": 111381000.0,
        "Depreciation Amortization Depletion Income Statement": 14006000.0,
        "Depreciation And Amortization In Income Statement": 14006000.0,
        "Selling General And Administration": 97375000.0,
        "General And Administrative Expense": 97375000.0,
        "Other Gand A": 97375000.0,
        "Gross Profit": 108431000.0,
        "Cost Of Revenue": 236880000.0,
        "Total Revenue": 345311000.0,
        "Operating Revenue": 345311000.0
    }
}