{
    "2023-03-31": {
        "Tax Effect Of Unusual Items": -32375.0,
        "Tax Rate For Calcs": 0.185,
        "Normalized EBITDA": 153206000.0,
        "Total Unusual Items": -175000.0,
        "Total Unusual Items Excluding Goodwill": -175000.0,
        "Net Income From Continuing Operation Net Minority Interest": 88745000.0,
        "Reconciled Depreciation": 34482000.0,
        "Reconciled Cost Of Revenue": 347209000.0,
        "EBITDA": 153031000.0,
        "EBIT": 118549000.0,
        "Net Interest Income": -9646000.0,
        "Interest Expense": 9646000.0,
        "Normalized Income": 88887625.0,
        "Net Income From Continuing And Discontinued Operation": 88745000.0,
        "Total Expenses": 497291000.0,
        "Total Operating Income As Reported": 110641000.0,
        "Diluted Average Shares": 25062000.0,
        "Basic Average Shares": 24782000.0,
        "Diluted EPS": 3.54,
        "Basic EPS": 3.58,
        "Diluted NI Availto Com Stockholders": 88745000.0,
        "Net Income Common Stockholders": 88745000.0,
        "Net Income": 88745000.0,
        "Net Income Including Noncontrolling Interests": 88745000.0,
        "Net Income Continuous Operations": 88745000.0,
        "Tax Provision": 20158000.0,
        "Pretax Income": 108903000.0,
        "Other Income Expense": 6058000.0,
        "Other Non Operating Income Expenses": 6233000.0,
        "Special Income Charges": -1850000.0,
        "Impairment Of Capital Assets": NaN,
        "Restructuring And Mergern Acquisition": 1850000.0,
        "Gain On Sale Of Security": 1675000.0,
        "Net Non Operating Interest Income Expense": -9646000.0,
        "Interest Expense Non Operating": 9646000.0,
        "Operating Income": 112491000.0,
        "Operating Expense": 132466000.0,
        "Depreciation Amortization Depletion Income Statement": 16866000.0,
        "Depreciation And Amortization In Income Statement": 16866000.0,
        "Amortization": 16866000.0,
        "Amortization Of Intangibles Income Statement": 16866000.0,
        "Research And Development": 27290000.0,
        "Selling General And Administration": 88310000.0,
        "Gross Profit": 244957000.0,
        "Cost Of Revenue": 364825000.0,
        "Total Revenue": 609782000.0,
        "Operating Revenue": 609782000.0
    },
    "2022-12-31": {
        "Tax Effect Of Unusual Items": 968261.572259,
        "Tax Rate For Calcs": 0.09702,
        "Normalized EBITDA": 134993000.0,
        "Total Unusual Items": 9980000.0,
        "Total Unusual Items Excluding Goodwill": 9980000.0,
        "Net Income From Continuing Operation Net Minority Interest": 93304000.0,
        "Reconciled Depreciation": 32497000.0,
        "Reconciled Cost Of Revenue": 368041000.0,
        "EBITDA": 144973000.0,
        "EBIT": 112476000.0,
        "Net Interest Income": -9147000.0,
        "Interest Expense": 9147000.0,
        "Normalized Income": 84292261.572259,
        "Net Income From Continuing And Discontinued Operation": 93304000.0,
        "Total Expenses": 513337000.0,
        "Total Operating Income As Reported": 94202000.0,
        "Diluted Average Shares": 24978000.0,
        "Basic Average Shares": 24758000.0,
        "Diluted EPS": 3.74,
        "Basic EPS": 3.77,
        "Diluted NI Availto Com Stockholders": 93304000.0,
        "Net Income Common Stockholders": 93304000.0,
        "Net Income": 93304000.0,
        "Net Income Including Noncontrolling Interests": 93304000.0,
        "Net Income Continuous Operations": 93304000.0,
        "Tax Provision": 10025000.0,
        "Pretax Income": 103329000.0,
        "Other Income Expense": 12562000.0,
        "Other Non Operating Income Expenses": 2582000.0,
        "Special Income Charges": -5712000.0,
        "Impairment Of Capital Assets": NaN,
        "Restructuring And Mergern Acquisition": 2856000.0,
        "Gain On Sale Of Security": 15692000.0,
        "Net Non Operating Interest Income Expense": -9147000.0,
        "Interest Expense Non Operating": 9147000.0,
        "Operating Income": 99914000.0,
        "Operating Expense": 128611000.0,
        "Depreciation Amortization Depletion Income Statement": 15812000.0,
        "Depreciation And Amortization In Income Statement": 15812000.0,
        "Amortization": 15812000.0,
        "Amortization Of Intangibles Income Statement": 15812000.0,
        "Research And Development": 26806000.0,
        "Selling General And Administration": 85993000.0,
        "Gross Profit": 228525000.0,
        "Cost Of Revenue": 384726000.0,
        "Total Revenue": 613251000.0,
        "Operating Revenue": 613251000.0
    },
    "2022-09-30": {
        "Tax Effect Of Unusual Items": -4623256.0,
        "Tax Rate For Calcs": 0.214,
        "Normalized EBITDA": 141548000.0,
        "Total Unusual Items": -21604000.0,
        "Total Unusual Items Excluding Goodwill": -21604000.0,
        "Net Income From Continuing Operation Net Minority Interest": 75468000.0,
        "Reconciled Depreciation": 15567000.0,
        "Reconciled Cost Of Revenue": 402059000.0,
        "EBITDA": 119944000.0,
        "EBIT": 104377000.0,
        "Net Interest Income": -8399000.0,
        "Interest Expense": 8399000.0,
        "Normalized Income": 92448744.0,
        "Net Income From Continuing And Discontinued Operation": 75468000.0,
        "Total Expenses": 533597000.0,
        "Total Operating Income As Reported": 121870000.0,
        "Diluted Average Shares": 24988000.0,
        "Basic Average Shares": 24755000.0,
        "Diluted EPS": 3.02,
        "Basic EPS": 3.05,
        "Diluted NI Availto Com Stockholders": 75468000.0,
        "Net Income Common Stockholders": 75468000.0,
        "Net Income": 75468000.0,
        "Net Income Including Noncontrolling Interests": 75468000.0,
        "Net Income Continuous Operations": 75468000.0,
        "Tax Provision": 20510000.0,
        "Pretax Income": 95978000.0,
        "Other Income Expense": -20906000.0,
        "Other Non Operating Income Expenses": 698000.0,
        "Special Income Charges": -3413000.0,
        "Restructuring And Mergern Acquisition": 3413000.0,
        "Gain On Sale Of Security": -18191000.0,
        "Net Non Operating Interest Income Expense": -8399000.0,
        "Interest Expense Non Operating": 8399000.0,
        "Operating Income": 125283000.0,
        "Operating Expense": 131538000.0,
        "Depreciation Amortization Depletion Income Statement": 15567000.0,
        "Depreciation And Amortization In Income Statement": 15567000.0,
        "Amortization": 15567000.0,
        "Amortization Of Intangibles Income Statement": 15567000.0,
        "Research And Development": 25752000.0,
        "Selling General And Administration": 90219000.0,
        "Gross Profit": 256821000.0,
        "Cost Of Revenue": 402059000.0,
        "Total Revenue": 658880000.0,
        "Operating Revenue": 658880000.0
    },
    "2022-06-30": {
        "Tax Effect Of Unusual Items": -3040148.0,
        "Tax Rate For Calcs": 0.206,
        "Normalized EBITDA": 140330000.0,
        "Total Unusual Items": -14758000.0,
        "Total Unusual Items Excluding Goodwill": -14758000.0,
        "Net Income From Continuing Operation Net Minority Interest": 87016000.0,
        "Reconciled Depreciation": 11592000.0,
        "Reconciled Cost Of Revenue": 355465000.0,
        "EBITDA": 125572000.0,
        "EBIT": 113980000.0,
        "Net Interest Income": -4368000.0,
        "Interest Expense": 4368000.0,
        "Normalized Income": 98733852.0,
        "Net Income From Continuing And Discontinued Operation": 87016000.0,
        "Total Expenses": 483638000.0,
        "Total Operating Income As Reported": 134164000.0,
        "Diluted Average Shares": 24985000.0,
        "Basic Average Shares": 24734000.0,
        "Diluted EPS": 3.48,
        "Basic EPS": 3.52,
        "Diluted NI Availto Com Stockholders": 87016000.0,
        "Net Income Common Stockholders": 87016000.0,
        "Net Income": 87016000.0,
        "Net Income Including Noncontrolling Interests": 87016000.0,
        "Net Income Continuous Operations": 87016000.0,
        "Tax Provision": 22596000.0,
        "Pretax Income": 109612000.0,
        "Other Income Expense": -20818000.0,
        "Other Non Operating Income Expenses": -6060000.0,
        "Special Income Charges": -634000.0,
        "Restructuring And Mergern Acquisition": 634000.0,
        "Gain On Sale Of Security": -14124000.0,
        "Net Non Operating Interest Income Expense": -4368000.0,
        "Interest Expense Non Operating": 4368000.0,
        "Operating Income": 134798000.0,
        "Operating Expense": 128173000.0,
        "Depreciation Amortization Depletion Income Statement": 11592000.0,
        "Depreciation And Amortization In Income Statement": 11592000.0,
        "Amortization": 11592000.0,
        "Amortization Of Intangibles Income Statement": 11592000.0,
        "Research And Development": 23488000.0,
        "Selling General And Administration": 93093000.0,
        "Gross Profit": 262971000.0,
        "Cost Of Revenue": 355465000.0,
        "Total Revenue": 618436000.0,
        "Operating Revenue": 618436000.0
    },
    "2023-06-30": {
        "Tax Effect Of Unusual Items": NaN,
        "Tax Rate For Calcs": NaN,
        "Normalized EBITDA": NaN,
        "Total Unusual Items": NaN,
        "Total Unusual Items Excluding Goodwill": NaN,
        "Net Income From Continuing Operation Net Minority Interest": NaN,
        "Reconciled Depreciation": NaN,
        "Reconciled Cost Of Revenue": NaN,
        "EBITDA": NaN,
        "EBIT": NaN,
        "Net Interest Income": NaN,
        "Interest Expense": NaN,
        "Normalized Income": NaN,
        "Net Income From Continuing And Discontinued Operation": NaN,
        "Total Expenses": NaN,
        "Total Operating Income As Reported": NaN,
        "Diluted Average Shares": NaN,
        "Basic Average Shares": NaN,
        "Diluted EPS": NaN,
        "Basic EPS": NaN,
        "Diluted NI Availto Com Stockholders": NaN,
        "Net Income Common Stockholders": NaN,
        "Net Income": NaN,
        "Net Income Including Noncontrolling Interests": NaN,
        "Net Income Continuous Operations": NaN,
        "Tax Provision": NaN,
        "Pretax Income": NaN,
        "Other Income Expense": NaN,
        "Other Non Operating Income Expenses": NaN,
        "Special Income Charges": NaN,
        "Impairment Of Capital Assets": 3924000.0,
        "Restructuring And Mergern Acquisition": NaN,
        "Gain On Sale Of Security": NaN,
        "Net Non Operating Interest Income Expense": NaN,
        "Interest Expense Non Operating": NaN,
        "Operating Income": NaN,
        "Operating Expense": NaN,
        "Depreciation Amortization Depletion Income Statement": NaN,
        "Depreciation And Amortization In Income Statement": NaN,
        "Amortization": NaN,
        "Amortization Of Intangibles Income Statement": NaN,
        "Research And Development": NaN,
        "Selling General And Administration": NaN,
        "Gross Profit": NaN,
        "Cost Of Revenue": NaN,
        "Total Revenue": NaN,
        "Operating Revenue": NaN
    },
    "2022-03-31": {
        "Diluted EPS": 4.7,
        "Total Revenue": 623,
        "Gross Profit": 259,
        "Operating Income": 151,
        "EBIT": 179,
        "Net Income": 118
    },
    "2021-12-31": {
        "Diluted EPS": 2.07,
        "Total Revenue": 553,
        "Gross Profit": 199,
        "Operating Income": 93,
        "EBIT": 118,
        "Net Income": 52
    },
    "2021-09-30": {
        "Diluted EPS": 3.69,
        "Total Revenue": 540,
        "Gross Profit": 215,
        "Operating Income": 120,
        "EBIT": 145,
        "Net Income": 92
    },
    "2021-06-30": {
        "Diluted EPS": 3.3,
        "Total Revenue": 523,
        "Gross Profit": 197,
        "Operating Income": 96,
        "EBIT": 120,
        "Net Income": 82
    },
    "2021-03-31": {
        "Diluted EPS": 2.32,
        "Total Revenue": 464,
        "Gross Profit": 160,
        "Operating Income": 76,
        "EBIT": 101,
        "Net Income": 58
    },
    "2020-12-31": {
        "Diluted EPS": 2.41,
        "Total Revenue": 401,
        "Gross Profit": 138,
        "Operating Income": 65,
        "EBIT": 89,
        "Net Income": 59
    },
    "2020-09-30": {
        "Diluted EPS": 2.25,
        "Total Revenue": 392,
        "Gross Profit": 139,
        "Operating Income": 65,
        "EBIT": 89,
        "Net Income": 55
    },
    "2020-06-30": {
        "Diluted EPS": -0.37,
        "Total Revenue": 307,
        "Gross Profit": 100,
        "Operating Income": -12,
        "EBIT": 12,
        "Net Income": -9
    },
    "2020-03-31": {
        "Diluted EPS": 1.0,
        "Total Revenue": 346,
        "Gross Profit": 124,
        "Operating Income": 45,
        "EBIT": 69,
        "Net Income": 25
    },
    "2019-12-31": {
        "Diluted EPS": 0.93,
        "Total Revenue": 339,
        "Gross Profit": 118,
        "Operating Income": 32,
        "EBIT": 56,
        "Net Income": 23
    },
    "2019-09-30": {
        "Diluted EPS": 1.44,
        "Total Revenue": 362,
        "Gross Profit": 131,
        "Operating Income": 47,
        "EBIT": 70,
        "Net Income": 36
    },
    "2019-06-30": {
        "Diluted EPS": 1.75,
        "Total Revenue": 398,
        "Gross Profit": 142,
        "Operating Income": 53,
        "EBIT": 75,
        "Net Income": 44
    },
    "2019-03-31": {
        "Diluted EPS": 1.48,
        "Total Revenue": 406,
        "Gross Profit": 155,
        "Operating Income": 61,
        "EBIT": 84,
        "Net Income": 37
    },
    "2018-12-31": {
        "Diluted EPS": 1.3,
        "Total Revenue": 402,
        "Gross Profit": 155,
        "Operating Income": 52,
        "EBIT": 79,
        "Net Income": 33
    },
    "2018-09-30": {
        "Diluted EPS": 2.1,
        "Total Revenue": 439,
        "Gross Profit": 180,
        "Operating Income": 76,
        "EBIT": 102,
        "Net Income": 54
    },
    "2018-06-30": {
        "Diluted EPS": 1.67,
        "Total Revenue": 459,
        "Gross Profit": 169,
        "Operating Income": 60,
        "EBIT": 86,
        "Net Income": 42
    },
    "2018-03-31": {
        "Diluted EPS": 1.45,
        "Total Revenue": 418,
        "Gross Profit": 150,
        "Operating Income": 38,
        "EBIT": 61,
        "Net Income": 36
    },
    "2017-12-31": {
        "Diluted EPS": -0.46,
        "Total Revenue": 305,
        "Gross Profit": 127,
        "Operating Income": 51,
        "EBIT": 67,
        "Net Income": -11
    },
    "2017-09-30": {
        "Diluted EPS": 1.87,
        "Total Revenue": 318,
        "Gross Profit": 134,
        "Operating Income": 59,
        "EBIT": 75,
        "Net Income": 43
    },
    "2017-06-30": {
        "Diluted EPS": 2.11,
        "Total Revenue": 313,
        "Gross Profit": 133,
        "Operating Income": 60,
        "EBIT": 76,
        "Net Income": 49
    },
    "2017-03-31": {
        "Diluted EPS": 1.69,
        "Total Revenue": 285,
        "Gross Profit": 114,
        "Operating Income": 49,
        "EBIT": 64,
        "Net Income": 39
    },
    "2016-12-31": {
        "Diluted EPS": 1.2,
        "Total Revenue": 285,
        "Gross Profit": 114,
        "Operating Income": 41,
        "EBIT": 56,
        "Net Income": 27
    },
    "2016-09-30": {
        "Diluted EPS": 1.35,
        "Total Revenue": 280,
        "Gross Profit": 114,
        "Operating Income": 28,
        "EBIT": 55,
        "Net Income": 31
    },
    "2016-06-30": {
        "Diluted EPS": 1.2,
        "Total Revenue": 272,
        "Gross Profit": 98,
        "Operating Income": 30,
        "EBIT": 44,
        "Net Income": 27
    },
    "2016-03-31": {
        "Diluted EPS": 0.85,
        "Total Revenue": 219,
        "Gross Profit": 87,
        "Operating Income": 32,
        "EBIT": 43,
        "Net Income": 19
    },
    "2015-12-31": {
        "Diluted EPS": 0.92,
        "Total Revenue": 220,
        "Gross Profit": 83,
        "Operating Income": 30,
        "EBIT": 40,
        "Net Income": 21
    },
    "2015-09-30": {
        "Diluted EPS": 0.5,
        "Total Revenue": 216,
        "Gross Profit": 86,
        "Operating Income": 9,
        "EBIT": 19,
        "Net Income": 11
    },
    "2015-06-30": {
        "Diluted EPS": 1.26,
        "Total Revenue": 222,
        "Gross Profit": 85,
        "Operating Income": 36,
        "EBIT": 47,
        "Net Income": 29
    },
    "2015-03-31": {
        "Diluted EPS": 0.88,
        "Total Revenue": 210,
        "Gross Profit": 76,
        "Operating Income": 30,
        "EBIT": 40,
        "Net Income": 20
    },
    "2014-12-31": {
        "Diluted EPS": 0.8,
        "Total Revenue": 207,
        "Gross Profit": 76,
        "Operating Income": 26,
        "EBIT": 37,
        "Net Income": 18
    },
    "2014-09-30": {
        "Diluted EPS": 1.32,
        "Total Revenue": 218,
        "Gross Profit": 87,
        "Operating Income": 40,
        "EBIT": 51,
        "Net Income": 30
    },
    "2014-06-30": {
        "Diluted EPS": 1.08,
        "Total Revenue": 221,
        "Gross Profit": 83,
        "Operating Income": 34,
        "EBIT": 44,
        "Net Income": 25
    },
    "2014-03-31": {
        "Diluted EPS": 1.12,
        "Total Revenue": 207,
        "Gross Profit": 78,
        "Operating Income": 34,
        "EBIT": 44,
        "Net Income": 25
    },
    "2013-12-31": {
        "Diluted EPS": 1.06,
        "Total Revenue": 198,
        "Gross Profit": 77,
        "Operating Income": 33,
        "EBIT": 41,
        "Net Income": 24
    },
    "2013-09-30": {
        "Diluted EPS": 1.19,
        "Total Revenue": 201,
        "Gross Profit": 81,
        "Operating Income": 38,
        "EBIT": 47,
        "Net Income": 27
    },
    "2013-06-30": {
        "Diluted EPS": 1.18,
        "Total Revenue": 188,
        "Gross Profit": 74,
        "Operating Income": 31,
        "EBIT": 40,
        "Net Income": 27
    },
    "2013-03-31": {
        "Diluted EPS": 0.51,
        "Total Revenue": 171,
        "Gross Profit": 65,
        "Operating Income": 28,
        "EBIT": 36,
        "Net Income": 11
    },
    "2012-12-31": {
        "Diluted EPS": 0.53,
        "Total Revenue": 159,
        "Gross Profit": 59,
        "Operating Income": 18,
        "EBIT": 26,
        "Net Income": 12
    },
    "2012-09-30": {
        "Diluted EPS": 1.03,
        "Total Revenue": 173,
        "Gross Profit": 69,
        "Operating Income": 31,
        "EBIT": 39,
        "Net Income": 23
    },
    "2012-06-30": {
        "Diluted EPS": 1.04,
        "Total Revenue": 176,
        "Gross Profit": 70,
        "Operating Income": 32,
        "EBIT": 40,
        "Net Income": 23
    },
    "2012-03-31": {
        "Diluted EPS": 0.8,
        "Total Revenue": 161,
        "Gross Profit": 61,
        "Operating Income": 26,
        "EBIT": 34,
        "Net Income": 18
    },
    "2011-12-31": {
        "Diluted EPS": 0.71,
        "Total Revenue": 147,
        "Gross Profit": 54,
        "Operating Income": 18,
        "EBIT": 27,
        "Net Income": 15
    },
    "2011-09-30": {
        "Diluted EPS": 1.12,
        "Total Revenue": 174,
        "Gross Profit": 68,
        "Operating Income": 30,
        "EBIT": 38,
        "Net Income": 25
    },
    "2011-06-30": {
        "Diluted EPS": 1.11,
        "Total Revenue": 177,
        "Gross Profit": 70,
        "Operating Income": 35,
        "EBIT": 43,
        "Net Income": 25
    },
    "2011-03-31": {
        "Diluted EPS": 0.96,
        "Total Revenue": 167,
        "Gross Profit": 65,
        "Operating Income": 31,
        "EBIT": 39,
        "Net Income": 22
    },
    "2010-12-31": {
        "Diluted EPS": 0.89,
        "Total Revenue": 143,
        "Gross Profit": 54,
        "Operating Income": 24,
        "EBIT": 32,
        "Net Income": 19
    },
    "2010-09-30": {
        "Diluted EPS": 1.04,
        "Total Revenue": 163,
        "Gross Profit": 67,
        "Operating Income": 34,
        "EBIT": 42,
        "Net Income": 23
    },
    "2010-06-30": {
        "Diluted EPS": 0.9,
        "Total Revenue": 158,
        "Gross Profit": 59,
        "Operating Income": 28,
        "EBIT": 36,
        "Net Income": 20
    },
    "2010-03-31": {
        "Diluted EPS": 0.69,
        "Total Revenue": 144,
        "Gross Profit": 53,
        "Operating Income": 22,
        "EBIT": 30,
        "Net Income": 15
    },
    "2009-12-31": {
        "Diluted EPS": 0.54,
        "Total Revenue": 128,
        "Gross Profit": 45,
        "Operating Income": 17,
        "EBIT": 27,
        "Net Income": 12
    },
    "2009-09-30": {
        "Diluted EPS": 0.37,
        "Total Revenue": 116,
        "Gross Profit": 37,
        "Operating Income": 10,
        "EBIT": 19,
        "Net Income": 8
    },
    "2009-06-30": {
        "Diluted EPS": -0.12,
        "Total Revenue": 101,
        "Gross Profit": 25,
        "Operating Income": -3,
        "EBIT": 6,
        "Net Income": -3
    },
    "2009-03-31": {
        "Diluted EPS": -0.36,
        "Total Revenue": 84,
        "Gross Profit": 18,
        "Operating Income": -10,
        "EBIT": -2,
        "Net Income": -8
    },
    "2023-09-30": {
        "Tax Effect Of Unusual Items": NaN,
        "Tax Rate For Calcs": NaN,
        "Normalized EBITDA": NaN,
        "Total Unusual Items": NaN,
        "Total Unusual Items Excluding Goodwill": NaN,
        "Net Income From Continuing Operation Net Minority Interest": NaN,
        "Reconciled Depreciation": NaN,
        "Reconciled Cost Of Revenue": NaN,
        "EBITDA": NaN,
        "EBIT": NaN,
        "Net Interest Income": NaN,
        "Interest Expense": NaN,
        "Normalized Income": NaN,
        "Net Income From Continuing And Discontinued Operation": NaN,
        "Total Expenses": NaN,
        "Total Operating Income As Reported": NaN,
        "Diluted Average Shares": 25143000.0,
        "Basic Average Shares": 24893000.0,
        "Diluted EPS": 2.3,
        "Basic EPS": 2.32,
        "Diluted NI Availto Com Stockholders": NaN,
        "Net Income Common Stockholders": NaN,
        "Net Income": NaN,
        "Net Income Including Noncontrolling Interests": NaN,
        "Net Income Continuous Operations": NaN,
        "Tax Provision": NaN,
        "Pretax Income": NaN,
        "Other Income Expense": NaN,
        "Other Non Operating Income Expenses": NaN,
        "Special Income Charges": NaN,
        "Impairment Of Capital Assets": 818000.0,
        "Restructuring And Mergern Acquisition": NaN,
        "Gain On Sale Of Security": NaN,
        "Net Non Operating Interest Income Expense": NaN,
        "Interest Expense Non Operating": NaN,
        "Operating Income": NaN,
        "Operating Expense": NaN,
        "Depreciation Amortization Depletion Income Statement": NaN,
        "Depreciation And Amortization In Income Statement": NaN,
        "Amortization": NaN,
        "Amortization Of Intangibles Income Statement": NaN,
        "Research And Development": NaN,
        "Selling General And Administration": NaN,
        "Gross Profit": NaN,
        "Cost Of Revenue": NaN,
        "Total Revenue": NaN,
        "Operating Revenue": NaN
    },
    "2023-12-31": {
        "Tax Effect Of Unusual Items": NaN,
        "Tax Rate For Calcs": NaN,
        "Normalized EBITDA": NaN,
        "Total Unusual Items": NaN,
        "Total Unusual Items Excluding Goodwill": NaN,
        "Net Income From Continuing Operation Net Minority Interest": NaN,
        "Reconciled Depreciation": NaN,
        "Reconciled Cost Of Revenue": NaN,
        "EBITDA": NaN,
        "EBIT": NaN,
        "Net Interest Income": NaN,
        "Interest Expense": NaN,
        "Normalized Income": NaN,
        "Net Income From Continuing And Discontinued Operation": NaN,
        "Total Expenses": NaN,
        "Total Operating Income As Reported": NaN,
        "Diluted Average Shares": NaN,
        "Basic Average Shares": NaN,
        "Diluted EPS": NaN,
        "Basic EPS": NaN,
        "Diluted NI Availto Com Stockholders": NaN,
        "Net Income Common Stockholders": NaN,
        "Net Income": NaN,
        "Net Income Including Noncontrolling Interests": NaN,
        "Net Income Continuous Operations": NaN,
        "Tax Provision": NaN,
        "Pretax Income": NaN,
        "Other Income Expense": NaN,
        "Other Non Operating Income Expenses": NaN,
        "Special Income Charges": NaN,
        "Impairment Of Capital Assets": 111000.0,
        "Restructuring And Mergern Acquisition": NaN,
        "Gain On Sale Of Security": NaN,
        "Net Non Operating Interest Income Expense": NaN,
        "Interest Expense Non Operating": NaN,
        "Operating Income": NaN,
        "Operating Expense": NaN,
        "Depreciation Amortization Depletion Income Statement": NaN,
        "Depreciation And Amortization In Income Statement": NaN,
        "Amortization": NaN,
        "Amortization Of Intangibles Income Statement": NaN,
        "Research And Development": NaN,
        "Selling General And Administration": NaN,
        "Gross Profit": NaN,
        "Cost Of Revenue": NaN,
        "Total Revenue": NaN,
        "Operating Revenue": NaN
    },
    "2024-03-31": {
        "Tax Effect Of Unusual Items": 234650.0,
        "Tax Rate For Calcs": 0.13,
        "Normalized EBITDA": 96003000.0,
        "Total Unusual Items": 1805000.0,
        "Total Unusual Items Excluding Goodwill": 1805000.0,
        "Net Income From Continuing Operation Net Minority Interest": 48452000.0,
        "Reconciled Depreciation": 32493000.0,
        "Reconciled Cost Of Revenue": 330909000.0,
        "EBITDA": 97808000.0,
        "EBIT": 65315000.0,
        "Net Interest Income": -9611000.0,
        "Interest Expense": 9611000.0,
        "Normalized Income": 46881650.0,
        "Net Income From Continuing And Discontinued Operation": 48452000.0,
        "Total Expenses": 477196000.0,
        "Total Operating Income As Reported": 54952000.0,
        "Diluted Average Shares": 25124000.0,
        "Basic Average Shares": 24911000.0,
        "Diluted EPS": 1.93,
        "Basic EPS": 1.95,
        "Diluted NI Availto Com Stockholders": 48452000.0,
        "Net Income Common Stockholders": 48452000.0,
        "Net Income": 48452000.0,
        "Net Income Including Noncontrolling Interests": 48452000.0,
        "Net Income Continuous Operations": 48452000.0,
        "Tax Provision": 7252000.0,
        "Pretax Income": 55704000.0,
        "Other Income Expense": 7126000.0,
        "Other Non Operating Income Expenses": 5321000.0,
        "Special Income Charges": -3237000.0,
        "Impairment Of Capital Assets": NaN,
        "Restructuring And Mergern Acquisition": 3237000.0,
        "Gain On Sale Of Security": 5042000.0,
        "Net Non Operating Interest Income Expense": -9611000.0,
        "Interest Expense Non Operating": 9611000.0,
        "Operating Income": 58189000.0,
        "Operating Expense": 129619000.0,
        "Depreciation Amortization Depletion Income Statement": 15825000.0,
        "Depreciation And Amortization In Income Statement": 15825000.0,
        "Amortization": 15825000.0,
        "Amortization Of Intangibles Income Statement": 15825000.0,
        "Research And Development": 27667000.0,
        "Selling General And Administration": 86127000.0,
        "Gross Profit": 187808000.0,
        "Cost Of Revenue": 347577000.0,
        "Total Revenue": 535385000.0,
        "Operating Revenue": 535385000.0
    },
    "2024-06-30": {
        "Tax Effect Of Unusual Items": -1265901.576606,
        "Tax Rate For Calcs": 0.256411,
        "Normalized EBITDA": 108836000.0,
        "Total Unusual Items": -4937000.0,
        "Total Unusual Items Excluding Goodwill": -4937000.0,
        "Net Income From Continuing Operation Net Minority Interest": 45466000.0,
        "Reconciled Depreciation": 32780000.0,
        "Reconciled Cost Of Revenue": 334434000.0,
        "EBITDA": 103899000.0,
        "EBIT": 71119000.0,
        "Net Interest Income": -9975000.0,
        "Interest Expense": 9975000.0,
        "Normalized Income": 49137098.423394,
        "Net Income From Continuing And Discontinued Operation": 45466000.0,
        "Total Expenses": 487731000.0,
        "Total Operating Income As Reported": 65506000.0,
        "Diluted Average Shares": 25030000.0,
        "Basic Average Shares": 24822000.0,
        "Diluted EPS": 1.82,
        "Basic EPS": 1.83,
        "Diluted NI Availto Com Stockholders": 45466000.0,
        "Net Income Common Stockholders": 45466000.0,
        "Net Income": 45466000.0,
        "Net Income Including Noncontrolling Interests": 45466000.0,
        "Net Income Continuous Operations": 45466000.0,
        "Tax Provision": 15678000.0,
        "Pretax Income": 61144000.0,
        "Other Income Expense": 361000.0,
        "Other Non Operating Income Expenses": 5298000.0,
        "Special Income Charges": -5252000.0,
        "Impairment Of Capital Assets": 0.0,
        "Restructuring And Mergern Acquisition": 5252000.0,
        "Gain On Sale Of Security": 315000.0,
        "Net Non Operating Interest Income Expense": -9975000.0,
        "Interest Expense Non Operating": 9975000.0,
        "Operating Income": 70758000.0,
        "Operating Expense": 136246000.0,
        "Depreciation Amortization Depletion Income Statement": 15729000.0,
        "Depreciation And Amortization In Income Statement": 15729000.0,
        "Amortization": 15729000.0,
        "Amortization Of Intangibles Income Statement": 15729000.0,
        "Research And Development": 27146000.0,
        "Selling General And Administration": 93371000.0,
        "Gross Profit": 207004000.0,
        "Cost Of Revenue": 351485000.0,
        "Total Revenue": 558489000.0,
        "Operating Revenue": 558489000.0
    },
    "2024-09-30": {
        "Tax Effect Of Unusual Items": -2901910.0,
        "Tax Rate For Calcs": 0.253,
        "Normalized EBITDA": 132128000.0,
        "Total Unusual Items": -11470000.0,
        "Total Unusual Items Excluding Goodwill": -11470000.0,
        "Net Income From Continuing Operation Net Minority Interest": 58058000.0,
        "Reconciled Depreciation": 33170000.0,
        "Reconciled Cost Of Revenue": 334192000.0,
        "EBITDA": 120658000.0,
        "EBIT": 87488000.0,
        "Net Interest Income": -9772000.0,
        "Interest Expense": 9772000.0,
        "Normalized Income": 66626090.0,
        "Net Income From Continuing And Discontinued Operation": 58058000.0,
        "Total Expenses": 477729000.0,
        "Total Operating Income As Reported": 87821000.0,
        "Diluted Average Shares": 25025000.0,
        "Basic Average Shares": 24796000.0,
        "Diluted EPS": 2.32,
        "Basic EPS": 2.34,
        "Diluted NI Availto Com Stockholders": 58058000.0,
        "Net Income Common Stockholders": 58058000.0,
        "Net Income": 58058000.0,
        "Net Income Including Noncontrolling Interests": 58058000.0,
        "Net Income Continuous Operations": 58058000.0,
        "Tax Provision": 19658000.0,
        "Pretax Income": 77716000.0,
        "Other Income Expense": -2173000.0,
        "Other Non Operating Income Expenses": 9297000.0,
        "Special Income Charges": -1840000.0,
        "Impairment Of Capital Assets": 0.0,
        "Restructuring And Mergern Acquisition": 1840000.0,
        "Gain On Sale Of Security": -9630000.0,
        "Net Non Operating Interest Income Expense": -9772000.0,
        "Interest Expense Non Operating": 9772000.0,
        "Operating Income": 89661000.0,
        "Operating Expense": 126231000.0,
        "Depreciation Amortization Depletion Income Statement": 15864000.0,
        "Depreciation And Amortization In Income Statement": 15864000.0,
        "Amortization": 15864000.0,
        "Amortization Of Intangibles Income Statement": 15864000.0,
        "Research And Development": 26470000.0,
        "Selling General And Administration": 83897000.0,
        "Gross Profit": 215892000.0,
        "Cost Of Revenue": 351498000.0,
        "Total Revenue": 567390000.0,
        "Operating Revenue": 567390000.0
    },
    "2024-12-31": {
        "Tax Effect Of Unusual Items": -17767890.0,
        "Tax Rate For Calcs": 0.21,
        "Normalized EBITDA": 83276000.0,
        "Total Unusual Items": -84609000.0,
        "Total Unusual Items Excluding Goodwill": -84609000.0,
        "Net Income From Continuing Operation Net Minority Interest": -51786000.0,
        "Reconciled Depreciation": 32009000.0,
        "Reconciled Cost Of Revenue": 335367000.0,
        "EBITDA": -1333000.0,
        "EBIT": -33342000.0,
        "Net Interest Income": -9359000.0,
        "Interest Expense": 9359000.0,
        "Normalized Income": 15055110.0,
        "Net Income From Continuing And Discontinued Operation": -51786000.0,
        "Total Expenses": 480892000.0,
        "Total Operating Income As Reported": -49499000.0,
        "Diluted Average Shares": 24818000.0,
        "Basic Average Shares": 24818000.0,
        "Diluted EPS": -1.57,
        "Basic EPS": -1.57,
        "Diluted NI Availto Com Stockholders": -51786000.0,
        "Net Income Common Stockholders": -51786000.0,
        "Net Income": -51786000.0,
        "Net Income Including Noncontrolling Interests": -51786000.0,
        "Net Income Continuous Operations": -51786000.0,
        "Tax Provision": 9085000.0,
        "Pretax Income": -42701000.0,
        "Other Income Expense": -81955000.0,
        "Other Non Operating Income Expenses": 2654000.0,
        "Special Income Charges": -98112000.0,
        "Impairment Of Capital Assets": 92582000.0,
        "Restructuring And Mergern Acquisition": 5530000.0,
        "Gain On Sale Of Security": 13503000.0,
        "Net Non Operating Interest Income Expense": -9359000.0,
        "Interest Expense Non Operating": 9359000.0,
        "Operating Income": 48613000.0,
        "Operating Expense": 128225000.0,
        "Depreciation Amortization Depletion Income Statement": 14709000.0,
        "Depreciation And Amortization In Income Statement": 14709000.0,
        "Amortization": 14709000.0,
        "Amortization Of Intangibles Income Statement": 14709000.0,
        "Research And Development": 26490000.0,
        "Selling General And Administration": 87026000.0,
        "Gross Profit": 176838000.0,
        "Cost Of Revenue": 352667000.0,
        "Total Revenue": 529505000.0,
        "Operating Revenue": 529505000.0
    },
    "2025-03-31": {
        "Tax Effect Of Unusual Items": -3784326.0,
        "Tax Rate For Calcs": 0.273,
        "Normalized EBITDA": 115445000.0,
        "Total Unusual Items": -13862000.0,
        "Total Unusual Items Excluding Goodwill": -13862000.0,
        "Net Income From Continuing Operation Net Minority Interest": 43571000.0,
        "Reconciled Depreciation": 32761000.0,
        "Reconciled Cost Of Revenue": 328621000.0,
        "EBITDA": 101583000.0,
        "EBIT": 68822000.0,
        "Net Interest Income": -8875000.0,
        "Interest Expense": 8875000.0,
        "Normalized Income": 53648674.0,
        "Net Income From Continuing And Discontinued Operation": 43571000.0,
        "Total Expenses": 475138000.0,
        "Total Operating Income As Reported": 70150000.0,
        "Diluted Average Shares": 24963000.0,
        "Basic Average Shares": 24767000.0,
        "Diluted EPS": 1.75,
        "Basic EPS": 1.76,
        "Diluted NI Availto Com Stockholders": 43571000.0,
        "Net Income Common Stockholders": 43571000.0,
        "Net Income": 43571000.0,
        "Net Income Including Noncontrolling Interests": 43571000.0,
        "Net Income Continuous Operations": 43571000.0,
        "Tax Provision": 16376000.0,
        "Pretax Income": 59947000.0,
        "Other Income Expense": -10347000.0,
        "Other Non Operating Income Expenses": 3515000.0,
        "Special Income Charges": -9019000.0,
        "Impairment Of Capital Assets": 136000.0,
        "Restructuring And Mergern Acquisition": 8883000.0,
        "Gain On Sale Of Security": -4843000.0,
        "Net Non Operating Interest Income Expense": -8875000.0,
        "Interest Expense Non Operating": 8875000.0,
        "Operating Income": 79169000.0,
        "Operating Expense": 128087000.0,
        "Depreciation Amortization Depletion Income Statement": 14331000.0,
        "Depreciation And Amortization In Income Statement": 14331000.0,
        "Amortization": 14331000.0,
        "Amortization Of Intangibles Income Statement": 14331000.0,
        "Research And Development": 26048000.0,
        "Selling General And Administration": 87708000.0,
        "Gross Profit": 207256000.0,
        "Cost Of Revenue": 347051000.0,
        "Total Revenue": 554307000.0,
        "Operating Revenue": 554307000.0
    },
    "2025-06-30": {
        "Tax Effect Of Unusual Items": -3456873.296341,
        "Tax Rate For Calcs": 0.266858,
        "Normalized EBITDA": 133963000.0,
        "Total Unusual Items": -12954000.0,
        "Total Unusual Items Excluding Goodwill": -12954000.0,
        "Net Income From Continuing Operation Net Minority Interest": 57342000.0,
        "Reconciled Depreciation": 34227000.0,
        "Reconciled Cost Of Revenue": 361984000.0,
        "EBITDA": 121009000.0,
        "EBIT": 86782000.0,
        "Net Interest Income": -8568000.0,
        "Interest Expense": 8568000.0,
        "Normalized Income": 66839126.703659,
        "Net Income From Continuing And Discontinued Operation": 57342000.0,
        "Total Expenses": 518129000.0,
        "Total Operating Income As Reported": 92778000.0,
        "Diluted Average Shares": 24905000.0,
        "Basic Average Shares": 24755000.0,
        "Diluted EPS": 2.3,
        "Basic EPS": 2.32,
        "Diluted NI Availto Com Stockholders": 57342000.0,
        "Net Income Common Stockholders": 57342000.0,
        "Net Income": 57342000.0,
        "Net Income Including Noncontrolling Interests": 57342000.0,
        "Net Income Continuous Operations": 57342000.0,
        "Tax Provision": 20872000.0,
        "Pretax Income": 78214000.0,
        "Other Income Expense": -8502000.0,
        "Other Non Operating Income Expenses": 4452000.0,
        "Special Income Charges": -2506000.0,
        "Impairment Of Capital Assets": 0.0,
        "Restructuring And Mergern Acquisition": 2506000.0,
        "Gain On Sale Of Security": -10448000.0,
        "Net Non Operating Interest Income Expense": -8568000.0,
        "Interest Expense Non Operating": 8568000.0,
        "Operating Income": 95284000.0,
        "Operating Expense": 136770000.0,
        "Depreciation Amortization Depletion Income Statement": 14852000.0,
        "Depreciation And Amortization In Income Statement": 14852000.0,
        "Amortization": 14852000.0,
        "Amortization Of Intangibles Income Statement": 14852000.0,
        "Research And Development": 26401000.0,
        "Selling General And Administration": 95517000.0,
        "Gross Profit": 232054000.0,
        "Cost Of Revenue": 381359000.0,
        "Total Revenue": 613413000.0,
        "Operating Revenue": 613413000.0
    }
}