{
    "2023-03-31": {
        "Tax Effect Of Unusual Items": NaN,
        "Tax Rate For Calcs": NaN,
        "Normalized EBITDA": NaN,
        "Net Income From Continuing Operation Net Minority Interest": NaN,
        "Reconciled Depreciation": NaN,
        "Reconciled Cost Of Revenue": NaN,
        "EBITDA": NaN,
        "EBIT": NaN,
        "Net Interest Income": NaN,
        "Interest Income": NaN,
        "Normalized Income": NaN,
        "Net Income From Continuing And Discontinued Operation": NaN,
        "Total Expenses": NaN,
        "Total Operating Income As Reported": NaN,
        "Diluted Average Shares": NaN,
        "Basic Average Shares": NaN,
        "Diluted EPS": NaN,
        "Basic EPS": NaN,
        "Diluted NI Availto Com Stockholders": NaN,
        "Net Income Common Stockholders": NaN,
        "Net Income": NaN,
        "Net Income Including Noncontrolling Interests": NaN,
        "Net Income Continuous Operations": NaN,
        "Tax Provision": NaN,
        "Pretax Income": NaN,
        "Other Income Expense": NaN,
        "Other Non Operating Income Expenses": NaN,
        "Net Non Operating Interest Income Expense": NaN,
        "Total Other Finance Cost": -59000.0,
        "Interest Income Non Operating": NaN,
        "Operating Income": NaN,
        "Operating Expense": NaN,
        "Selling General And Administration": NaN,
        "Selling And Marketing Expense": NaN,
        "General And Administrative Expense": NaN,
        "Other Gand A": NaN,
        "Gross Profit": NaN,
        "Cost Of Revenue": NaN,
        "Total Revenue": NaN,
        "Operating Revenue": NaN
    },
    "2022-12-31": {
        "Tax Effect Of Unusual Items": NaN,
        "Tax Rate For Calcs": NaN,
        "Normalized EBITDA": NaN,
        "Net Income From Continuing Operation Net Minority Interest": NaN,
        "Reconciled Depreciation": NaN,
        "Reconciled Cost Of Revenue": NaN,
        "EBITDA": NaN,
        "EBIT": NaN,
        "Net Interest Income": NaN,
        "Interest Income": NaN,
        "Normalized Income": NaN,
        "Net Income From Continuing And Discontinued Operation": NaN,
        "Total Expenses": NaN,
        "Total Operating Income As Reported": NaN,
        "Diluted Average Shares": NaN,
        "Basic Average Shares": NaN,
        "Diluted EPS": NaN,
        "Basic EPS": NaN,
        "Diluted NI Availto Com Stockholders": NaN,
        "Net Income Common Stockholders": NaN,
        "Net Income": NaN,
        "Net Income Including Noncontrolling Interests": NaN,
        "Net Income Continuous Operations": NaN,
        "Tax Provision": NaN,
        "Pretax Income": NaN,
        "Other Income Expense": NaN,
        "Other Non Operating Income Expenses": NaN,
        "Net Non Operating Interest Income Expense": NaN,
        "Total Other Finance Cost": -32000.0,
        "Interest Income Non Operating": NaN,
        "Operating Income": NaN,
        "Operating Expense": NaN,
        "Selling General And Administration": NaN,
        "Selling And Marketing Expense": NaN,
        "General And Administrative Expense": NaN,
        "Other Gand A": NaN,
        "Gross Profit": NaN,
        "Cost Of Revenue": NaN,
        "Total Revenue": NaN,
        "Operating Revenue": NaN
    },
    "2022-09-30": {
        "Tax Effect Of Unusual Items": NaN,
        "Tax Rate For Calcs": NaN,
        "Normalized EBITDA": NaN,
        "Net Income From Continuing Operation Net Minority Interest": NaN,
        "Reconciled Depreciation": NaN,
        "Reconciled Cost Of Revenue": NaN,
        "EBITDA": NaN,
        "EBIT": NaN,
        "Net Interest Income": NaN,
        "Interest Expense": 0.0,
        "Interest Income": NaN,
        "Normalized Income": NaN,
        "Net Income From Continuing And Discontinued Operation": NaN,
        "Total Expenses": NaN,
        "Total Operating Income As Reported": NaN,
        "Diluted Average Shares": NaN,
        "Basic Average Shares": NaN,
        "Diluted EPS": NaN,
        "Basic EPS": NaN,
        "Diluted NI Availto Com Stockholders": NaN,
        "Net Income Common Stockholders": NaN,
        "Net Income": NaN,
        "Net Income Including Noncontrolling Interests": NaN,
        "Net Income Continuous Operations": NaN,
        "Tax Provision": NaN,
        "Pretax Income": NaN,
        "Other Income Expense": NaN,
        "Other Non Operating Income Expenses": NaN,
        "Net Non Operating Interest Income Expense": NaN,
        "Total Other Finance Cost": NaN,
        "Interest Expense Non Operating": 0.0,
        "Interest Income Non Operating": NaN,
        "Operating Income": NaN,
        "Operating Expense": NaN,
        "Selling General And Administration": NaN,
        "Selling And Marketing Expense": NaN,
        "General And Administrative Expense": NaN,
        "Other Gand A": NaN,
        "Gross Profit": NaN,
        "Cost Of Revenue": NaN,
        "Total Revenue": NaN,
        "Operating Revenue": NaN
    },
    "2022-06-30": {
        "Tax Effect Of Unusual Items": -882000.0,
        "Tax Rate For Calcs": 0.4,
        "Normalized EBITDA": 1212000.0,
        "Total Unusual Items": -2205000.0,
        "Total Unusual Items Excluding Goodwill": -2205000.0,
        "Net Income From Continuing Operation Net Minority Interest": -1416000.0,
        "Reconciled Depreciation": 1376000.0,
        "Reconciled Cost Of Revenue": 9332000.0,
        "EBITDA": -993000.0,
        "EBIT": -993000.0,
        "Net Interest Income": 0.0,
        "Interest Expense": 0.0,
        "Interest Income": NaN,
        "Normalized Income": -93000.0,
        "Net Income From Continuing And Discontinued Operation": -1416000.0,
        "Total Expenses": 49447000.0,
        "Total Operating Income As Reported": 1496000.0,
        "Diluted Average Shares": 12340000.0,
        "Basic Average Shares": 11761000.0,
        "Diluted EPS": -0.11,
        "Basic EPS": -0.11,
        "Diluted NI Availto Com Stockholders": -1416000.0,
        "Net Income Common Stockholders": -1416000.0,
        "Net Income": -1416000.0,
        "Net Income Including Noncontrolling Interests": -1416000.0,
        "Net Income Continuous Operations": -1416000.0,
        "Tax Provision": 423000.0,
        "Pretax Income": -993000.0,
        "Other Income Expense": -2489000.0,
        "Other Non Operating Income Expenses": -284000.0,
        "Special Income Charges": -2205000.0,
        "Write Off": 2205000.0,
        "Net Non Operating Interest Income Expense": 0.0,
        "Total Other Finance Cost": NaN,
        "Interest Expense Non Operating": 0.0,
        "Interest Income Non Operating": NaN,
        "Operating Income": 1496000.0,
        "Operating Expense": 40115000.0,
        "Selling General And Administration": 40115000.0,
        "Selling And Marketing Expense": 24502000.0,
        "General And Administrative Expense": 15613000.0,
        "Other Gand A": 15613000.0,
        "Gross Profit": 41611000.0,
        "Cost Of Revenue": 9332000.0,
        "Total Revenue": 50943000.0,
        "Operating Revenue": 50943000.0
    },
    "2022-03-31": {
        "Diluted EPS": 0.09,
        "Total Revenue": 50,
        "Gross Profit": 40,
        "Operating Income": 2,
        "EBIT": 3,
        "Net Income": 1
    },
    "2021-12-31": {
        "Diluted EPS": 0.01,
        "Total Revenue": 52,
        "Gross Profit": 43,
        "Operating Income": 0,
        "EBIT": 1,
        "Net Income": 0
    },
    "2021-09-30": {
        "Diluted EPS": 0.25,
        "Total Revenue": 53,
        "Gross Profit": 44,
        "Operating Income": 5,
        "EBIT": 6,
        "Net Income": 3
    },
    "2021-06-30": {
        "Diluted EPS": 0.35,
        "Total Revenue": 55,
        "Gross Profit": 45,
        "Operating Income": 7,
        "EBIT": 8,
        "Net Income": 5
    },
    "2021-03-31": {
        "Diluted EPS": 0.12,
        "Total Revenue": 52,
        "Gross Profit": 43,
        "Operating Income": 2,
        "EBIT": 3,
        "Net Income": 2
    },
    "2020-12-31": {
        "Diluted EPS": 0.26,
        "Total Revenue": 59,
        "Gross Profit": 49,
        "Operating Income": 5,
        "EBIT": 7,
        "Net Income": 4
    },
    "2020-09-30": {
        "Diluted EPS": 0.17,
        "Total Revenue": 55,
        "Gross Profit": 45,
        "Operating Income": 3,
        "EBIT": 6,
        "Net Income": 2
    },
    "2020-06-30": {
        "Diluted EPS": 0.26,
        "Total Revenue": 59,
        "Gross Profit": 50,
        "Operating Income": 6,
        "EBIT": 8,
        "Net Income": 4
    },
    "2020-03-31": {
        "Diluted EPS": 0.11,
        "Total Revenue": 56,
        "Gross Profit": 47,
        "Operating Income": 3,
        "EBIT": 4,
        "Net Income": 2
    },
    "2019-12-31": {
        "Diluted EPS": 0.3,
        "Total Revenue": 61,
        "Gross Profit": 51,
        "Operating Income": 4,
        "EBIT": 5,
        "Net Income": 4
    },
    "2019-09-30": {
        "Diluted EPS": 0.12,
        "Total Revenue": 56,
        "Gross Profit": 47,
        "Operating Income": 3,
        "EBIT": 4,
        "Net Income": 2
    },
    "2019-06-30": {
        "Diluted EPS": 0.26,
        "Total Revenue": 56,
        "Gross Profit": 46,
        "Operating Income": 6,
        "EBIT": 6,
        "Net Income": 4
    },
    "2019-03-31": {
        "Diluted EPS": 0.12,
        "Total Revenue": 56,
        "Gross Profit": 47,
        "Operating Income": 2,
        "EBIT": 3,
        "Net Income": 2
    },
    "2018-12-31": {
        "Diluted EPS": 0.06,
        "Total Revenue": 58,
        "Gross Profit": 48,
        "Operating Income": 1,
        "EBIT": 1,
        "Net Income": 1
    },
    "2018-09-30": {
        "Diluted EPS": 0.06,
        "Total Revenue": 56,
        "Gross Profit": 46,
        "Operating Income": 1,
        "EBIT": 2,
        "Net Income": 1
    },
    "2018-06-30": {
        "Diluted EPS": 0.21,
        "Total Revenue": 54,
        "Gross Profit": 46,
        "Operating Income": 4,
        "EBIT": 5,
        "Net Income": 3
    },
    "2018-03-31": {
        "Diluted EPS": 0.12,
        "Total Revenue": 51,
        "Gross Profit": 42,
        "Operating Income": 2,
        "EBIT": 3,
        "Net Income": 2
    },
    "2017-12-31": {
        "Diluted EPS": 0.02,
        "Total Revenue": 49,
        "Gross Profit": 40,
        "Operating Income": 2,
        "EBIT": 3,
        "Net Income": 0
    },
    "2017-09-30": {
        "Diluted EPS": 0.06,
        "Total Revenue": 49,
        "Gross Profit": 40,
        "Operating Income": 1,
        "EBIT": 2,
        "Net Income": 1
    },
    "2017-06-30": {
        "Diluted EPS": 0.01,
        "Total Revenue": 51,
        "Gross Profit": 42,
        "Operating Income": 2,
        "EBIT": 2,
        "Net Income": 0
    },
    "2017-03-31": {
        "Diluted EPS": 0.0,
        "Total Revenue": 45,
        "Gross Profit": 37,
        "Operating Income": 0,
        "EBIT": 1,
        "Net Income": 0
    },
    "2016-12-31": {
        "Diluted EPS": 0.02,
        "Total Revenue": 49,
        "Gross Profit": 41,
        "Operating Income": 1,
        "EBIT": 1,
        "Net Income": 0
    },
    "2016-09-30": {
        "Diluted EPS": 0.08,
        "Total Revenue": 55,
        "Gross Profit": 46,
        "Operating Income": 2,
        "EBIT": 2,
        "Net Income": 1
    },
    "2016-06-30": {
        "Diluted EPS": 0.16,
        "Total Revenue": 53,
        "Gross Profit": 44,
        "Operating Income": 4,
        "EBIT": 5,
        "Net Income": 2
    },
    "2016-03-31": {
        "Diluted EPS": 0.07,
        "Total Revenue": 56,
        "Gross Profit": 46,
        "Operating Income": 4,
        "EBIT": 4,
        "Net Income": 1
    },
    "2015-12-31": {
        "Diluted EPS": 0.11,
        "Total Revenue": 52,
        "Gross Profit": 44,
        "Operating Income": 3,
        "EBIT": 4,
        "Net Income": 2
    },
    "2015-09-30": {
        "Diluted EPS": 0.08,
        "Total Revenue": 45,
        "Gross Profit": 38,
        "Operating Income": 3,
        "EBIT": 3,
        "Net Income": 1
    },
    "2015-06-30": {
        "Diluted EPS": 0.04,
        "Total Revenue": 45,
        "Gross Profit": 38,
        "Operating Income": 2,
        "EBIT": 2,
        "Net Income": 0
    },
    "2015-03-31": {
        "Diluted EPS": 0.04,
        "Total Revenue": 45,
        "Gross Profit": 38,
        "Operating Income": 1,
        "EBIT": 2,
        "Net Income": 1
    },
    "2014-12-31": {
        "Diluted EPS": 0.1,
        "Total Revenue": 48,
        "Gross Profit": 41,
        "Operating Income": 3,
        "EBIT": 4,
        "Net Income": 1
    },
    "2014-09-30": {
        "Diluted EPS": 0.32,
        "Total Revenue": 52,
        "Gross Profit": 46,
        "Operating Income": 8,
        "EBIT": 8,
        "Net Income": 5
    },
    "2014-06-30": {
        "Diluted EPS": 0.15,
        "Total Revenue": 56,
        "Gross Profit": 47,
        "Operating Income": 5,
        "EBIT": 5,
        "Net Income": 2
    },
    "2014-03-31": {
        "Diluted EPS": 0.14,
        "Total Revenue": 55,
        "Gross Profit": 47,
        "Operating Income": 4,
        "EBIT": 5,
        "Net Income": 2
    },
    "2013-12-31": {
        "Diluted EPS": 0.21,
        "Total Revenue": 52,
        "Gross Profit": 44,
        "Operating Income": 5,
        "EBIT": 6,
        "Net Income": 3
    },
    "2013-09-30": {
        "Diluted EPS": 0.21,
        "Total Revenue": 51,
        "Gross Profit": 44,
        "Operating Income": 5,
        "EBIT": 6,
        "Net Income": 3
    },
    "2013-06-30": {
        "Diluted EPS": 0.0,
        "Total Revenue": 52,
        "Gross Profit": 44,
        "Operating Income": 1,
        "EBIT": 1,
        "Net Income": 0
    },
    "2013-03-31": {
        "Diluted EPS": 0.21,
        "Total Revenue": 50,
        "Gross Profit": 44,
        "Operating Income": 4,
        "EBIT": 4,
        "Net Income": 3
    },
    "2012-12-31": {
        "Diluted EPS": 0.0,
        "Total Revenue": 53,
        "Gross Profit": 39,
        "Operating Income": 0,
        "EBIT": 1,
        "Net Income": 0
    },
    "2012-09-30": {
        "Diluted EPS": 0.21,
        "Total Revenue": 53,
        "Gross Profit": 45,
        "Operating Income": 7,
        "EBIT": 7,
        "Net Income": 4
    },
    "2012-06-30": {
        "Diluted EPS": 0.63,
        "Total Revenue": 45,
        "Gross Profit": 38,
        "Operating Income": 7,
        "EBIT": 8,
        "Net Income": 5
    },
    "2012-03-31": {
        "Diluted EPS": -0.35,
        "Total Revenue": 36,
        "Gross Profit": 31,
        "Operating Income": 6,
        "EBIT": 7,
        "Net Income": -5
    },
    "2011-12-31": {
        "Diluted EPS": 0.35,
        "Total Revenue": 25,
        "Gross Profit": 22,
        "Operating Income": 4,
        "EBIT": 4,
        "Net Income": 9
    },
    "2011-09-30": {
        "Diluted EPS": 0.14,
        "Total Revenue": 20,
        "Gross Profit": 17,
        "Operating Income": 3,
        "EBIT": 4,
        "Net Income": 4
    },
    "2011-06-30": {
        "Diluted EPS": -3.92,
        "Total Revenue": 15,
        "Gross Profit": 13,
        "Operating Income": 2,
        "EBIT": 2,
        "Net Income": -47
    },
    "2011-03-31": {
        "Diluted EPS": -0.91,
        "Total Revenue": 10,
        "Gross Profit": 8,
        "Operating Income": 1,
        "EBIT": -1,
        "Net Income": -10
    },
    "2010-12-31": {
        "Diluted EPS": 0.42,
        "Total Revenue": 7,
        "Gross Profit": 6,
        "Operating Income": 1,
        "EBIT": 2,
        "Net Income": 5
    },
    "2010-09-30": {
        "Diluted EPS": 0.07,
        "Total Revenue": 6,
        "Gross Profit": 5,
        "Operating Income": 0,
        "EBIT": 0,
        "Net Income": 1
    },
    "2010-06-30": {
        "Diluted EPS": -0.56,
        "Total Revenue": 4,
        "Gross Profit": 4,
        "Operating Income": 0,
        "EBIT": -1,
        "Net Income": -5
    },
    "2010-03-31": {
        "Diluted EPS": -0.98,
        "Total Revenue": 3,
        "Gross Profit": 2,
        "Operating Income": -1,
        "EBIT": -1,
        "Net Income": -8
    },
    "2009-12-31": {
        "Diluted EPS": -0.07,
        "Total Revenue": 2,
        "Gross Profit": 2,
        "Operating Income": -3,
        "EBIT": -2,
        "Net Income": -1
    },
    "2009-09-30": {
        "Diluted EPS": 0.14,
        "Total Revenue": 2,
        "Gross Profit": 2,
        "Operating Income": -3,
        "EBIT": -3,
        "Net Income": 1
    },
    "2009-06-30": {
        "Diluted EPS": -0.77,
        "Total Revenue": 2,
        "Gross Profit": 1,
        "Operating Income": -5,
        "EBIT": -5,
        "Net Income": -5
    },
    "2009-03-31": {
        "Diluted EPS": -0.84,
        "Total Revenue": 1,
        "Gross Profit": 1,
        "Operating Income": -2,
        "EBIT": -2,
        "Net Income": -3
    },
    "2023-06-30": {
        "Tax Effect Of Unusual Items": NaN,
        "Tax Rate For Calcs": NaN,
        "Normalized EBITDA": NaN,
        "Net Income From Continuing Operation Net Minority Interest": NaN,
        "Reconciled Depreciation": NaN,
        "Reconciled Cost Of Revenue": NaN,
        "EBITDA": NaN,
        "EBIT": NaN,
        "Net Interest Income": NaN,
        "Interest Income": NaN,
        "Normalized Income": NaN,
        "Net Income From Continuing And Discontinued Operation": NaN,
        "Total Expenses": NaN,
        "Total Operating Income As Reported": NaN,
        "Diluted Average Shares": 12980000.0,
        "Basic Average Shares": 12616000.0,
        "Diluted EPS": 0.15,
        "Basic EPS": 0.16,
        "Diluted NI Availto Com Stockholders": NaN,
        "Net Income Common Stockholders": NaN,
        "Net Income": NaN,
        "Net Income Including Noncontrolling Interests": NaN,
        "Net Income Continuous Operations": NaN,
        "Tax Provision": NaN,
        "Pretax Income": NaN,
        "Other Income Expense": NaN,
        "Other Non Operating Income Expenses": NaN,
        "Net Non Operating Interest Income Expense": NaN,
        "Interest Income Non Operating": NaN,
        "Operating Income": NaN,
        "Operating Expense": NaN,
        "Selling General And Administration": NaN,
        "Selling And Marketing Expense": NaN,
        "General And Administrative Expense": NaN,
        "Other Gand A": NaN,
        "Gross Profit": NaN,
        "Cost Of Revenue": NaN,
        "Total Revenue": NaN,
        "Operating Revenue": NaN
    },
    "2023-09-30": {
        "Tax Effect Of Unusual Items": NaN,
        "Tax Rate For Calcs": NaN,
        "Normalized EBITDA": NaN,
        "Net Income From Continuing Operation Net Minority Interest": NaN,
        "Reconciled Depreciation": NaN,
        "Reconciled Cost Of Revenue": NaN,
        "EBITDA": NaN,
        "EBIT": NaN,
        "Net Interest Income": NaN,
        "Interest Income": NaN,
        "Normalized Income": NaN,
        "Net Income From Continuing And Discontinued Operation": NaN,
        "Total Expenses": NaN,
        "Total Operating Income As Reported": NaN,
        "Diluted Average Shares": NaN,
        "Basic Average Shares": NaN,
        "Diluted EPS": NaN,
        "Basic EPS": NaN,
        "Diluted NI Availto Com Stockholders": NaN,
        "Net Income Common Stockholders": NaN,
        "Net Income": NaN,
        "Net Income Including Noncontrolling Interests": NaN,
        "Net Income Continuous Operations": NaN,
        "Tax Provision": NaN,
        "Pretax Income": NaN,
        "Other Income Expense": NaN,
        "Other Non Operating Income Expenses": NaN,
        "Net Non Operating Interest Income Expense": NaN,
        "Interest Income Non Operating": NaN,
        "Operating Income": NaN,
        "Operating Expense": NaN,
        "Other Operating Expenses": NaN,
        "Selling General And Administration": NaN,
        "Selling And Marketing Expense": 22473000.0,
        "General And Administrative Expense": NaN,
        "Other Gand A": NaN,
        "Gross Profit": NaN,
        "Cost Of Revenue": NaN,
        "Total Revenue": NaN,
        "Operating Revenue": NaN
    },
    "2023-12-31": {
        "Tax Effect Of Unusual Items": NaN,
        "Tax Rate For Calcs": NaN,
        "Normalized EBITDA": NaN,
        "Net Income From Continuing Operation Net Minority Interest": NaN,
        "Reconciled Depreciation": NaN,
        "Reconciled Cost Of Revenue": NaN,
        "EBITDA": NaN,
        "EBIT": NaN,
        "Net Interest Income": NaN,
        "Interest Income": NaN,
        "Normalized Income": NaN,
        "Net Income From Continuing And Discontinued Operation": NaN,
        "Total Expenses": NaN,
        "Total Operating Income As Reported": NaN,
        "Diluted Average Shares": NaN,
        "Basic Average Shares": NaN,
        "Diluted EPS": NaN,
        "Basic EPS": NaN,
        "Diluted NI Availto Com Stockholders": NaN,
        "Net Income Common Stockholders": NaN,
        "Net Income": NaN,
        "Net Income Including Noncontrolling Interests": NaN,
        "Net Income Continuous Operations": NaN,
        "Tax Provision": NaN,
        "Pretax Income": NaN,
        "Other Income Expense": NaN,
        "Other Non Operating Income Expenses": NaN,
        "Net Non Operating Interest Income Expense": NaN,
        "Interest Income Non Operating": NaN,
        "Operating Income": NaN,
        "Operating Expense": NaN,
        "Other Operating Expenses": NaN,
        "Selling General And Administration": NaN,
        "Selling And Marketing Expense": 21754000.0,
        "General And Administrative Expense": NaN,
        "Other Gand A": NaN,
        "Gross Profit": NaN,
        "Cost Of Revenue": NaN,
        "Total Revenue": NaN,
        "Operating Revenue": NaN
    },
    "2024-03-31": {
        "Tax Effect Of Unusual Items": NaN,
        "Tax Rate For Calcs": NaN,
        "Normalized EBITDA": NaN,
        "Net Income From Continuing Operation Net Minority Interest": NaN,
        "Reconciled Depreciation": NaN,
        "Reconciled Cost Of Revenue": NaN,
        "EBITDA": NaN,
        "EBIT": NaN,
        "Net Interest Income": NaN,
        "Interest Income": NaN,
        "Normalized Income": NaN,
        "Net Income From Continuing And Discontinued Operation": NaN,
        "Total Expenses": NaN,
        "Total Operating Income As Reported": NaN,
        "Diluted Average Shares": NaN,
        "Basic Average Shares": NaN,
        "Diluted EPS": NaN,
        "Basic EPS": NaN,
        "Diluted NI Availto Com Stockholders": NaN,
        "Net Income Common Stockholders": NaN,
        "Net Income": NaN,
        "Net Income Including Noncontrolling Interests": NaN,
        "Net Income Continuous Operations": NaN,
        "Tax Provision": NaN,
        "Pretax Income": NaN,
        "Other Income Expense": NaN,
        "Other Non Operating Income Expenses": NaN,
        "Net Non Operating Interest Income Expense": NaN,
        "Interest Income Non Operating": NaN,
        "Operating Income": NaN,
        "Operating Expense": NaN,
        "Other Operating Expenses": NaN,
        "Selling General And Administration": NaN,
        "Selling And Marketing Expense": 19714000.0,
        "General And Administrative Expense": NaN,
        "Other Gand A": NaN,
        "Gross Profit": NaN,
        "Cost Of Revenue": NaN,
        "Total Revenue": NaN,
        "Operating Revenue": NaN
    },
    "2024-06-30": {
        "Tax Effect Of Unusual Items": NaN,
        "Tax Rate For Calcs": NaN,
        "Normalized EBITDA": NaN,
        "Net Income From Continuing Operation Net Minority Interest": NaN,
        "Reconciled Depreciation": NaN,
        "Reconciled Cost Of Revenue": NaN,
        "EBITDA": NaN,
        "EBIT": NaN,
        "Net Interest Income": NaN,
        "Interest Income": NaN,
        "Normalized Income": NaN,
        "Net Income From Continuing And Discontinued Operation": NaN,
        "Total Expenses": NaN,
        "Total Operating Income As Reported": NaN,
        "Diluted Average Shares": NaN,
        "Basic Average Shares": NaN,
        "Diluted EPS": NaN,
        "Basic EPS": NaN,
        "Diluted NI Availto Com Stockholders": NaN,
        "Net Income Common Stockholders": NaN,
        "Net Income": NaN,
        "Net Income Including Noncontrolling Interests": NaN,
        "Net Income Continuous Operations": NaN,
        "Tax Provision": NaN,
        "Pretax Income": NaN,
        "Other Income Expense": NaN,
        "Other Non Operating Income Expenses": NaN,
        "Net Non Operating Interest Income Expense": NaN,
        "Interest Income Non Operating": NaN,
        "Operating Income": NaN,
        "Operating Expense": NaN,
        "Other Operating Expenses": NaN,
        "Selling General And Administration": NaN,
        "Selling And Marketing Expense": 21979000.0,
        "General And Administrative Expense": 14020000.0,
        "Other Gand A": 14020000.0,
        "Gross Profit": NaN,
        "Cost Of Revenue": NaN,
        "Total Revenue": NaN,
        "Operating Revenue": NaN
    },
    "2024-09-30": {
        "Tax Effect Of Unusual Items": 0.0,
        "Tax Rate For Calcs": 0.292,
        "Normalized EBITDA": 3367000.0,
        "Net Income From Continuing Operation Net Minority Interest": 1826000.0,
        "Reconciled Depreciation": 797000.0,
        "Reconciled Cost Of Revenue": 9491000.0,
        "EBITDA": 3367000.0,
        "EBIT": 2570000.0,
        "Net Interest Income": 59000.0,
        "Interest Income": 59000.0,
        "Normalized Income": 1826000.0,
        "Net Income From Continuing And Discontinued Operation": 1826000.0,
        "Total Expenses": 44644000.0,
        "Total Operating Income As Reported": 2570000.0,
        "Diluted Average Shares": 12824000.0,
        "Basic Average Shares": 12162000.0,
        "Diluted EPS": 0.14,
        "Basic EPS": 0.15,
        "Diluted NI Availto Com Stockholders": 1826000.0,
        "Net Income Common Stockholders": 1826000.0,
        "Net Income": 1826000.0,
        "Net Income Including Noncontrolling Interests": 1826000.0,
        "Net Income Continuous Operations": 1826000.0,
        "Tax Provision": 752000.0,
        "Pretax Income": 2578000.0,
        "Other Income Expense": -51000.0,
        "Other Non Operating Income Expenses": -51000.0,
        "Net Non Operating Interest Income Expense": 59000.0,
        "Interest Income Non Operating": 59000.0,
        "Operating Income": 2570000.0,
        "Operating Expense": 35153000.0,
        "Other Operating Expenses": 20305000.0,
        "Selling General And Administration": 14848000.0,
        "Selling And Marketing Expense": 20305000.0,
        "General And Administrative Expense": 14848000.0,
        "Other Gand A": 14848000.0,
        "Gross Profit": 37723000.0,
        "Cost Of Revenue": 9491000.0,
        "Total Revenue": 47214000.0,
        "Operating Revenue": 47214000.0
    },
    "2024-12-31": {
        "Tax Effect Of Unusual Items": 0.0,
        "Tax Rate For Calcs": 0.174,
        "Normalized EBITDA": 4234000.0,
        "Net Income From Continuing Operation Net Minority Interest": 2550000.0,
        "Reconciled Depreciation": 806000.0,
        "Reconciled Cost Of Revenue": 13195000.0,
        "EBITDA": 4234000.0,
        "EBIT": 3428000.0,
        "Net Interest Income": 130000.0,
        "Interest Income": 130000.0,
        "Normalized Income": 2550000.0,
        "Net Income From Continuing And Discontinued Operation": 2550000.0,
        "Total Expenses": 64334000.0,
        "Total Operating Income As Reported": 3428000.0,
        "Diluted Average Shares": 13177000.0,
        "Basic Average Shares": 12211000.0,
        "Diluted EPS": 0.19,
        "Basic EPS": 0.21,
        "Diluted NI Availto Com Stockholders": 2550000.0,
        "Net Income Common Stockholders": 2550000.0,
        "Net Income": 2550000.0,
        "Net Income Including Noncontrolling Interests": 2550000.0,
        "Net Income Continuous Operations": 2550000.0,
        "Tax Provision": 539000.0,
        "Pretax Income": 3089000.0,
        "Other Income Expense": -469000.0,
        "Other Non Operating Income Expenses": -469000.0,
        "Net Non Operating Interest Income Expense": 130000.0,
        "Interest Income Non Operating": 130000.0,
        "Operating Income": 3428000.0,
        "Operating Expense": 51139000.0,
        "Other Operating Expenses": 32525000.0,
        "Selling General And Administration": 18614000.0,
        "Selling And Marketing Expense": NaN,
        "General And Administrative Expense": 18614000.0,
        "Other Gand A": 18614000.0,
        "Gross Profit": 54567000.0,
        "Cost Of Revenue": 13195000.0,
        "Total Revenue": 67762000.0,
        "Operating Revenue": 67762000.0
    },
    "2025-03-31": {
        "Tax Effect Of Unusual Items": 0.0,
        "Tax Rate For Calcs": 0.17,
        "Normalized EBITDA": 4856000.0,
        "Net Income From Continuing Operation Net Minority Interest": 3470000.0,
        "Reconciled Depreciation": 803000.0,
        "Reconciled Cost Of Revenue": 11113000.0,
        "EBITDA": 4856000.0,
        "EBIT": 4053000.0,
        "Net Interest Income": 131000.0,
        "Interest Income": 131000.0,
        "Normalized Income": 3470000.0,
        "Net Income From Continuing And Discontinued Operation": 3470000.0,
        "Total Expenses": 54387000.0,
        "Total Operating Income As Reported": 4053000.0,
        "Diluted Average Shares": 13300000.0,
        "Basic Average Shares": 12350000.0,
        "Diluted EPS": 0.26,
        "Basic EPS": 0.28,
        "Diluted NI Availto Com Stockholders": 3470000.0,
        "Net Income Common Stockholders": 3470000.0,
        "Net Income": 3470000.0,
        "Net Income Including Noncontrolling Interests": 3470000.0,
        "Net Income Continuous Operations": 3470000.0,
        "Tax Provision": 710000.0,
        "Pretax Income": 4180000.0,
        "Other Income Expense": -4000.0,
        "Other Non Operating Income Expenses": -4000.0,
        "Net Non Operating Interest Income Expense": 131000.0,
        "Interest Income Non Operating": 131000.0,
        "Operating Income": 4053000.0,
        "Operating Expense": 43274000.0,
        "Other Operating Expenses": 26208000.0,
        "Selling General And Administration": 17066000.0,
        "Selling And Marketing Expense": NaN,
        "General And Administrative Expense": 17066000.0,
        "Other Gand A": 17066000.0,
        "Gross Profit": 47327000.0,
        "Cost Of Revenue": 11113000.0,
        "Total Revenue": 58440000.0,
        "Operating Revenue": 58440000.0
    },
    "2025-06-30": {
        "Tax Effect Of Unusual Items": 0.0,
        "Tax Rate For Calcs": 0.182387,
        "Normalized EBITDA": 2898000.0,
        "Net Income From Continuing Operation Net Minority Interest": 1959000.0,
        "Reconciled Depreciation": 750000.0,
        "Reconciled Cost Of Revenue": 11065000.0,
        "EBITDA": 2898000.0,
        "EBIT": 2148000.0,
        "Net Interest Income": 111000.0,
        "Interest Income": 111000.0,
        "Normalized Income": 1959000.0,
        "Net Income From Continuing And Discontinued Operation": 1959000.0,
        "Total Expenses": 52966000.0,
        "Total Operating Income As Reported": 2148000.0,
        "Diluted Average Shares": 13128000.0,
        "Basic Average Shares": 12326000.0,
        "Diluted EPS": 0.15,
        "Basic EPS": 0.16,
        "Diluted NI Availto Com Stockholders": 1959000.0,
        "Net Income Common Stockholders": 1959000.0,
        "Net Income": 1959000.0,
        "Net Income Including Noncontrolling Interests": 1959000.0,
        "Net Income Continuous Operations": 1959000.0,
        "Tax Provision": 437000.0,
        "Pretax Income": 2396000.0,
        "Other Income Expense": 137000.0,
        "Other Non Operating Income Expenses": 517000.0,
        "Net Non Operating Interest Income Expense": 111000.0,
        "Interest Income Non Operating": 111000.0,
        "Operating Income": 2148000.0,
        "Operating Expense": 41901000.0,
        "Other Operating Expenses": 23222000.0,
        "Selling General And Administration": 18679000.0,
        "Selling And Marketing Expense": NaN,
        "General And Administrative Expense": 18679000.0,
        "Other Gand A": 18679000.0,
        "Gross Profit": 44049000.0,
        "Cost Of Revenue": 11065000.0,
        "Total Revenue": 55114000.0,
        "Operating Revenue": 26849000.0
    },
    "2025-09-30": {
        "Tax Effect Of Unusual Items": 0.0,
        "Tax Rate For Calcs": 0.038376,
        "Normalized EBITDA": 2878000.0,
        "Net Income From Continuing Operation Net Minority Interest": 2155000.0,
        "Reconciled Depreciation": 610000.0,
        "Reconciled Cost Of Revenue": 9745000.0,
        "EBITDA": 2878000.0,
        "EBIT": 2268000.0,
        "Net Interest Income": 87000.0,
        "Interest Income": 87000.0,
        "Normalized Income": 2155000.0,
        "Net Income From Continuing And Discontinued Operation": 2155000.0,
        "Total Expenses": 45293000.0,
        "Total Operating Income As Reported": 2268000.0,
        "Diluted Average Shares": 12946000.0,
        "Basic Average Shares": 12398000.0,
        "Diluted EPS": 0.17,
        "Basic EPS": 0.17,
        "Diluted NI Availto Com Stockholders": 2155000.0,
        "Net Income Common Stockholders": 2155000.0,
        "Net Income": 2155000.0,
        "Net Income Including Noncontrolling Interests": 2155000.0,
        "Net Income Continuous Operations": 2155000.0,
        "Tax Provision": 86000.0,
        "Pretax Income": 2241000.0,
        "Other Income Expense": -114000.0,
        "Other Non Operating Income Expenses": -114000.0,
        "Net Non Operating Interest Income Expense": 87000.0,
        "Interest Income Non Operating": 87000.0,
        "Operating Income": 2268000.0,
        "Operating Expense": 35548000.0,
        "Other Operating Expenses": 20695000.0,
        "Selling General And Administration": 14853000.0,
        "Selling And Marketing Expense": NaN,
        "General And Administrative Expense": NaN,
        "Other Gand A": NaN,
        "Gross Profit": 37816000.0,
        "Cost Of Revenue": 9745000.0,
        "Total Revenue": 47561000.0,
        "Operating Revenue": 47561000.0
    }
}