{
    "2023-03-31": {
        "Tax Effect Of Unusual Items": NaN,
        "Tax Rate For Calcs": NaN,
        "Normalized EBITDA": NaN,
        "Net Income From Continuing Operation Net Minority Interest": NaN,
        "Reconciled Depreciation": NaN,
        "Reconciled Cost Of Revenue": NaN,
        "EBITDA": NaN,
        "EBIT": NaN,
        "Net Interest Income": 0.0,
        "Interest Expense": 0.0,
        "Normalized Income": NaN,
        "Net Income From Continuing And Discontinued Operation": NaN,
        "Total Expenses": NaN,
        "Rent Expense Supplemental": NaN,
        "Total Operating Income As Reported": NaN,
        "Diluted Average Shares": NaN,
        "Basic Average Shares": NaN,
        "Diluted EPS": NaN,
        "Basic EPS": NaN,
        "Diluted NI Availto Com Stockholders": NaN,
        "Net Income Common Stockholders": NaN,
        "Net Income": NaN,
        "Net Income Including Noncontrolling Interests": NaN,
        "Net Income Continuous Operations": NaN,
        "Tax Provision": NaN,
        "Pretax Income": NaN,
        "Other Income Expense": NaN,
        "Other Non Operating Income Expenses": NaN,
        "Net Non Operating Interest Income Expense": 0.0,
        "Interest Expense Non Operating": 0.0,
        "Operating Income": NaN,
        "Operating Expense": NaN,
        "Selling General And Administration": NaN,
        "Selling And Marketing Expense": NaN,
        "General And Administrative Expense": NaN,
        "Other Gand A": NaN,
        "Rent And Landing Fees": NaN,
        "Gross Profit": NaN,
        "Cost Of Revenue": NaN,
        "Total Revenue": NaN,
        "Operating Revenue": NaN
    },
    "2022-12-31": {
        "Tax Effect Of Unusual Items": NaN,
        "Tax Rate For Calcs": NaN,
        "Normalized EBITDA": NaN,
        "Total Unusual Items": 0.0,
        "Total Unusual Items Excluding Goodwill": 0.0,
        "Net Income From Continuing Operation Net Minority Interest": NaN,
        "Reconciled Depreciation": NaN,
        "Reconciled Cost Of Revenue": NaN,
        "EBITDA": NaN,
        "EBIT": NaN,
        "Net Interest Income": NaN,
        "Interest Expense": NaN,
        "Normalized Income": NaN,
        "Net Income From Continuing And Discontinued Operation": NaN,
        "Total Expenses": NaN,
        "Total Operating Income As Reported": NaN,
        "Diluted Average Shares": NaN,
        "Basic Average Shares": NaN,
        "Diluted EPS": NaN,
        "Basic EPS": NaN,
        "Diluted NI Availto Com Stockholders": NaN,
        "Net Income Common Stockholders": NaN,
        "Net Income": NaN,
        "Net Income Including Noncontrolling Interests": NaN,
        "Net Income Continuous Operations": NaN,
        "Tax Provision": NaN,
        "Pretax Income": NaN,
        "Other Income Expense": NaN,
        "Other Non Operating Income Expenses": NaN,
        "Special Income Charges": 0.0,
        "Net Non Operating Interest Income Expense": NaN,
        "Interest Expense Non Operating": NaN,
        "Operating Income": NaN,
        "Operating Expense": NaN,
        "Selling General And Administration": NaN,
        "Selling And Marketing Expense": NaN,
        "General And Administrative Expense": NaN,
        "Other Gand A": NaN,
        "Gross Profit": NaN,
        "Cost Of Revenue": NaN,
        "Total Revenue": NaN,
        "Operating Revenue": NaN
    },
    "2022-09-30": {
        "Tax Effect Of Unusual Items": NaN,
        "Tax Rate For Calcs": NaN,
        "Normalized EBITDA": NaN,
        "Total Unusual Items": 0.0,
        "Total Unusual Items Excluding Goodwill": 0.0,
        "Net Income From Continuing Operation Net Minority Interest": NaN,
        "Reconciled Depreciation": NaN,
        "Reconciled Cost Of Revenue": NaN,
        "EBITDA": NaN,
        "EBIT": NaN,
        "Net Interest Income": NaN,
        "Interest Expense": NaN,
        "Normalized Income": NaN,
        "Net Income From Continuing And Discontinued Operation": NaN,
        "Total Expenses": NaN,
        "Total Operating Income As Reported": NaN,
        "Diluted Average Shares": NaN,
        "Basic Average Shares": NaN,
        "Diluted EPS": NaN,
        "Basic EPS": NaN,
        "Diluted NI Availto Com Stockholders": NaN,
        "Net Income Common Stockholders": NaN,
        "Net Income": NaN,
        "Net Income Including Noncontrolling Interests": NaN,
        "Net Income Continuous Operations": NaN,
        "Tax Provision": NaN,
        "Pretax Income": NaN,
        "Other Income Expense": NaN,
        "Other Non Operating Income Expenses": NaN,
        "Special Income Charges": 0.0,
        "Net Non Operating Interest Income Expense": NaN,
        "Interest Expense Non Operating": NaN,
        "Operating Income": NaN,
        "Operating Expense": NaN,
        "Selling General And Administration": NaN,
        "Selling And Marketing Expense": NaN,
        "General And Administrative Expense": NaN,
        "Other Gand A": NaN,
        "Gross Profit": NaN,
        "Cost Of Revenue": NaN,
        "Total Revenue": NaN,
        "Operating Revenue": NaN
    },
    "2022-06-30": {
        "Tax Effect Of Unusual Items": 0.0,
        "Tax Rate For Calcs": 0.243,
        "Normalized EBITDA": 159388000.0,
        "Total Unusual Items": 0.0,
        "Total Unusual Items Excluding Goodwill": 0.0,
        "Net Income From Continuing Operation Net Minority Interest": 123376000.0,
        "Reconciled Depreciation": 382000.0,
        "Reconciled Cost Of Revenue": 491710000.0,
        "EBITDA": 159388000.0,
        "EBIT": 159006000.0,
        "Net Interest Income": NaN,
        "Interest Expense": NaN,
        "Normalized Income": 123376000.0,
        "Net Income From Continuing And Discontinued Operation": 123376000.0,
        "Total Expenses": 564063000.0,
        "Total Operating Income As Reported": 159006000.0,
        "Diluted Average Shares": 23745853.0,
        "Basic Average Shares": 23552883.0,
        "Diluted EPS": 5.2,
        "Basic EPS": 5.24,
        "Diluted NI Availto Com Stockholders": 123376000.0,
        "Net Income Common Stockholders": 123376000.0,
        "Net Income": 123376000.0,
        "Net Income Including Noncontrolling Interests": 123376000.0,
        "Net Income Continuous Operations": 123376000.0,
        "Tax Provision": 39636000.0,
        "Pretax Income": 163012000.0,
        "Other Income Expense": 4006000.0,
        "Other Non Operating Income Expenses": 4006000.0,
        "Special Income Charges": 0.0,
        "Net Non Operating Interest Income Expense": NaN,
        "Interest Expense Non Operating": NaN,
        "Operating Income": 159006000.0,
        "Operating Expense": 72353000.0,
        "Selling General And Administration": 72353000.0,
        "Selling And Marketing Expense": 43269000.0,
        "General And Administrative Expense": 29084000.0,
        "Other Gand A": 29084000.0,
        "Gross Profit": 231359000.0,
        "Cost Of Revenue": 491710000.0,
        "Total Revenue": 723069000.0,
        "Operating Revenue": 723069000.0
    },
    "2023-06-30": {
        "Tax Effect Of Unusual Items": NaN,
        "Tax Rate For Calcs": NaN,
        "Normalized EBITDA": NaN,
        "Net Income From Continuing Operation Net Minority Interest": NaN,
        "Reconciled Depreciation": NaN,
        "Reconciled Cost Of Revenue": NaN,
        "EBITDA": NaN,
        "EBIT": NaN,
        "Net Interest Income": 0.0,
        "Interest Expense": 0.0,
        "Normalized Income": NaN,
        "Net Income From Continuing And Discontinued Operation": NaN,
        "Total Expenses": NaN,
        "Rent Expense Supplemental": NaN,
        "Total Operating Income As Reported": NaN,
        "Diluted Average Shares": NaN,
        "Basic Average Shares": NaN,
        "Diluted EPS": NaN,
        "Basic EPS": NaN,
        "Diluted NI Availto Com Stockholders": NaN,
        "Net Income Common Stockholders": NaN,
        "Net Income": NaN,
        "Net Income Including Noncontrolling Interests": NaN,
        "Net Income Continuous Operations": NaN,
        "Tax Provision": NaN,
        "Pretax Income": NaN,
        "Other Income Expense": NaN,
        "Other Non Operating Income Expenses": NaN,
        "Net Non Operating Interest Income Expense": 0.0,
        "Interest Expense Non Operating": 0.0,
        "Operating Income": NaN,
        "Operating Expense": NaN,
        "Selling General And Administration": NaN,
        "Selling And Marketing Expense": NaN,
        "General And Administrative Expense": NaN,
        "Other Gand A": NaN,
        "Rent And Landing Fees": NaN,
        "Gross Profit": NaN,
        "Cost Of Revenue": NaN,
        "Total Revenue": NaN,
        "Operating Revenue": NaN
    },
    "2022-03-31": {
        "Diluted EPS": 3.25,
        "Total Revenue": 546,
        "Gross Profit": 158,
        "Operating Income": 96,
        "EBIT": 96,
        "Net Income": 79
    },
    "2021-12-31": {
        "Diluted EPS": 4.54,
        "Total Revenue": 801,
        "Gross Profit": 212,
        "Operating Income": 141,
        "EBIT": 142,
        "Net Income": 111
    },
    "2021-09-30": {
        "Diluted EPS": 4.05,
        "Total Revenue": 752,
        "Gross Profit": 202,
        "Operating Income": 138,
        "EBIT": 138,
        "Net Income": 101
    },
    "2021-06-30": {
        "Diluted EPS": 4.71,
        "Total Revenue": 792,
        "Gross Profit": 214,
        "Operating Income": 146,
        "EBIT": 146,
        "Net Income": 118
    },
    "2021-03-31": {
        "Diluted EPS": 3.95,
        "Total Revenue": 706,
        "Gross Profit": 190,
        "Operating Income": 122,
        "EBIT": 123,
        "Net Income": 100
    },
    "2020-12-31": {
        "Diluted EPS": 5.36,
        "Total Revenue": 897,
        "Gross Profit": 243,
        "Operating Income": 166,
        "EBIT": 166,
        "Net Income": 136
    },
    "2020-09-30": {
        "Diluted EPS": 3.52,
        "Total Revenue": 534,
        "Gross Profit": 135,
        "Operating Income": 77,
        "EBIT": 78,
        "Net Income": 89
    },
    "2020-06-30": {
        "Diluted EPS": 2.21,
        "Total Revenue": 482,
        "Gross Profit": 118,
        "Operating Income": 68,
        "EBIT": 68,
        "Net Income": 56
    },
    "2020-03-31": {
        "Diluted EPS": 1.67,
        "Total Revenue": 455,
        "Gross Profit": 107,
        "Operating Income": 54,
        "EBIT": 54,
        "Net Income": 43
    },
    "2019-12-31": {
        "Diluted EPS": 2.54,
        "Total Revenue": 606,
        "Gross Profit": 142,
        "Operating Income": 84,
        "EBIT": 84,
        "Net Income": 65
    },
    "2019-09-30": {
        "Diluted EPS": 1.93,
        "Total Revenue": 483,
        "Gross Profit": 117,
        "Operating Income": 64,
        "EBIT": 64,
        "Net Income": 49
    },
    "2019-06-30": {
        "Diluted EPS": 1.82,
        "Total Revenue": 462,
        "Gross Profit": 111,
        "Operating Income": 58,
        "EBIT": 59,
        "Net Income": 46
    },
    "2019-03-31": {
        "Diluted EPS": 0.73,
        "Total Revenue": 288,
        "Gross Profit": 66,
        "Operating Income": 21,
        "EBIT": 21,
        "Net Income": 18
    },
    "2018-12-31": {
        "Diluted EPS": 1.72,
        "Total Revenue": 425,
        "Gross Profit": 104,
        "Operating Income": 55,
        "EBIT": 56,
        "Net Income": 43
    },
    "2018-09-30": {
        "Diluted EPS": 1.52,
        "Total Revenue": 380,
        "Gross Profit": 97,
        "Operating Income": 52,
        "EBIT": 52,
        "Net Income": 38
    },
    "2018-06-30": {
        "Diluted EPS": 1.9,
        "Total Revenue": 420,
        "Gross Profit": 110,
        "Operating Income": 62,
        "EBIT": 62,
        "Net Income": 48
    },
    "2018-03-31": {
        "Diluted EPS": 1.1,
        "Total Revenue": 279,
        "Gross Profit": 69,
        "Operating Income": 31,
        "EBIT": 31,
        "Net Income": 27
    },
    "2017-12-31": {
        "Diluted EPS": 1.42,
        "Total Revenue": 405,
        "Gross Profit": 99,
        "Operating Income": 55,
        "EBIT": 55,
        "Net Income": 36
    },
    "2017-09-30": {
        "Diluted EPS": 1.4,
        "Total Revenue": 366,
        "Gross Profit": 92,
        "Operating Income": 50,
        "EBIT": 51,
        "Net Income": 34
    },
    "2017-06-30": {
        "Diluted EPS": 1.39,
        "Total Revenue": 324,
        "Gross Profit": 86,
        "Operating Income": 48,
        "EBIT": 49,
        "Net Income": 32
    },
    "2017-03-31": {
        "Diluted EPS": 0.52,
        "Total Revenue": 163,
        "Gross Profit": 43,
        "Operating Income": 16,
        "EBIT": 16,
        "Net Income": 12
    },
    "2016-12-31": {
        "Diluted EPS": 1.02,
        "Total Revenue": 237,
        "Gross Profit": 64,
        "Operating Income": 34,
        "EBIT": 35,
        "Net Income": 23
    },
    "2016-09-30": {
        "Diluted EPS": 0.86,
        "Total Revenue": 216,
        "Gross Profit": 57,
        "Operating Income": 29,
        "EBIT": 29,
        "Net Income": 19
    },
    "2016-06-30": {
        "Diluted EPS": 0.96,
        "Total Revenue": 223,
        "Gross Profit": 59,
        "Operating Income": 31,
        "EBIT": 31,
        "Net Income": 21
    },
    "2016-03-31": {
        "Diluted EPS": 0.57,
        "Total Revenue": 162,
        "Gross Profit": 41,
        "Operating Income": 17,
        "EBIT": 18,
        "Net Income": 12
    },
    "2015-12-31": {
        "Diluted EPS": 0.69,
        "Total Revenue": 177,
        "Gross Profit": 47,
        "Operating Income": 24,
        "EBIT": 24,
        "Net Income": 16
    },
    "2015-09-30": {
        "Diluted EPS": 0.76,
        "Total Revenue": 174,
        "Gross Profit": 46,
        "Operating Income": 23,
        "EBIT": 23,
        "Net Income": 15
    },
    "2015-06-30": {
        "Diluted EPS": 0.66,
        "Total Revenue": 159,
        "Gross Profit": 43,
        "Operating Income": 21,
        "EBIT": 21,
        "Net Income": 14
    },
    "2015-03-31": {
        "Diluted EPS": 0.33,
        "Total Revenue": 121,
        "Gross Profit": 31,
        "Operating Income": 12,
        "EBIT": 12,
        "Net Income": 8
    },
    "2014-12-31": {
        "Diluted EPS": 0.34,
        "Total Revenue": 108,
        "Gross Profit": 30,
        "Operating Income": 12,
        "EBIT": 12,
        "Net Income": 8
    },
    "2014-09-30": {
        "Diluted EPS": 0.34,
        "Total Revenue": 93,
        "Gross Profit": 25,
        "Operating Income": 10,
        "EBIT": 10,
        "Net Income": 7
    },
    "2014-06-30": {
        "Diluted EPS": 0.43,
        "Total Revenue": 106,
        "Gross Profit": 28,
        "Operating Income": 14,
        "EBIT": 14,
        "Net Income": 9
    },
    "2014-03-31": {
        "Diluted EPS": 0.22,
        "Total Revenue": 76,
        "Gross Profit": 20,
        "Operating Income": 7,
        "EBIT": 7,
        "Net Income": 5
    },
    "2013-12-31": {
        "Diluted EPS": 0.09,
        "Total Revenue": 65,
        "Gross Profit": 13,
        "Operating Income": 4,
        "EBIT": 4,
        "Net Income": 9
    },
    "2013-09-30": {
        "Diluted EPS": 0.0,
        "Total Revenue": 38,
        "Gross Profit": 11,
        "Operating Income": 5,
        "EBIT": 5,
        "Net Income": 6
    },
    "2013-06-30": {
        "Diluted EPS": 0.25,
        "Total Revenue": 37,
        "Gross Profit": 11,
        "Operating Income": 5,
        "EBIT": 5,
        "Net Income": 5
    },
    "2013-03-31": {
        "Diluted EPS": 0.0,
        "Total Revenue": 22,
        "Gross Profit": 6,
        "Operating Income": 2,
        "EBIT": 2,
        "Net Income": 2
    },
    "2012-12-31": {
        "Diluted EPS": 0.0,
        "Total Revenue": NaN,
        "Gross Profit": NaN,
        "Operating Income": NaN,
        "EBIT": NaN,
        "Net Income": NaN
    },
    "2012-09-30": {
        "Diluted EPS": 0.0,
        "Total Revenue": 24,
        "Gross Profit": 7,
        "Operating Income": 4,
        "EBIT": 4,
        "Net Income": 4
    },
    "2011-12-31": {
        "Diluted EPS": 0.0,
        "Total Revenue": NaN,
        "Gross Profit": NaN,
        "Operating Income": NaN,
        "EBIT": NaN,
        "Net Income": NaN
    },
    "2023-09-30": {
        "Tax Effect Of Unusual Items": NaN,
        "Tax Rate For Calcs": NaN,
        "Normalized EBITDA": NaN,
        "Net Income From Continuing Operation Net Minority Interest": NaN,
        "Reconciled Depreciation": NaN,
        "Reconciled Cost Of Revenue": NaN,
        "EBITDA": NaN,
        "EBIT": NaN,
        "Net Interest Income": NaN,
        "Interest Expense": NaN,
        "Normalized Income": NaN,
        "Net Income From Continuing And Discontinued Operation": NaN,
        "Total Expenses": NaN,
        "Rent Expense Supplemental": 700000.0,
        "Total Operating Income As Reported": NaN,
        "Diluted Average Shares": NaN,
        "Basic Average Shares": NaN,
        "Diluted EPS": NaN,
        "Basic EPS": NaN,
        "Diluted NI Availto Com Stockholders": NaN,
        "Net Income Common Stockholders": NaN,
        "Net Income": NaN,
        "Net Income Including Noncontrolling Interests": NaN,
        "Net Income Continuous Operations": NaN,
        "Tax Provision": NaN,
        "Pretax Income": NaN,
        "Other Income Expense": NaN,
        "Other Non Operating Income Expenses": NaN,
        "Net Non Operating Interest Income Expense": NaN,
        "Interest Expense Non Operating": NaN,
        "Operating Income": NaN,
        "Operating Expense": NaN,
        "Selling General And Administration": NaN,
        "Selling And Marketing Expense": NaN,
        "General And Administrative Expense": NaN,
        "Other Gand A": NaN,
        "Rent And Landing Fees": 700000.0,
        "Gross Profit": NaN,
        "Cost Of Revenue": NaN,
        "Total Revenue": NaN,
        "Operating Revenue": NaN
    },
    "2023-12-31": {
        "Tax Effect Of Unusual Items": 0.0,
        "Tax Rate For Calcs": 0.240109,
        "Normalized EBITDA": 60470000.0,
        "Net Income From Continuing Operation Net Minority Interest": 52089000.0,
        "Reconciled Depreciation": 628000.0,
        "Reconciled Cost Of Revenue": 465785000.0,
        "EBITDA": 60470000.0,
        "EBIT": 59842000.0,
        "Net Interest Income": NaN,
        "Interest Expense": NaN,
        "Normalized Income": 52089000.0,
        "Net Income From Continuing And Discontinued Operation": 52089000.0,
        "Total Expenses": 548572000.0,
        "Rent Expense Supplemental": NaN,
        "Total Operating Income As Reported": 59842000.0,
        "Diluted Average Shares": 23737448.0,
        "Basic Average Shares": 23565640.0,
        "Diluted EPS": 2.19,
        "Basic EPS": 2.21,
        "Diluted NI Availto Com Stockholders": 52089000.0,
        "Net Income Common Stockholders": 52089000.0,
        "Net Income": 52089000.0,
        "Net Income Including Noncontrolling Interests": 52089000.0,
        "Net Income Continuous Operations": 52089000.0,
        "Tax Provision": 16459000.0,
        "Pretax Income": 68548000.0,
        "Other Income Expense": 8706000.0,
        "Other Non Operating Income Expenses": 8706000.0,
        "Net Non Operating Interest Income Expense": NaN,
        "Interest Expense Non Operating": NaN,
        "Operating Income": 59842000.0,
        "Operating Expense": 82787000.0,
        "Selling General And Administration": 82787000.0,
        "Selling And Marketing Expense": 49771000.0,
        "General And Administrative Expense": 33016000.0,
        "Other Gand A": 33016000.0,
        "Rent And Landing Fees": NaN,
        "Gross Profit": 142629000.0,
        "Cost Of Revenue": 465785000.0,
        "Total Revenue": 608414000.0,
        "Operating Revenue": 608414000.0
    },
    "2024-03-31": {
        "Tax Effect Of Unusual Items": 0.0,
        "Tax Rate For Calcs": 0.262,
        "Normalized EBITDA": 19406000.0,
        "Net Income From Continuing Operation Net Minority Interest": 17053000.0,
        "Reconciled Depreciation": 673000.0,
        "Reconciled Cost Of Revenue": 299450000.0,
        "EBITDA": 19406000.0,
        "EBIT": 18733000.0,
        "Net Interest Income": NaN,
        "Interest Expense": NaN,
        "Normalized Income": 17053000.0,
        "Net Income From Continuing And Discontinued Operation": 17053000.0,
        "Total Expenses": 372118000.0,
        "Rent Expense Supplemental": NaN,
        "Total Operating Income As Reported": 18733000.0,
        "Diluted Average Shares": 23675353.0,
        "Basic Average Shares": 23578576.0,
        "Diluted EPS": 0.72,
        "Basic EPS": 0.72,
        "Diluted NI Availto Com Stockholders": 17053000.0,
        "Net Income Common Stockholders": 17053000.0,
        "Net Income": 17053000.0,
        "Net Income Including Noncontrolling Interests": 17053000.0,
        "Net Income Continuous Operations": 17053000.0,
        "Tax Provision": 6041000.0,
        "Pretax Income": 23094000.0,
        "Other Income Expense": 4361000.0,
        "Other Non Operating Income Expenses": 4361000.0,
        "Net Non Operating Interest Income Expense": NaN,
        "Interest Expense Non Operating": NaN,
        "Operating Income": 18733000.0,
        "Operating Expense": 72668000.0,
        "Selling General And Administration": 72668000.0,
        "Selling And Marketing Expense": 41128000.0,
        "General And Administrative Expense": 31540000.0,
        "Other Gand A": 31540000.0,
        "Rent And Landing Fees": NaN,
        "Gross Profit": 91401000.0,
        "Cost Of Revenue": 299450000.0,
        "Total Revenue": 390851000.0,
        "Operating Revenue": 390851000.0
    },
    "2024-06-30": {
        "Tax Effect Of Unusual Items": 0.0,
        "Tax Rate For Calcs": 0.238,
        "Normalized EBITDA": 77660000.0,
        "Net Income From Continuing Operation Net Minority Interest": 58573000.0,
        "Reconciled Depreciation": 777000.0,
        "Reconciled Cost Of Revenue": 451613000.0,
        "EBITDA": 77660000.0,
        "EBIT": 76883000.0,
        "Net Interest Income": 0.0,
        "Interest Expense": 0.0,
        "Normalized Income": 58573000.0,
        "Net Income From Continuing And Discontinued Operation": 58573000.0,
        "Total Expenses": 534976000.0,
        "Rent Expense Supplemental": NaN,
        "Total Operating Income As Reported": 67521000.0,
        "Diluted Average Shares": 23603311.0,
        "Basic Average Shares": 23543378.0,
        "Diluted EPS": 2.48,
        "Basic EPS": 2.49,
        "Diluted NI Availto Com Stockholders": 58573000.0,
        "Net Income Common Stockholders": 58573000.0,
        "Net Income": 58573000.0,
        "Net Income Including Noncontrolling Interests": 58573000.0,
        "Net Income Continuous Operations": 58573000.0,
        "Tax Provision": 18310000.0,
        "Pretax Income": 76883000.0,
        "Other Income Expense": 9362000.0,
        "Other Non Operating Income Expenses": 9362000.0,
        "Net Non Operating Interest Income Expense": 0.0,
        "Interest Expense Non Operating": 0.0,
        "Operating Income": 67521000.0,
        "Operating Expense": 83363000.0,
        "Selling General And Administration": 83363000.0,
        "Selling And Marketing Expense": 52872000.0,
        "General And Administrative Expense": 30491000.0,
        "Other Gand A": 30491000.0,
        "Rent And Landing Fees": NaN,
        "Gross Profit": 150884000.0,
        "Cost Of Revenue": 451613000.0,
        "Total Revenue": 602497000.0,
        "Operating Revenue": 602497000.0
    },
    "2024-09-30": {
        "Tax Effect Of Unusual Items": 0.0,
        "Tax Rate For Calcs": 0.243,
        "Normalized EBITDA": 81135000.0,
        "Net Income From Continuing Operation Net Minority Interest": 69575000.0,
        "Reconciled Depreciation": 830000.0,
        "Reconciled Cost Of Revenue": 488362000.0,
        "EBITDA": 81135000.0,
        "EBIT": 80305000.0,
        "Net Interest Income": NaN,
        "Interest Expense": NaN,
        "Normalized Income": 69575000.0,
        "Net Income From Continuing And Discontinued Operation": 69575000.0,
        "Total Expenses": 571549000.0,
        "Rent Expense Supplemental": 600000.0,
        "Total Operating Income As Reported": 80305000.0,
        "Diluted Average Shares": 23579592.0,
        "Basic Average Shares": 23500349.0,
        "Diluted EPS": 2.95,
        "Basic EPS": 2.96,
        "Diluted NI Availto Com Stockholders": 69575000.0,
        "Net Income Common Stockholders": 69575000.0,
        "Net Income": 69575000.0,
        "Net Income Including Noncontrolling Interests": 69575000.0,
        "Net Income Continuous Operations": 69575000.0,
        "Tax Provision": 22277000.0,
        "Pretax Income": 91852000.0,
        "Other Income Expense": 11547000.0,
        "Other Non Operating Income Expenses": 11547000.0,
        "Net Non Operating Interest Income Expense": NaN,
        "Interest Expense Non Operating": NaN,
        "Operating Income": 80305000.0,
        "Operating Expense": 83187000.0,
        "Selling General And Administration": 83187000.0,
        "Selling And Marketing Expense": 55196000.0,
        "General And Administrative Expense": 27991000.0,
        "Other Gand A": 27391000.0,
        "Rent And Landing Fees": 600000.0,
        "Gross Profit": 163492000.0,
        "Cost Of Revenue": 488362000.0,
        "Total Revenue": 651854000.0,
        "Operating Revenue": 651854000.0
    },
    "2024-12-31": {
        "Tax Effect Of Unusual Items": 0.0,
        "Tax Rate For Calcs": 0.241697,
        "Normalized EBITDA": 46415000.0,
        "Net Income From Continuing Operation Net Minority Interest": 50870000.0,
        "Reconciled Depreciation": 828000.0,
        "Reconciled Cost Of Revenue": 429885000.0,
        "EBITDA": 46415000.0,
        "EBIT": 45587000.0,
        "Net Interest Income": NaN,
        "Interest Expense": NaN,
        "Normalized Income": 50870000.0,
        "Net Income From Continuing And Discontinued Operation": 50870000.0,
        "Total Expenses": 511809000.0,
        "Rent Expense Supplemental": NaN,
        "Total Operating Income As Reported": 45587000.0,
        "Diluted Average Shares": 23620777.0,
        "Basic Average Shares": 23497275.0,
        "Diluted EPS": 2.15,
        "Basic EPS": 2.16,
        "Diluted NI Availto Com Stockholders": 50870000.0,
        "Net Income Common Stockholders": 50870000.0,
        "Net Income": 50870000.0,
        "Net Income Including Noncontrolling Interests": 50870000.0,
        "Net Income Continuous Operations": 50870000.0,
        "Tax Provision": 16214000.0,
        "Pretax Income": 67084000.0,
        "Other Income Expense": 21497000.0,
        "Other Non Operating Income Expenses": 21497000.0,
        "Net Non Operating Interest Income Expense": NaN,
        "Interest Expense Non Operating": NaN,
        "Operating Income": 45587000.0,
        "Operating Expense": 81924000.0,
        "Selling General And Administration": 81924000.0,
        "Selling And Marketing Expense": 50754000.0,
        "General And Administrative Expense": 31170000.0,
        "Other Gand A": 32970000.0,
        "Rent And Landing Fees": NaN,
        "Gross Profit": 127511000.0,
        "Cost Of Revenue": 429885000.0,
        "Total Revenue": 557396000.0,
        "Operating Revenue": 557396000.0
    },
    "2025-03-31": {
        "Tax Effect Of Unusual Items": 0.0,
        "Tax Rate For Calcs": 0.302236,
        "Normalized EBITDA": 1030000.0,
        "Net Income From Continuing Operation Net Minority Interest": 3994000.0,
        "Reconciled Depreciation": 861000.0,
        "Reconciled Cost Of Revenue": 277707000.0,
        "EBITDA": 1030000.0,
        "EBIT": 169000.0,
        "Net Interest Income": NaN,
        "Interest Expense": NaN,
        "Normalized Income": 3994000.0,
        "Net Income From Continuing And Discontinued Operation": 3994000.0,
        "Total Expenses": 351251000.0,
        "Rent Expense Supplemental": 500000.0,
        "Total Operating Income As Reported": 169000.0,
        "Diluted Average Shares": 23466746.0,
        "Basic Average Shares": 23396470.0,
        "Diluted EPS": 0.17,
        "Basic EPS": 0.17,
        "Diluted NI Availto Com Stockholders": 3994000.0,
        "Net Income Common Stockholders": 3994000.0,
        "Net Income": 3994000.0,
        "Net Income Including Noncontrolling Interests": 3994000.0,
        "Net Income Continuous Operations": 3994000.0,
        "Tax Provision": 1730000.0,
        "Pretax Income": 5724000.0,
        "Other Income Expense": 5555000.0,
        "Other Non Operating Income Expenses": 5555000.0,
        "Net Non Operating Interest Income Expense": NaN,
        "Interest Expense Non Operating": NaN,
        "Operating Income": 169000.0,
        "Operating Expense": 73544000.0,
        "Selling General And Administration": 73544000.0,
        "Selling And Marketing Expense": 42342000.0,
        "General And Administrative Expense": 31202000.0,
        "Other Gand A": 30702000.0,
        "Rent And Landing Fees": 500000.0,
        "Gross Profit": 73713000.0,
        "Cost Of Revenue": 277707000.0,
        "Total Revenue": 351420000.0,
        "Operating Revenue": 351420000.0
    }
}