{
    "2023-03-31": {
        "Tax Effect Of Unusual Items": NaN,
        "Tax Rate For Calcs": NaN,
        "Normalized EBITDA": NaN,
        "Total Unusual Items": NaN,
        "Total Unusual Items Excluding Goodwill": NaN,
        "Net Income From Continuing Operation Net Minority Interest": NaN,
        "Reconciled Depreciation": NaN,
        "Reconciled Cost Of Revenue": NaN,
        "EBITDA": NaN,
        "EBIT": NaN,
        "Net Interest Income": NaN,
        "Interest Expense": NaN,
        "Interest Income": NaN,
        "Normalized Income": NaN,
        "Net Income From Continuing And Discontinued Operation": NaN,
        "Total Expenses": NaN,
        "Diluted Average Shares": 64006000.0,
        "Basic Average Shares": 64006000.0,
        "Diluted EPS": -0.02,
        "Basic EPS": -0.02,
        "Diluted NI Availto Com Stockholders": NaN,
        "Net Income Common Stockholders": NaN,
        "Net Income": NaN,
        "Minority Interests": NaN,
        "Net Income Including Noncontrolling Interests": NaN,
        "Net Income Continuous Operations": NaN,
        "Tax Provision": NaN,
        "Pretax Income": NaN,
        "Other Income Expense": NaN,
        "Special Income Charges": NaN,
        "Other Special Charges": NaN,
        "Write Off": NaN,
        "Impairment Of Capital Assets": NaN,
        "Gain On Sale Of Security": NaN,
        "Net Non Operating Interest Income Expense": NaN,
        "Interest Expense Non Operating": NaN,
        "Interest Income Non Operating": NaN,
        "Operating Income": NaN,
        "Operating Expense": NaN,
        "Other Operating Expenses": NaN,
        "Selling General And Administration": NaN,
        "General And Administrative Expense": NaN,
        "Other Gand A": NaN,
        "Salaries And Wages": NaN,
        "Gross Profit": NaN,
        "Cost Of Revenue": NaN,
        "Total Revenue": NaN,
        "Operating Revenue": NaN
    },
    "2022-12-31": {
        "Tax Effect Of Unusual Items": NaN,
        "Tax Rate For Calcs": NaN,
        "Normalized EBITDA": NaN,
        "Total Unusual Items": NaN,
        "Total Unusual Items Excluding Goodwill": NaN,
        "Net Income From Continuing Operation Net Minority Interest": NaN,
        "Reconciled Depreciation": NaN,
        "Reconciled Cost Of Revenue": NaN,
        "EBITDA": NaN,
        "EBIT": NaN,
        "Net Interest Income": NaN,
        "Interest Expense": NaN,
        "Interest Income": NaN,
        "Normalized Income": NaN,
        "Net Income From Continuing And Discontinued Operation": NaN,
        "Total Expenses": NaN,
        "Diluted Average Shares": NaN,
        "Basic Average Shares": NaN,
        "Diluted EPS": NaN,
        "Basic EPS": NaN,
        "Diluted NI Availto Com Stockholders": NaN,
        "Net Income Common Stockholders": NaN,
        "Net Income": NaN,
        "Minority Interests": NaN,
        "Net Income Including Noncontrolling Interests": NaN,
        "Net Income Continuous Operations": NaN,
        "Tax Provision": NaN,
        "Pretax Income": NaN,
        "Other Income Expense": NaN,
        "Special Income Charges": NaN,
        "Other Special Charges": NaN,
        "Write Off": NaN,
        "Impairment Of Capital Assets": NaN,
        "Gain On Sale Of Security": NaN,
        "Net Non Operating Interest Income Expense": NaN,
        "Total Other Finance Cost": 40000.0,
        "Interest Expense Non Operating": NaN,
        "Interest Income Non Operating": NaN,
        "Operating Income": NaN,
        "Operating Expense": NaN,
        "Other Operating Expenses": NaN,
        "Provision For Doubtful Accounts": -58000.0,
        "Selling General And Administration": NaN,
        "General And Administrative Expense": NaN,
        "Other Gand A": NaN,
        "Salaries And Wages": NaN,
        "Gross Profit": NaN,
        "Cost Of Revenue": NaN,
        "Total Revenue": NaN,
        "Operating Revenue": NaN
    },
    "2022-09-30": {
        "Tax Effect Of Unusual Items": NaN,
        "Tax Rate For Calcs": NaN,
        "Normalized EBITDA": NaN,
        "Total Unusual Items": NaN,
        "Total Unusual Items Excluding Goodwill": NaN,
        "Net Income From Continuing Operation Net Minority Interest": NaN,
        "Reconciled Depreciation": NaN,
        "Reconciled Cost Of Revenue": NaN,
        "EBITDA": NaN,
        "EBIT": NaN,
        "Net Interest Income": NaN,
        "Interest Expense": NaN,
        "Interest Income": NaN,
        "Normalized Income": NaN,
        "Net Income From Continuing And Discontinued Operation": NaN,
        "Total Expenses": NaN,
        "Diluted Average Shares": 64217000.0,
        "Basic Average Shares": 64217000.0,
        "Diluted EPS": -0.04,
        "Basic EPS": -0.04,
        "Diluted NI Availto Com Stockholders": NaN,
        "Net Income Common Stockholders": NaN,
        "Net Income": NaN,
        "Minority Interests": NaN,
        "Net Income Including Noncontrolling Interests": NaN,
        "Net Income Continuous Operations": NaN,
        "Tax Provision": NaN,
        "Pretax Income": NaN,
        "Other Income Expense": NaN,
        "Special Income Charges": NaN,
        "Other Special Charges": NaN,
        "Write Off": NaN,
        "Impairment Of Capital Assets": NaN,
        "Gain On Sale Of Security": NaN,
        "Net Non Operating Interest Income Expense": NaN,
        "Total Other Finance Cost": 59000.0,
        "Interest Expense Non Operating": NaN,
        "Interest Income Non Operating": NaN,
        "Operating Income": NaN,
        "Operating Expense": NaN,
        "Other Operating Expenses": NaN,
        "Provision For Doubtful Accounts": 0.0,
        "Selling General And Administration": NaN,
        "General And Administrative Expense": NaN,
        "Other Gand A": NaN,
        "Salaries And Wages": NaN,
        "Gross Profit": NaN,
        "Cost Of Revenue": NaN,
        "Total Revenue": NaN,
        "Operating Revenue": NaN
    },
    "2022-06-30": {
        "Tax Effect Of Unusual Items": 111650.319068,
        "Tax Rate For Calcs": 0.198313,
        "Normalized EBITDA": 28090000.0,
        "Total Unusual Items": 563000.0,
        "Total Unusual Items Excluding Goodwill": 563000.0,
        "Net Income From Continuing Operation Net Minority Interest": 18140000.0,
        "Reconciled Depreciation": 5972000.0,
        "Reconciled Cost Of Revenue": 50704000.0,
        "EBITDA": 28653000.0,
        "EBIT": 22681000.0,
        "Net Interest Income": -101000.0,
        "Interest Expense": 272000.0,
        "Interest Income": 213000.0,
        "Normalized Income": 17688650.319068,
        "Net Income From Continuing And Discontinued Operation": 18140000.0,
        "Total Expenses": 62857000.0,
        "Diluted Average Shares": 65133000.0,
        "Basic Average Shares": 64824000.0,
        "Diluted EPS": 0.28,
        "Basic EPS": 0.28,
        "Diluted NI Availto Com Stockholders": 18140000.0,
        "Net Income Common Stockholders": 18140000.0,
        "Net Income": 18140000.0,
        "Minority Interests": 175000.0,
        "Net Income Including Noncontrolling Interests": 17965000.0,
        "Net Income Continuous Operations": 17965000.0,
        "Tax Provision": 4444000.0,
        "Pretax Income": 22409000.0,
        "Other Income Expense": 563000.0,
        "Special Income Charges": -1847000.0,
        "Other Special Charges": 1847000.0,
        "Write Off": NaN,
        "Gain On Sale Of Security": 2410000.0,
        "Net Non Operating Interest Income Expense": -101000.0,
        "Total Other Finance Cost": 42000.0,
        "Interest Expense Non Operating": 272000.0,
        "Interest Income Non Operating": 213000.0,
        "Operating Income": 21947000.0,
        "Operating Expense": 12153000.0,
        "Other Operating Expenses": 180000.0,
        "Provision For Doubtful Accounts": 0.0,
        "Selling General And Administration": 11973000.0,
        "General And Administrative Expense": 11973000.0,
        "Other Gand A": 11482000.0,
        "Salaries And Wages": 491000.0,
        "Gross Profit": 34100000.0,
        "Cost Of Revenue": 50704000.0,
        "Total Revenue": 84804000.0,
        "Operating Revenue": 84804000.0
    },
    "2022-03-31": {
        "Diluted EPS": -0.03,
        "Total Revenue": 43,
        "Gross Profit": 14,
        "Operating Income": 2,
        "EBIT": 7,
        "Net Income": -2
    },
    "2021-12-31": {
        "Diluted EPS": 0.01,
        "Total Revenue": 50,
        "Gross Profit": -18,
        "Operating Income": -5,
        "EBIT": 1,
        "Net Income": 1
    },
    "2021-09-30": {
        "Diluted EPS": 0.14,
        "Total Revenue": 54,
        "Gross Profit": 22,
        "Operating Income": 15,
        "EBIT": 20,
        "Net Income": 9
    },
    "2021-06-30": {
        "Diluted EPS": 0.13,
        "Total Revenue": 54,
        "Gross Profit": 50,
        "Operating Income": 16,
        "EBIT": 22,
        "Net Income": 8
    },
    "2021-03-31": {
        "Diluted EPS": 0.07,
        "Total Revenue": 40,
        "Gross Profit": 12,
        "Operating Income": 6,
        "EBIT": 12,
        "Net Income": 4
    },
    "2020-12-31": {
        "Diluted EPS": 0.12,
        "Total Revenue": 42,
        "Gross Profit": 11,
        "Operating Income": 3,
        "EBIT": 8,
        "Net Income": 7
    },
    "2020-09-30": {
        "Diluted EPS": 0.04,
        "Total Revenue": 27,
        "Gross Profit": 6,
        "Operating Income": 4,
        "EBIT": 7,
        "Net Income": 3
    },
    "2020-06-30": {
        "Diluted EPS": -0.12,
        "Total Revenue": 10,
        "Gross Profit": 1,
        "Operating Income": -2,
        "EBIT": 0,
        "Net Income": -7
    },
    "2020-03-31": {
        "Diluted EPS": 0.07,
        "Total Revenue": 42,
        "Gross Profit": 15,
        "Operating Income": 12,
        "EBIT": 18,
        "Net Income": 4
    },
    "2019-12-31": {
        "Diluted EPS": -0.01,
        "Total Revenue": 26,
        "Gross Profit": 10,
        "Operating Income": 7,
        "EBIT": 13,
        "Net Income": -4
    },
    "2019-09-30": {
        "Diluted EPS": -0.01,
        "Total Revenue": 25,
        "Gross Profit": 1,
        "Operating Income": -4,
        "EBIT": 1,
        "Net Income": -6
    },
    "2019-06-30": {
        "Diluted EPS": -0.03,
        "Total Revenue": 22,
        "Gross Profit": -3,
        "Operating Income": -7,
        "EBIT": -2,
        "Net Income": -15
    },
    "2019-03-31": {
        "Diluted EPS": 0.0,
        "Total Revenue": 44,
        "Gross Profit": 15,
        "Operating Income": 9,
        "EBIT": 16,
        "Net Income": -2
    },
    "2018-12-31": {
        "Diluted EPS": 0.12,
        "Total Revenue": 137,
        "Gross Profit": 137,
        "Operating Income": 137,
        "EBIT": 137,
        "Net Income": 83
    },
    "2017-12-31": {
        "Diluted EPS": 0.0,
        "Total Revenue": 38,
        "Gross Profit": 38,
        "Operating Income": 38,
        "EBIT": 38,
        "Net Income": 0
    },
    "2016-12-31": {
        "Diluted EPS": -0.02,
        "Total Revenue": 24,
        "Gross Profit": 24,
        "Operating Income": 24,
        "EBIT": 24,
        "Net Income": -9
    },
    "2023-06-30": {
        "Tax Effect Of Unusual Items": NaN,
        "Tax Rate For Calcs": NaN,
        "Normalized EBITDA": NaN,
        "Total Unusual Items": NaN,
        "Total Unusual Items Excluding Goodwill": NaN,
        "Net Income From Continuing Operation Net Minority Interest": NaN,
        "Reconciled Depreciation": NaN,
        "Reconciled Cost Of Revenue": NaN,
        "EBITDA": NaN,
        "EBIT": NaN,
        "Net Interest Income": NaN,
        "Interest Expense": NaN,
        "Interest Income": NaN,
        "Normalized Income": NaN,
        "Net Income From Continuing And Discontinued Operation": NaN,
        "Total Expenses": NaN,
        "Diluted Average Shares": 64045000.0,
        "Basic Average Shares": 64045000.0,
        "Diluted EPS": -0.09,
        "Basic EPS": -0.09,
        "Diluted NI Availto Com Stockholders": NaN,
        "Net Income Common Stockholders": NaN,
        "Net Income": NaN,
        "Minority Interests": NaN,
        "Net Income Including Noncontrolling Interests": NaN,
        "Net Income Continuous Operations": NaN,
        "Tax Provision": NaN,
        "Pretax Income": NaN,
        "Other Income Expense": NaN,
        "Special Income Charges": NaN,
        "Other Special Charges": NaN,
        "Write Off": 225000.0,
        "Impairment Of Capital Assets": NaN,
        "Gain On Sale Of Security": NaN,
        "Net Non Operating Interest Income Expense": NaN,
        "Interest Expense Non Operating": NaN,
        "Interest Income Non Operating": NaN,
        "Operating Income": NaN,
        "Operating Expense": NaN,
        "Other Operating Expenses": NaN,
        "Selling General And Administration": NaN,
        "General And Administrative Expense": NaN,
        "Other Gand A": NaN,
        "Salaries And Wages": NaN,
        "Gross Profit": NaN,
        "Cost Of Revenue": NaN,
        "Total Revenue": NaN,
        "Operating Revenue": NaN
    },
    "2023-09-30": {
        "Tax Effect Of Unusual Items": NaN,
        "Tax Rate For Calcs": NaN,
        "Normalized EBITDA": NaN,
        "Total Unusual Items": NaN,
        "Total Unusual Items Excluding Goodwill": NaN,
        "Net Income From Continuing Operation Net Minority Interest": NaN,
        "Reconciled Depreciation": NaN,
        "Reconciled Cost Of Revenue": NaN,
        "EBITDA": NaN,
        "EBIT": NaN,
        "Net Interest Income": NaN,
        "Interest Expense": NaN,
        "Interest Income": NaN,
        "Normalized Income": NaN,
        "Net Income From Continuing And Discontinued Operation": NaN,
        "Total Expenses": NaN,
        "Diluted Average Shares": 64050000.0,
        "Basic Average Shares": 64050000.0,
        "Diluted EPS": -0.19,
        "Basic EPS": -0.19,
        "Diluted NI Availto Com Stockholders": NaN,
        "Net Income Common Stockholders": NaN,
        "Net Income": NaN,
        "Minority Interests": NaN,
        "Net Income Including Noncontrolling Interests": NaN,
        "Net Income Continuous Operations": NaN,
        "Tax Provision": NaN,
        "Pretax Income": NaN,
        "Other Income Expense": NaN,
        "Special Income Charges": NaN,
        "Other Special Charges": NaN,
        "Impairment Of Capital Assets": NaN,
        "Gain On Sale Of Security": NaN,
        "Net Non Operating Interest Income Expense": NaN,
        "Interest Expense Non Operating": NaN,
        "Interest Income Non Operating": NaN,
        "Operating Income": NaN,
        "Operating Expense": NaN,
        "Other Operating Expenses": NaN,
        "Selling General And Administration": NaN,
        "General And Administrative Expense": NaN,
        "Other Gand A": NaN,
        "Salaries And Wages": NaN,
        "Gross Profit": NaN,
        "Cost Of Revenue": NaN,
        "Total Revenue": NaN,
        "Operating Revenue": NaN
    },
    "2023-12-31": {
        "Tax Effect Of Unusual Items": -681026.678877,
        "Tax Rate For Calcs": 0.187973,
        "Normalized EBITDA": -1268000.0,
        "Total Unusual Items": -3623000.0,
        "Total Unusual Items Excluding Goodwill": -3623000.0,
        "Net Income From Continuing Operation Net Minority Interest": -11945000.0,
        "Reconciled Depreciation": 7393000.0,
        "Reconciled Cost Of Revenue": 43218000.0,
        "EBITDA": -4891000.0,
        "EBIT": -12284000.0,
        "Net Interest Income": -3816000.0,
        "Interest Expense": 4096000.0,
        "Interest Income": 280000.0,
        "Normalized Income": -9003026.678877,
        "Net Income From Continuing And Discontinued Operation": -11945000.0,
        "Total Expenses": 53111000.0,
        "Diluted Average Shares": NaN,
        "Basic Average Shares": NaN,
        "Diluted EPS": NaN,
        "Basic EPS": NaN,
        "Diluted NI Availto Com Stockholders": -11945000.0,
        "Net Income Common Stockholders": -11945000.0,
        "Net Income": -11945000.0,
        "Minority Interests": 1356000.0,
        "Net Income Including Noncontrolling Interests": -13301000.0,
        "Net Income Continuous Operations": -13301000.0,
        "Tax Provision": -3079000.0,
        "Pretax Income": -16380000.0,
        "Other Income Expense": -3623000.0,
        "Special Income Charges": -4446000.0,
        "Other Special Charges": 911000.0,
        "Impairment Of Capital Assets": 3535000.0,
        "Gain On Sale Of Security": 823000.0,
        "Net Non Operating Interest Income Expense": -3816000.0,
        "Interest Expense Non Operating": 4096000.0,
        "Interest Income Non Operating": 280000.0,
        "Operating Income": -8941000.0,
        "Operating Expense": 9893000.0,
        "Other Operating Expenses": 1871000.0,
        "Selling General And Administration": 8022000.0,
        "General And Administrative Expense": 8022000.0,
        "Other Gand A": 7791000.0,
        "Salaries And Wages": 231000.0,
        "Gross Profit": 952000.0,
        "Cost Of Revenue": 43218000.0,
        "Total Revenue": 44170000.0,
        "Operating Revenue": 44170000.0
    },
    "2024-03-31": {
        "Tax Effect Of Unusual Items": NaN,
        "Tax Rate For Calcs": NaN,
        "Normalized EBITDA": NaN,
        "Total Unusual Items": NaN,
        "Total Unusual Items Excluding Goodwill": NaN,
        "Net Income From Continuing Operation Net Minority Interest": NaN,
        "Reconciled Depreciation": NaN,
        "Reconciled Cost Of Revenue": NaN,
        "EBITDA": NaN,
        "EBIT": NaN,
        "Net Interest Income": NaN,
        "Interest Expense": NaN,
        "Interest Income": NaN,
        "Normalized Income": NaN,
        "Net Income From Continuing And Discontinued Operation": NaN,
        "Total Expenses": NaN,
        "Diluted Average Shares": NaN,
        "Basic Average Shares": NaN,
        "Diluted EPS": NaN,
        "Basic EPS": NaN,
        "Diluted NI Availto Com Stockholders": NaN,
        "Net Income Common Stockholders": NaN,
        "Net Income": NaN,
        "Minority Interests": NaN,
        "Net Income Including Noncontrolling Interests": NaN,
        "Net Income Continuous Operations": NaN,
        "Tax Provision": NaN,
        "Pretax Income": NaN,
        "Other Income Expense": NaN,
        "Special Income Charges": NaN,
        "Gain On Sale Of Business": 0.0,
        "Other Special Charges": NaN,
        "Impairment Of Capital Assets": NaN,
        "Earnings From Equity Interest": 0.0,
        "Gain On Sale Of Security": NaN,
        "Net Non Operating Interest Income Expense": NaN,
        "Interest Expense Non Operating": NaN,
        "Interest Income Non Operating": NaN,
        "Operating Income": NaN,
        "Operating Expense": NaN,
        "Other Operating Expenses": NaN,
        "Provision For Doubtful Accounts": NaN,
        "Selling General And Administration": NaN,
        "General And Administrative Expense": NaN,
        "Other Gand A": NaN,
        "Salaries And Wages": NaN,
        "Gross Profit": NaN,
        "Cost Of Revenue": NaN,
        "Total Revenue": NaN,
        "Operating Revenue": NaN
    },
    "2024-06-30": {
        "Tax Effect Of Unusual Items": -1711501.174303,
        "Tax Rate For Calcs": 0.333042,
        "Normalized EBITDA": -7603000.0,
        "Total Unusual Items": -5139000.0,
        "Total Unusual Items Excluding Goodwill": -5139000.0,
        "Net Income From Continuing Operation Net Minority Interest": -14280000.0,
        "Reconciled Depreciation": 6168000.0,
        "Reconciled Cost Of Revenue": 36379000.0,
        "EBITDA": -12742000.0,
        "EBIT": -18910000.0,
        "Net Interest Income": -1935000.0,
        "Interest Expense": 2805000.0,
        "Interest Income": 870000.0,
        "Normalized Income": -10852501.174303,
        "Net Income From Continuing And Discontinued Operation": -14280000.0,
        "Total Expenses": 43200000.0,
        "Diluted Average Shares": 64080000.0,
        "Basic Average Shares": 64080000.0,
        "Diluted EPS": -0.23,
        "Basic EPS": -0.23,
        "Diluted NI Availto Com Stockholders": -14280000.0,
        "Net Income Common Stockholders": -14280000.0,
        "Net Income": -14280000.0,
        "Minority Interests": 203000.0,
        "Net Income Including Noncontrolling Interests": -14483000.0,
        "Net Income Continuous Operations": -14483000.0,
        "Tax Provision": -7232000.0,
        "Pretax Income": -21715000.0,
        "Other Income Expense": -5139000.0,
        "Special Income Charges": -1007000.0,
        "Gain On Sale Of Business": 0.0,
        "Other Special Charges": 678000.0,
        "Impairment Of Capital Assets": 329000.0,
        "Earnings From Equity Interest": 0.0,
        "Gain On Sale Of Security": -4132000.0,
        "Net Non Operating Interest Income Expense": -1935000.0,
        "Interest Expense Non Operating": 2805000.0,
        "Interest Income Non Operating": 870000.0,
        "Operating Income": -14641000.0,
        "Operating Expense": 6821000.0,
        "Other Operating Expenses": 1256000.0,
        "Provision For Doubtful Accounts": 0.0,
        "Selling General And Administration": 5565000.0,
        "General And Administrative Expense": 5565000.0,
        "Other Gand A": 5447000.0,
        "Salaries And Wages": 118000.0,
        "Gross Profit": -7820000.0,
        "Cost Of Revenue": 36379000.0,
        "Total Revenue": 28559000.0,
        "Operating Revenue": 28559000.0
    },
    "2024-09-30": {
        "Tax Effect Of Unusual Items": -167164.948454,
        "Tax Rate For Calcs": 0.154639,
        "Normalized EBITDA": -2789000.0,
        "Total Unusual Items": -1081000.0,
        "Total Unusual Items Excluding Goodwill": -1081000.0,
        "Net Income From Continuing Operation Net Minority Interest": -9664000.0,
        "Reconciled Depreciation": 5578000.0,
        "Reconciled Cost Of Revenue": 29538000.0,
        "EBITDA": -3870000.0,
        "EBIT": -9448000.0,
        "Net Interest Income": -2228000.0,
        "Interest Expense": 2483000.0,
        "Interest Income": 255000.0,
        "Normalized Income": -8750164.948454,
        "Net Income From Continuing And Discontinued Operation": -9664000.0,
        "Total Expenses": 38528000.0,
        "Diluted Average Shares": 64111000.0,
        "Basic Average Shares": 64111000.0,
        "Diluted EPS": -0.16,
        "Basic EPS": -0.16,
        "Diluted NI Availto Com Stockholders": -9664000.0,
        "Net Income Common Stockholders": -9664000.0,
        "Net Income": -9664000.0,
        "Minority Interests": 422000.0,
        "Net Income Including Noncontrolling Interests": -10086000.0,
        "Net Income Continuous Operations": -10086000.0,
        "Tax Provision": -1845000.0,
        "Pretax Income": -11931000.0,
        "Other Income Expense": -1081000.0,
        "Special Income Charges": -2167000.0,
        "Gain On Sale Of Business": NaN,
        "Other Special Charges": 1185000.0,
        "Impairment Of Capital Assets": 982000.0,
        "Earnings From Equity Interest": NaN,
        "Gain On Sale Of Security": 1086000.0,
        "Net Non Operating Interest Income Expense": -2228000.0,
        "Interest Expense Non Operating": 2483000.0,
        "Interest Income Non Operating": 255000.0,
        "Operating Income": -8622000.0,
        "Operating Expense": 8990000.0,
        "Other Operating Expenses": 179000.0,
        "Provision For Doubtful Accounts": NaN,
        "Selling General And Administration": 8811000.0,
        "General And Administrative Expense": 8811000.0,
        "Other Gand A": 8036000.0,
        "Salaries And Wages": 775000.0,
        "Gross Profit": 368000.0,
        "Cost Of Revenue": 29538000.0,
        "Total Revenue": 29906000.0,
        "Operating Revenue": 29906000.0
    },
    "2024-12-31": {
        "Tax Effect Of Unusual Items": -3027864.772374,
        "Tax Rate For Calcs": 0.326454,
        "Normalized EBITDA": 554000.0,
        "Total Unusual Items": -9275000.0,
        "Total Unusual Items Excluding Goodwill": -9275000.0,
        "Net Income From Continuing Operation Net Minority Interest": -12917000.0,
        "Reconciled Depreciation": 8205000.0,
        "Reconciled Cost Of Revenue": 30194000.0,
        "EBITDA": -8721000.0,
        "EBIT": -16926000.0,
        "Net Interest Income": -2268000.0,
        "Interest Expense": 2360000.0,
        "Interest Income": 92000.0,
        "Normalized Income": -6669864.772374,
        "Net Income From Continuing And Discontinued Operation": -12917000.0,
        "Total Expenses": 32011000.0,
        "Diluted Average Shares": 68368421.0,
        "Basic Average Shares": 68368421.0,
        "Diluted EPS": -0.19,
        "Basic EPS": -0.19,
        "Diluted NI Availto Com Stockholders": -12917000.0,
        "Net Income Common Stockholders": -12917000.0,
        "Net Income": -12917000.0,
        "Minority Interests": 73000.0,
        "Net Income Including Noncontrolling Interests": -12990000.0,
        "Net Income Continuous Operations": -12990000.0,
        "Tax Provision": -6296000.0,
        "Pretax Income": -19286000.0,
        "Other Income Expense": -9275000.0,
        "Special Income Charges": -715000.0,
        "Gain On Sale Of Business": NaN,
        "Other Special Charges": 793000.0,
        "Impairment Of Capital Assets": -78000.0,
        "Earnings From Equity Interest": NaN,
        "Gain On Sale Of Security": -8560000.0,
        "Net Non Operating Interest Income Expense": -2268000.0,
        "Interest Expense Non Operating": 2360000.0,
        "Interest Income Non Operating": 92000.0,
        "Operating Income": -7743000.0,
        "Operating Expense": 1817000.0,
        "Other Operating Expenses": 250000.0,
        "Provision For Doubtful Accounts": NaN,
        "Selling General And Administration": 1567000.0,
        "General And Administrative Expense": 1567000.0,
        "Other Gand A": 1429000.0,
        "Salaries And Wages": 138000.0,
        "Gross Profit": -5926000.0,
        "Cost Of Revenue": 30194000.0,
        "Total Revenue": 24268000.0,
        "Operating Revenue": 24268000.0
    },
    "2025-03-31": {
        "Tax Effect Of Unusual Items": 2339816.2592,
        "Tax Rate For Calcs": 0.221301,
        "Normalized EBITDA": -14560000.0,
        "Total Unusual Items": 10573000.0,
        "Total Unusual Items Excluding Goodwill": 10573000.0,
        "Net Income From Continuing Operation Net Minority Interest": -9001000.0,
        "Reconciled Depreciation": 5683000.0,
        "Reconciled Cost Of Revenue": 42477000.0,
        "EBITDA": -3987000.0,
        "EBIT": -9670000.0,
        "Net Interest Income": -2030000.0,
        "Interest Expense": 2151000.0,
        "Interest Income": 121000.0,
        "Normalized Income": -17234183.7408,
        "Net Income From Continuing And Discontinued Operation": -9001000.0,
        "Total Expenses": 47757000.0,
        "Diluted Average Shares": 64112000.0,
        "Basic Average Shares": 64112000.0,
        "Diluted EPS": -0.14,
        "Basic EPS": -0.14,
        "Diluted NI Availto Com Stockholders": -9001000.0,
        "Net Income Common Stockholders": -9001000.0,
        "Net Income": -9001000.0,
        "Minority Interests": 204000.0,
        "Net Income Including Noncontrolling Interests": -9205000.0,
        "Net Income Continuous Operations": -9205000.0,
        "Tax Provision": -2616000.0,
        "Pretax Income": -11821000.0,
        "Other Income Expense": 9731000.0,
        "Special Income Charges": 4782000.0,
        "Gain On Sale Of Business": 5179000.0,
        "Other Special Charges": 130000.0,
        "Impairment Of Capital Assets": 267000.0,
        "Earnings From Equity Interest": -842000.0,
        "Gain On Sale Of Security": 5791000.0,
        "Net Non Operating Interest Income Expense": -2030000.0,
        "Interest Expense Non Operating": 2151000.0,
        "Interest Income Non Operating": 121000.0,
        "Operating Income": -19522000.0,
        "Operating Expense": 5280000.0,
        "Other Operating Expenses": 44000.0,
        "Provision For Doubtful Accounts": NaN,
        "Selling General And Administration": 5236000.0,
        "General And Administrative Expense": 5236000.0,
        "Other Gand A": 5126000.0,
        "Salaries And Wages": 110000.0,
        "Gross Profit": -14242000.0,
        "Cost Of Revenue": 42477000.0,
        "Total Revenue": 28235000.0,
        "Operating Revenue": 28235000.0
    },
    "2025-06-30": {
        "Tax Effect Of Unusual Items": 965952.990871,
        "Tax Rate For Calcs": 0.216242,
        "Normalized EBITDA": -4548000.0,
        "Total Unusual Items": 4467000.0,
        "Total Unusual Items Excluding Goodwill": 4467000.0,
        "Net Income From Continuing Operation Net Minority Interest": -5673000.0,
        "Reconciled Depreciation": 4307000.0,
        "Reconciled Cost Of Revenue": 30057000.0,
        "EBITDA": -81000.0,
        "EBIT": -4388000.0,
        "Net Interest Income": -2895000.0,
        "Interest Expense": 2951000.0,
        "Interest Income": 56000.0,
        "Normalized Income": -9174047.009129,
        "Net Income From Continuing And Discontinued Operation": -5673000.0,
        "Total Expenses": 33594000.0,
        "Diluted Average Shares": 64125000.0,
        "Basic Average Shares": 64125000.0,
        "Diluted EPS": -0.09,
        "Basic EPS": -0.09,
        "Diluted NI Availto Com Stockholders": -5673000.0,
        "Net Income Common Stockholders": -5673000.0,
        "Net Income": -5673000.0,
        "Minority Interests": 79000.0,
        "Net Income Including Noncontrolling Interests": -5752000.0,
        "Net Income Continuous Operations": -5752000.0,
        "Tax Provision": -1587000.0,
        "Pretax Income": -7339000.0,
        "Other Income Expense": 3033000.0,
        "Special Income Charges": -278000.0,
        "Gain On Sale Of Business": 0.0,
        "Other Special Charges": 232000.0,
        "Impairment Of Capital Assets": 46000.0,
        "Earnings From Equity Interest": -1434000.0,
        "Gain On Sale Of Security": 4745000.0,
        "Net Non Operating Interest Income Expense": -2895000.0,
        "Interest Expense Non Operating": 2951000.0,
        "Interest Income Non Operating": 56000.0,
        "Operating Income": -7477000.0,
        "Operating Expense": 3537000.0,
        "Other Operating Expenses": 31000.0,
        "Provision For Doubtful Accounts": 0.0,
        "Selling General And Administration": 3506000.0,
        "General And Administrative Expense": 3506000.0,
        "Other Gand A": 3404000.0,
        "Salaries And Wages": 102000.0,
        "Gross Profit": -3940000.0,
        "Cost Of Revenue": 30057000.0,
        "Total Revenue": 26117000.0,
        "Operating Revenue": 26117000.0
    }
}