{
    "2023-03-31": {
        "Tax Effect Of Unusual Items": 0.0,
        "Tax Rate For Calcs": 0.21,
        "Normalized EBITDA": -25645000.0,
        "Net Income From Continuing Operation Net Minority Interest": -24045000.0,
        "Reconciled Depreciation": 324000.0,
        "EBITDA": -25645000.0,
        "EBIT": -25969000.0,
        "Net Interest Income": 2406000.0,
        "Interest Income": 2406000.0,
        "Normalized Income": -24045000.0,
        "Net Income From Continuing And Discontinued Operation": -24045000.0,
        "Total Expenses": 25969000.0,
        "Total Operating Income As Reported": -25969000.0,
        "Diluted Average Shares": 107162025.0,
        "Basic Average Shares": 107162025.0,
        "Diluted EPS": -0.22,
        "Basic EPS": -0.22,
        "Diluted NI Availto Com Stockholders": -24045000.0,
        "Net Income Common Stockholders": -24045000.0,
        "Net Income": -24045000.0,
        "Net Income Including Noncontrolling Interests": -24045000.0,
        "Net Income Continuous Operations": -24045000.0,
        "Tax Provision": 438000.0,
        "Pretax Income": -23607000.0,
        "Other Income Expense": -44000.0,
        "Other Non Operating Income Expenses": -44000.0,
        "Net Non Operating Interest Income Expense": 2406000.0,
        "Interest Income Non Operating": 2406000.0,
        "Operating Income": -25969000.0,
        "Operating Expense": 25969000.0,
        "Research And Development": 10831000.0,
        "Selling General And Administration": 15138000.0,
        "General And Administrative Expense": 15138000.0,
        "Other Gand A": 15138000.0,
        "Total Revenue": 0.0,
        "Operating Revenue": 0.0
    },
    "2022-12-31": {
        "Tax Effect Of Unusual Items": 0.0,
        "Tax Rate For Calcs": 0.018791,
        "Normalized EBITDA": -28928000.0,
        "Net Income From Continuing Operation Net Minority Interest": -18276000.0,
        "Reconciled Depreciation": 317000.0,
        "EBITDA": -28928000.0,
        "EBIT": -29245000.0,
        "Net Interest Income": 2083000.0,
        "Interest Income": NaN,
        "Normalized Income": -18276000.0,
        "Net Income From Continuing And Discontinued Operation": -18276000.0,
        "Total Expenses": 29245000.0,
        "Total Operating Income As Reported": -29245000.0,
        "Diluted Average Shares": 108127303.0,
        "Basic Average Shares": 108127303.0,
        "Diluted EPS": -0.17,
        "Basic EPS": -0.17,
        "Diluted NI Availto Com Stockholders": -18276000.0,
        "Net Income Common Stockholders": -18276000.0,
        "Net Income": -18276000.0,
        "Net Income Including Noncontrolling Interests": -18276000.0,
        "Net Income Continuous Operations": -18276000.0,
        "Tax Provision": -350000.0,
        "Pretax Income": -18626000.0,
        "Other Income Expense": 8536000.0,
        "Other Non Operating Income Expenses": 8536000.0,
        "Net Non Operating Interest Income Expense": 2083000.0,
        "Interest Income Non Operating": NaN,
        "Operating Income": -29245000.0,
        "Operating Expense": 29245000.0,
        "Research And Development": 10577000.0,
        "Selling General And Administration": 18668000.0,
        "General And Administrative Expense": 18668000.0,
        "Other Gand A": 18668000.0,
        "Total Revenue": 0.0,
        "Operating Revenue": 0.0
    },
    "2022-09-30": {
        "Tax Effect Of Unusual Items": 0.0,
        "Tax Rate For Calcs": 0.0,
        "Normalized EBITDA": -24269000.0,
        "Net Income From Continuing Operation Net Minority Interest": -21897000.0,
        "Reconciled Depreciation": 280000.0,
        "EBITDA": -24269000.0,
        "EBIT": -24549000.0,
        "Net Interest Income": 1405000.0,
        "Interest Income": 1405000.0,
        "Normalized Income": -21897000.0,
        "Net Income From Continuing And Discontinued Operation": -21897000.0,
        "Total Expenses": 24549000.0,
        "Total Operating Income As Reported": -24549000.0,
        "Diluted Average Shares": 108353831.0,
        "Basic Average Shares": 108353831.0,
        "Diluted EPS": -0.2,
        "Basic EPS": -0.2,
        "Diluted NI Availto Com Stockholders": -21897000.0,
        "Net Income Common Stockholders": -21897000.0,
        "Net Income": -21897000.0,
        "Net Income Including Noncontrolling Interests": -21897000.0,
        "Net Income Continuous Operations": -21897000.0,
        "Tax Provision": 6000.0,
        "Pretax Income": -21891000.0,
        "Other Income Expense": 1253000.0,
        "Other Non Operating Income Expenses": 1253000.0,
        "Net Non Operating Interest Income Expense": 1405000.0,
        "Total Other Finance Cost": NaN,
        "Interest Income Non Operating": 1405000.0,
        "Operating Income": -24549000.0,
        "Operating Expense": 24549000.0,
        "Research And Development": 8258000.0,
        "Selling General And Administration": 16291000.0,
        "General And Administrative Expense": 16291000.0,
        "Other Gand A": 16291000.0,
        "Total Revenue": 0.0,
        "Operating Revenue": 0.0
    },
    "2022-06-30": {
        "Tax Effect Of Unusual Items": 0.0,
        "Tax Rate For Calcs": 0.0,
        "Normalized EBITDA": -43004000.0,
        "Net Income From Continuing Operation Net Minority Interest": -42391000.0,
        "Reconciled Depreciation": 138000.0,
        "EBITDA": -43004000.0,
        "EBIT": -43142000.0,
        "Net Interest Income": 553000.0,
        "Interest Income": 553000.0,
        "Normalized Income": -42391000.0,
        "Net Income From Continuing And Discontinued Operation": -42391000.0,
        "Total Expenses": 43142000.0,
        "Total Operating Income As Reported": -43142000.0,
        "Diluted Average Shares": 107922501.0,
        "Basic Average Shares": 107922501.0,
        "Diluted EPS": -0.39,
        "Basic EPS": -0.39,
        "Diluted NI Availto Com Stockholders": -42391000.0,
        "Net Income Common Stockholders": -42391000.0,
        "Net Income": -42391000.0,
        "Net Income Including Noncontrolling Interests": -42391000.0,
        "Net Income Continuous Operations": -42391000.0,
        "Tax Provision": 5000.0,
        "Pretax Income": -42386000.0,
        "Other Income Expense": 203000.0,
        "Other Non Operating Income Expenses": 203000.0,
        "Net Non Operating Interest Income Expense": 553000.0,
        "Total Other Finance Cost": NaN,
        "Interest Income Non Operating": 553000.0,
        "Operating Income": -43142000.0,
        "Operating Expense": 43142000.0,
        "Research And Development": 28591000.0,
        "Selling General And Administration": 14551000.0,
        "General And Administrative Expense": 14551000.0,
        "Other Gand A": 14551000.0,
        "Total Revenue": 0.0,
        "Operating Revenue": 0.0
    },
    "2022-03-31": {
        "Diluted EPS": -0.26,
        "Total Revenue": NaN,
        "Gross Profit": NaN,
        "Operating Income": -28,
        "EBIT": -28,
        "Net Income": -28
    },
    "2021-12-31": {
        "Diluted EPS": 2.83,
        "Total Revenue": NaN,
        "Gross Profit": NaN,
        "Operating Income": -22,
        "EBIT": -22,
        "Net Income": -21
    },
    "2021-09-30": {
        "Diluted EPS": -0.63,
        "Total Revenue": NaN,
        "Gross Profit": NaN,
        "Operating Income": -14,
        "EBIT": -13,
        "Net Income": -13
    },
    "2021-06-30": {
        "Diluted EPS": -4.9,
        "Total Revenue": NaN,
        "Gross Profit": NaN,
        "Operating Income": -99,
        "EBIT": -99,
        "Net Income": -100
    },
    "2021-03-31": {
        "Diluted EPS": -3.01,
        "Total Revenue": NaN,
        "Gross Profit": NaN,
        "Operating Income": -60,
        "EBIT": -60,
        "Net Income": -62
    },
    "2020-12-31": {
        "Diluted EPS": 0.0,
        "Total Revenue": NaN,
        "Gross Profit": NaN,
        "Operating Income": NaN,
        "EBIT": NaN,
        "Net Income": NaN
    },
    "2020-09-30": {
        "Diluted EPS": -11.71,
        "Total Revenue": NaN,
        "Gross Profit": NaN,
        "Operating Income": -119,
        "EBIT": -119,
        "Net Income": -120
    },
    "2023-06-30": {
        "Tax Effect Of Unusual Items": 0.0,
        "Tax Rate For Calcs": 0.21,
        "Normalized EBITDA": -24710000.0,
        "Net Income From Continuing Operation Net Minority Interest": -21621000.0,
        "Reconciled Depreciation": 334000.0,
        "EBITDA": -24710000.0,
        "EBIT": -25044000.0,
        "Net Interest Income": 2754000.0,
        "Interest Income": 2754000.0,
        "Normalized Income": -21621000.0,
        "Net Income From Continuing And Discontinued Operation": -21621000.0,
        "Total Expenses": 25044000.0,
        "Total Operating Income As Reported": -25044000.0,
        "Diluted Average Shares": 107164401.0,
        "Basic Average Shares": 107164401.0,
        "Diluted EPS": -0.2,
        "Basic EPS": -0.2,
        "Diluted NI Availto Com Stockholders": -21621000.0,
        "Net Income Common Stockholders": -21621000.0,
        "Net Income": -21621000.0,
        "Net Income Including Noncontrolling Interests": -21621000.0,
        "Net Income Continuous Operations": -21621000.0,
        "Tax Provision": 200000.0,
        "Pretax Income": -21421000.0,
        "Other Income Expense": 869000.0,
        "Other Non Operating Income Expenses": 869000.0,
        "Net Non Operating Interest Income Expense": 2754000.0,
        "Interest Income Non Operating": 2754000.0,
        "Operating Income": -25044000.0,
        "Operating Expense": 25044000.0,
        "Research And Development": 9454000.0,
        "Selling General And Administration": 15590000.0,
        "General And Administrative Expense": 15590000.0,
        "Other Gand A": 15590000.0,
        "Total Revenue": 0.0,
        "Operating Revenue": 0.0
    },
    "2023-09-30": {
        "Tax Effect Of Unusual Items": 0.0,
        "Tax Rate For Calcs": 0.21,
        "Normalized EBITDA": -25976000.0,
        "Net Income From Continuing Operation Net Minority Interest": -24039000.0,
        "Reconciled Depreciation": 325000.0,
        "EBITDA": -25976000.0,
        "EBIT": -26301000.0,
        "Net Interest Income": 2707000.0,
        "Interest Income": 2707000.0,
        "Normalized Income": -24039000.0,
        "Net Income From Continuing And Discontinued Operation": -24039000.0,
        "Total Expenses": 26301000.0,
        "Total Operating Income As Reported": -26301000.0,
        "Diluted Average Shares": 107167691.0,
        "Basic Average Shares": 107167691.0,
        "Diluted EPS": -0.22,
        "Basic EPS": -0.22,
        "Diluted NI Availto Com Stockholders": -24039000.0,
        "Net Income Common Stockholders": -24039000.0,
        "Net Income": -24039000.0,
        "Net Income Including Noncontrolling Interests": -24039000.0,
        "Net Income Continuous Operations": -24039000.0,
        "Tax Provision": 586000.0,
        "Pretax Income": -23453000.0,
        "Other Income Expense": 141000.0,
        "Other Non Operating Income Expenses": 141000.0,
        "Net Non Operating Interest Income Expense": 2707000.0,
        "Interest Income Non Operating": 2707000.0,
        "Operating Income": -26301000.0,
        "Operating Expense": 26301000.0,
        "Research And Development": 9018000.0,
        "Selling General And Administration": 17283000.0,
        "General And Administrative Expense": 17283000.0,
        "Other Gand A": 17283000.0,
        "Total Revenue": 0.0,
        "Operating Revenue": 0.0
    }
}