{
    "2023-03-31": {
        "Tax Effect Of Unusual Items": NaN,
        "Tax Rate For Calcs": NaN,
        "Normalized EBITDA": NaN,
        "Total Unusual Items": NaN,
        "Total Unusual Items Excluding Goodwill": NaN,
        "Net Income From Continuing Operation Net Minority Interest": NaN,
        "Reconciled Depreciation": NaN,
        "Reconciled Cost Of Revenue": NaN,
        "EBITDA": NaN,
        "EBIT": NaN,
        "Net Interest Income": NaN,
        "Interest Expense": NaN,
        "Normalized Income": NaN,
        "Net Income From Continuing And Discontinued Operation": NaN,
        "Total Expenses": NaN,
        "Total Operating Income As Reported": NaN,
        "Diluted Average Shares": NaN,
        "Basic Average Shares": NaN,
        "Diluted EPS": NaN,
        "Basic EPS": NaN,
        "Diluted NI Availto Com Stockholders": NaN,
        "Average Dilution Earnings": NaN,
        "Net Income Common Stockholders": NaN,
        "Net Income": NaN,
        "Minority Interests": NaN,
        "Net Income Including Noncontrolling Interests": NaN,
        "Net Income Continuous Operations": NaN,
        "Tax Provision": NaN,
        "Pretax Income": NaN,
        "Other Income Expense": NaN,
        "Other Non Operating Income Expenses": NaN,
        "Special Income Charges": NaN,
        "Other Special Charges": 4600000.0,
        "Write Off": 21200000.0,
        "Impairment Of Capital Assets": NaN,
        "Restructuring And Mergern Acquisition": NaN,
        "Gain On Sale Of Security": NaN,
        "Net Non Operating Interest Income Expense": NaN,
        "Interest Expense Non Operating": NaN,
        "Operating Income": NaN,
        "Operating Expense": NaN,
        "Other Operating Expenses": NaN,
        "Depreciation Amortization Depletion Income Statement": NaN,
        "Depreciation And Amortization In Income Statement": NaN,
        "Selling General And Administration": NaN,
        "Selling And Marketing Expense": NaN,
        "General And Administrative Expense": NaN,
        "Salaries And Wages": NaN,
        "Gross Profit": NaN,
        "Cost Of Revenue": NaN,
        "Total Revenue": NaN,
        "Operating Revenue": NaN
    },
    "2022-12-31": {
        "Tax Effect Of Unusual Items": NaN,
        "Tax Rate For Calcs": NaN,
        "Normalized EBITDA": NaN,
        "Total Unusual Items": NaN,
        "Total Unusual Items Excluding Goodwill": NaN,
        "Net Income From Continuing Operation Net Minority Interest": NaN,
        "Reconciled Depreciation": NaN,
        "Reconciled Cost Of Revenue": NaN,
        "EBITDA": NaN,
        "EBIT": NaN,
        "Net Interest Income": NaN,
        "Interest Expense": NaN,
        "Normalized Income": NaN,
        "Net Income From Continuing And Discontinued Operation": NaN,
        "Total Expenses": NaN,
        "Total Operating Income As Reported": NaN,
        "Diluted Average Shares": NaN,
        "Basic Average Shares": NaN,
        "Diluted EPS": NaN,
        "Basic EPS": NaN,
        "Diluted NI Availto Com Stockholders": NaN,
        "Average Dilution Earnings": NaN,
        "Net Income Common Stockholders": NaN,
        "Net Income": NaN,
        "Minority Interests": NaN,
        "Net Income Including Noncontrolling Interests": NaN,
        "Net Income Continuous Operations": NaN,
        "Tax Provision": NaN,
        "Pretax Income": NaN,
        "Other Income Expense": NaN,
        "Other Non Operating Income Expenses": NaN,
        "Special Income Charges": NaN,
        "Other Special Charges": NaN,
        "Write Off": -550000000.0,
        "Impairment Of Capital Assets": NaN,
        "Restructuring And Mergern Acquisition": NaN,
        "Gain On Sale Of Security": NaN,
        "Net Non Operating Interest Income Expense": NaN,
        "Interest Expense Non Operating": NaN,
        "Operating Income": NaN,
        "Operating Expense": NaN,
        "Other Operating Expenses": NaN,
        "Depreciation Amortization Depletion Income Statement": NaN,
        "Depreciation And Amortization In Income Statement": NaN,
        "Selling General And Administration": NaN,
        "Selling And Marketing Expense": NaN,
        "General And Administrative Expense": NaN,
        "Salaries And Wages": NaN,
        "Gross Profit": NaN,
        "Cost Of Revenue": NaN,
        "Total Revenue": NaN,
        "Operating Revenue": NaN
    },
    "2022-09-30": {
        "Tax Effect Of Unusual Items": NaN,
        "Tax Rate For Calcs": NaN,
        "Normalized EBITDA": NaN,
        "Total Unusual Items": NaN,
        "Total Unusual Items Excluding Goodwill": NaN,
        "Net Income From Continuing Operation Net Minority Interest": NaN,
        "Reconciled Depreciation": NaN,
        "Reconciled Cost Of Revenue": NaN,
        "EBITDA": NaN,
        "EBIT": NaN,
        "Net Interest Income": NaN,
        "Interest Expense": NaN,
        "Normalized Income": NaN,
        "Net Income From Continuing And Discontinued Operation": NaN,
        "Total Expenses": NaN,
        "Total Operating Income As Reported": NaN,
        "Diluted Average Shares": 240600000.0,
        "Basic Average Shares": 220200000.0,
        "Diluted EPS": 0.34,
        "Basic EPS": 0.34,
        "Diluted NI Availto Com Stockholders": NaN,
        "Average Dilution Earnings": NaN,
        "Net Income Common Stockholders": NaN,
        "Net Income": NaN,
        "Minority Interests": NaN,
        "Net Income Including Noncontrolling Interests": NaN,
        "Net Income Continuous Operations": NaN,
        "Tax Provision": NaN,
        "Pretax Income": NaN,
        "Other Income Expense": NaN,
        "Other Non Operating Income Expenses": NaN,
        "Special Income Charges": NaN,
        "Other Special Charges": NaN,
        "Write Off": 0.0,
        "Impairment Of Capital Assets": NaN,
        "Restructuring And Mergern Acquisition": NaN,
        "Gain On Sale Of Security": NaN,
        "Net Non Operating Interest Income Expense": NaN,
        "Interest Expense Non Operating": NaN,
        "Operating Income": NaN,
        "Operating Expense": NaN,
        "Other Operating Expenses": NaN,
        "Depreciation Amortization Depletion Income Statement": NaN,
        "Depreciation And Amortization In Income Statement": NaN,
        "Selling General And Administration": NaN,
        "Selling And Marketing Expense": NaN,
        "General And Administrative Expense": NaN,
        "Salaries And Wages": NaN,
        "Gross Profit": NaN,
        "Cost Of Revenue": NaN,
        "Total Revenue": NaN,
        "Operating Revenue": NaN
    },
    "2022-06-30": {
        "Tax Effect Of Unusual Items": -215280000.0,
        "Tax Rate For Calcs": 0.4,
        "Normalized EBITDA": 422200000.0,
        "Total Unusual Items": -538200000.0,
        "Total Unusual Items Excluding Goodwill": -538200000.0,
        "Net Income From Continuing Operation Net Minority Interest": -473000000.0,
        "Reconciled Depreciation": 213300000.0,
        "Reconciled Cost Of Revenue": 299500000.0,
        "EBITDA": -116000000.0,
        "EBIT": -329300000.0,
        "Net Interest Income": -136900000.0,
        "Interest Expense": 136900000.0,
        "Normalized Income": -150080000.0,
        "Net Income From Continuing And Discontinued Operation": -473000000.0,
        "Total Expenses": 1008300000.0,
        "Total Operating Income As Reported": -350200000.0,
        "Diluted Average Shares": 224900000.0,
        "Basic Average Shares": 224900000.0,
        "Diluted EPS": -2.11,
        "Basic EPS": -2.11,
        "Diluted NI Availto Com Stockholders": -473000000.0,
        "Average Dilution Earnings": NaN,
        "Net Income Common Stockholders": -473000000.0,
        "Net Income": -473000000.0,
        "Minority Interests": 33600000.0,
        "Net Income Including Noncontrolling Interests": -506600000.0,
        "Net Income Continuous Operations": -506600000.0,
        "Tax Provision": 40400000.0,
        "Pretax Income": -466200000.0,
        "Other Income Expense": -538600000.0,
        "Other Non Operating Income Expenses": -400000.0,
        "Special Income Charges": -559500000.0,
        "Other Special Charges": NaN,
        "Write Off": 556600000.0,
        "Impairment Of Capital Assets": 556600000.0,
        "Restructuring And Mergern Acquisition": 2900000.0,
        "Gain On Sale Of Security": 21300000.0,
        "Net Non Operating Interest Income Expense": -136900000.0,
        "Interest Expense Non Operating": 136900000.0,
        "Operating Income": 209300000.0,
        "Operating Expense": 708800000.0,
        "Other Operating Expenses": 260500000.0,
        "Depreciation Amortization Depletion Income Statement": 213300000.0,
        "Depreciation And Amortization In Income Statement": 213300000.0,
        "Selling General And Administration": 235000000.0,
        "Selling And Marketing Expense": 58100000.0,
        "General And Administrative Expense": 176900000.0,
        "Other Gand A": 54600000.0,
        "Salaries And Wages": 176900000.0,
        "Gross Profit": 918100000.0,
        "Cost Of Revenue": 299500000.0,
        "Total Revenue": 1217600000.0,
        "Operating Revenue": 1217600000.0
    },
    "2022-03-31": {
        "Diluted EPS": 0.35,
        "Total Revenue": NaN,
        "Gross Profit": 407,
        "Operating Income": 185,
        "EBIT": 408,
        "Net Income": 81
    },
    "2021-12-31": {
        "Diluted EPS": -2.63,
        "Total Revenue": NaN,
        "Gross Profit": 429,
        "Operating Income": -423,
        "EBIT": -185,
        "Net Income": -616
    },
    "2021-09-30": {
        "Diluted EPS": 0.32,
        "Total Revenue": NaN,
        "Gross Profit": 410,
        "Operating Income": 136,
        "EBIT": 397,
        "Net Income": 76
    },
    "2021-06-30": {
        "Diluted EPS": 0.05,
        "Total Revenue": NaN,
        "Gross Profit": 431,
        "Operating Income": 173,
        "EBIT": 423,
        "Net Income": 13
    },
    "2021-03-31": {
        "Diluted EPS": 0.38,
        "Total Revenue": NaN,
        "Gross Profit": 426,
        "Operating Income": 181,
        "EBIT": 431,
        "Net Income": 89
    },
    "2020-12-31": {
        "Diluted EPS": 0.05,
        "Total Revenue": NaN,
        "Gross Profit": 399,
        "Operating Income": 98,
        "EBIT": 364,
        "Net Income": -29
    },
    "2020-09-30": {
        "Diluted EPS": -0.46,
        "Total Revenue": 888,
        "Gross Profit": 332,
        "Operating Income": 87,
        "EBIT": 326,
        "Net Income": -85
    },
    "2020-06-30": {
        "Diluted EPS": -2.12,
        "Total Revenue": 849,
        "Gross Profit": 309,
        "Operating Income": -206,
        "EBIT": 17,
        "Net Income": -393
    },
    "2020-03-31": {
        "Diluted EPS": -0.98,
        "Total Revenue": 931,
        "Gross Profit": 340,
        "Operating Income": 108,
        "EBIT": 329,
        "Net Income": -181
    },
    "2019-12-31": {
        "Diluted EPS": 0.1,
        "Total Revenue": 975,
        "Gross Profit": 203,
        "Operating Income": 139,
        "EBIT": 371,
        "Net Income": 16
    },
    "2019-09-30": {
        "Diluted EPS": 0.19,
        "Total Revenue": 967,
        "Gross Profit": 365,
        "Operating Income": -70,
        "EBIT": 163,
        "Net Income": 35
    },
    "2019-06-30": {
        "Diluted EPS": -0.64,
        "Total Revenue": 983,
        "Gross Profit": 372,
        "Operating Income": 144,
        "EBIT": 367,
        "Net Income": -116
    },
    "2019-03-31": {
        "Diluted EPS": -0.23,
        "Total Revenue": 943,
        "Gross Profit": 545,
        "Operating Income": 113,
        "EBIT": 331,
        "Net Income": -42
    },
    "2018-12-31": {
        "Diluted EPS": -1.3,
        "Total Revenue": 949,
        "Gross Profit": -215,
        "Operating Income": -385,
        "EBIT": -168,
        "Net Income": -233
    },
    "2018-09-30": {
        "Diluted EPS": -0.15,
        "Total Revenue": 925,
        "Gross Profit": 541,
        "Operating Income": 139,
        "EBIT": 343,
        "Net Income": -26
    },
    "2018-06-30": {
        "Diluted EPS": -0.25,
        "Total Revenue": 922,
        "Gross Profit": 535,
        "Operating Income": 124,
        "EBIT": 331,
        "Net Income": -42
    },
    "2018-03-31": {
        "Diluted EPS": -0.26,
        "Total Revenue": 910,
        "Gross Profit": 526,
        "Operating Income": 98,
        "EBIT": 300,
        "Net Income": -45
    },
    "2017-12-31": {
        "Diluted EPS": -2.34,
        "Total Revenue": 850,
        "Gross Profit": 474,
        "Operating Income": -247,
        "EBIT": -41,
        "Net Income": -401
    },
    "2017-09-30": {
        "Diluted EPS": -2.0,
        "Total Revenue": 908,
        "Gross Profit": 526,
        "Operating Income": -206,
        "EBIT": -10,
        "Net Income": -343
    },
    "2017-06-30": {
        "Diluted EPS": -0.16,
        "Total Revenue": 921,
        "Gross Profit": 531,
        "Operating Income": 155,
        "EBIT": 344,
        "Net Income": -28
    },
    "2017-03-31": {
        "Diluted EPS": -0.03,
        "Total Revenue": 911,
        "Gross Profit": 519,
        "Operating Income": 135,
        "EBIT": 325,
        "Net Income": -6
    },
    "2016-12-31": {
        "Diluted EPS": -0.07,
        "Total Revenue": 923,
        "Gross Profit": 923,
        "Operating Income": 923,
        "EBIT": 923,
        "Net Income": -13
    },
    "2016-09-30": {
        "Diluted EPS": -0.47,
        "Total Revenue": 894,
        "Gross Profit": 894,
        "Operating Income": 894,
        "EBIT": 894,
        "Net Income": -82
    },
    "2016-06-30": {
        "Diluted EPS": -2.04,
        "Total Revenue": 603,
        "Gross Profit": 603,
        "Operating Income": 603,
        "EBIT": 603,
        "Net Income": -103
    },
    "2016-03-31": {
        "Diluted EPS": -0.88,
        "Total Revenue": 304,
        "Gross Profit": 304,
        "Operating Income": 304,
        "EBIT": 304,
        "Net Income": -39
    },
    "2015-12-31": {
        "Diluted EPS": 0.0,
        "Total Revenue": NaN,
        "Gross Profit": NaN,
        "Operating Income": NaN,
        "EBIT": NaN,
        "Net Income": NaN
    },
    "2015-09-30": {
        "Diluted EPS": 0.69,
        "Total Revenue": 309,
        "Gross Profit": 309,
        "Operating Income": 309,
        "EBIT": 309,
        "Net Income": 30
    },
    "2023-06-30": {
        "Tax Effect Of Unusual Items": NaN,
        "Tax Rate For Calcs": NaN,
        "Normalized EBITDA": NaN,
        "Total Unusual Items": NaN,
        "Total Unusual Items Excluding Goodwill": NaN,
        "Net Income From Continuing Operation Net Minority Interest": NaN,
        "Reconciled Depreciation": NaN,
        "Reconciled Cost Of Revenue": NaN,
        "EBITDA": NaN,
        "EBIT": NaN,
        "Net Interest Income": NaN,
        "Interest Expense": NaN,
        "Normalized Income": NaN,
        "Net Income From Continuing And Discontinued Operation": NaN,
        "Total Expenses": NaN,
        "Total Operating Income As Reported": NaN,
        "Diluted Average Shares": 227300000.0,
        "Basic Average Shares": 212300000.0,
        "Diluted EPS": 0.16,
        "Basic EPS": 0.17,
        "Diluted NI Availto Com Stockholders": NaN,
        "Average Dilution Earnings": 1300000.0,
        "Net Income Common Stockholders": NaN,
        "Net Income": NaN,
        "Minority Interests": NaN,
        "Net Income Including Noncontrolling Interests": NaN,
        "Net Income Continuous Operations": NaN,
        "Tax Provision": NaN,
        "Pretax Income": NaN,
        "Other Income Expense": NaN,
        "Other Non Operating Income Expenses": NaN,
        "Special Income Charges": NaN,
        "Other Special Charges": -400000.0,
        "Write Off": 26400000.0,
        "Impairment Of Capital Assets": NaN,
        "Restructuring And Mergern Acquisition": NaN,
        "Gain On Sale Of Security": NaN,
        "Net Non Operating Interest Income Expense": NaN,
        "Interest Expense Non Operating": NaN,
        "Operating Income": NaN,
        "Operating Expense": NaN,
        "Other Operating Expenses": NaN,
        "Depreciation Amortization Depletion Income Statement": NaN,
        "Depreciation And Amortization In Income Statement": NaN,
        "Selling General And Administration": NaN,
        "Selling And Marketing Expense": NaN,
        "General And Administrative Expense": NaN,
        "Salaries And Wages": NaN,
        "Gross Profit": NaN,
        "Cost Of Revenue": NaN,
        "Total Revenue": NaN,
        "Operating Revenue": NaN
    },
    "2023-09-30": {
        "Tax Effect Of Unusual Items": NaN,
        "Tax Rate For Calcs": NaN,
        "Normalized EBITDA": NaN,
        "Total Unusual Items": NaN,
        "Total Unusual Items Excluding Goodwill": NaN,
        "Net Income From Continuing Operation Net Minority Interest": NaN,
        "Reconciled Depreciation": NaN,
        "Reconciled Cost Of Revenue": NaN,
        "EBITDA": NaN,
        "EBIT": NaN,
        "Net Interest Income": NaN,
        "Interest Expense": NaN,
        "Normalized Income": NaN,
        "Net Income From Continuing And Discontinued Operation": NaN,
        "Total Expenses": NaN,
        "Total Operating Income As Reported": NaN,
        "Diluted Average Shares": 208600000.0,
        "Basic Average Shares": 207200000.0,
        "Diluted EPS": 0.29,
        "Basic EPS": 0.29,
        "Diluted NI Availto Com Stockholders": NaN,
        "Average Dilution Earnings": NaN,
        "Net Income Common Stockholders": NaN,
        "Net Income": NaN,
        "Minority Interests": NaN,
        "Net Income Including Noncontrolling Interests": NaN,
        "Net Income Continuous Operations": NaN,
        "Tax Provision": NaN,
        "Pretax Income": NaN,
        "Other Income Expense": NaN,
        "Other Non Operating Income Expenses": NaN,
        "Special Income Charges": NaN,
        "Other Special Charges": -300000.0,
        "Write Off": 8200000.0,
        "Impairment Of Capital Assets": NaN,
        "Restructuring And Mergern Acquisition": NaN,
        "Gain On Sale Of Security": NaN,
        "Net Non Operating Interest Income Expense": NaN,
        "Interest Expense Non Operating": NaN,
        "Operating Income": NaN,
        "Operating Expense": NaN,
        "Other Operating Expenses": NaN,
        "Depreciation Amortization Depletion Income Statement": NaN,
        "Depreciation And Amortization In Income Statement": NaN,
        "Selling General And Administration": NaN,
        "Selling And Marketing Expense": NaN,
        "General And Administrative Expense": NaN,
        "Salaries And Wages": NaN,
        "Gross Profit": NaN,
        "Cost Of Revenue": NaN,
        "Total Revenue": NaN,
        "Operating Revenue": NaN
    },
    "2023-12-31": {
        "Tax Effect Of Unusual Items": NaN,
        "Tax Rate For Calcs": NaN,
        "Normalized EBITDA": NaN,
        "Total Unusual Items": NaN,
        "Total Unusual Items Excluding Goodwill": NaN,
        "Net Income From Continuing Operation Net Minority Interest": NaN,
        "Reconciled Depreciation": NaN,
        "Reconciled Cost Of Revenue": NaN,
        "EBITDA": NaN,
        "EBIT": NaN,
        "Net Interest Income": NaN,
        "Interest Expense": NaN,
        "Normalized Income": NaN,
        "Net Income From Continuing And Discontinued Operation": NaN,
        "Total Expenses": NaN,
        "Total Operating Income As Reported": NaN,
        "Diluted Average Shares": NaN,
        "Basic Average Shares": NaN,
        "Diluted EPS": NaN,
        "Basic EPS": NaN,
        "Diluted NI Availto Com Stockholders": NaN,
        "Average Dilution Earnings": NaN,
        "Net Income Common Stockholders": NaN,
        "Net Income": NaN,
        "Minority Interests": NaN,
        "Net Income Including Noncontrolling Interests": NaN,
        "Net Income Continuous Operations": NaN,
        "Tax Provision": NaN,
        "Pretax Income": NaN,
        "Other Income Expense": NaN,
        "Other Non Operating Income Expenses": NaN,
        "Special Income Charges": NaN,
        "Other Special Charges": 0.0,
        "Impairment Of Capital Assets": NaN,
        "Restructuring And Mergern Acquisition": NaN,
        "Gain On Sale Of Security": NaN,
        "Net Non Operating Interest Income Expense": NaN,
        "Interest Expense Non Operating": NaN,
        "Operating Income": NaN,
        "Operating Expense": NaN,
        "Other Operating Expenses": NaN,
        "Depreciation Amortization Depletion Income Statement": NaN,
        "Depreciation And Amortization In Income Statement": NaN,
        "Selling General And Administration": NaN,
        "Selling And Marketing Expense": NaN,
        "General And Administrative Expense": NaN,
        "Salaries And Wages": NaN,
        "Gross Profit": NaN,
        "Cost Of Revenue": NaN,
        "Total Revenue": NaN,
        "Operating Revenue": NaN
    },
    "2024-03-31": {
        "Tax Effect Of Unusual Items": 25600000.0,
        "Tax Rate For Calcs": 0.4,
        "Normalized EBITDA": 344300000.0,
        "Total Unusual Items": 64000000.0,
        "Total Unusual Items Excluding Goodwill": 64000000.0,
        "Net Income From Continuing Operation Net Minority Interest": -500000.0,
        "Reconciled Depreciation": 247800000.0,
        "Reconciled Cost Of Revenue": 376300000.0,
        "EBITDA": 408300000.0,
        "EBIT": 160500000.0,
        "Net Interest Income": -155900000.0,
        "Interest Expense": 155900000.0,
        "Normalized Income": -38900000.0,
        "Net Income From Continuing And Discontinued Operation": -500000.0,
        "Total Expenses": 1001200000.0,
        "Total Operating Income As Reported": 92800000.0,
        "Diluted Average Shares": 203600000.0,
        "Basic Average Shares": 203600000.0,
        "Diluted EPS": 0.0,
        "Basic EPS": 0.0,
        "Diluted NI Availto Com Stockholders": -500000.0,
        "Average Dilution Earnings": NaN,
        "Net Income Common Stockholders": -500000.0,
        "Net Income": -500000.0,
        "Minority Interests": 0.0,
        "Net Income Including Noncontrolling Interests": -500000.0,
        "Net Income Continuous Operations": -500000.0,
        "Tax Provision": 5100000.0,
        "Pretax Income": 4600000.0,
        "Other Income Expense": 62300000.0,
        "Other Non Operating Income Expenses": -1700000.0,
        "Special Income Charges": -5700000.0,
        "Other Special Charges": 300000.0,
        "Impairment Of Capital Assets": 1900000.0,
        "Restructuring And Mergern Acquisition": 3500000.0,
        "Gain On Sale Of Security": 69700000.0,
        "Net Non Operating Interest Income Expense": -155900000.0,
        "Interest Expense Non Operating": 155900000.0,
        "Operating Income": 98200000.0,
        "Operating Expense": 624900000.0,
        "Other Operating Expenses": 146400000.0,
        "Depreciation Amortization Depletion Income Statement": 247800000.0,
        "Depreciation And Amortization In Income Statement": 247800000.0,
        "Selling General And Administration": 230700000.0,
        "Selling And Marketing Expense": 47000000.0,
        "General And Administrative Expense": 183700000.0,
        "Salaries And Wages": 183700000.0,
        "Gross Profit": 723100000.0,
        "Cost Of Revenue": 376300000.0,
        "Total Revenue": 1099400000.0,
        "Operating Revenue": 1099400000.0
    },
    "2024-06-30": {
        "Tax Effect Of Unusual Items": -16160000.0,
        "Tax Rate For Calcs": 0.4,
        "Normalized EBITDA": 360500000.0,
        "Total Unusual Items": -40400000.0,
        "Total Unusual Items Excluding Goodwill": -40400000.0,
        "Net Income From Continuing Operation Net Minority Interest": -42700000.0,
        "Reconciled Depreciation": 236700000.0,
        "Reconciled Cost Of Revenue": 373900000.0,
        "EBITDA": 320100000.0,
        "EBIT": 83400000.0,
        "Net Interest Income": -156200000.0,
        "Interest Expense": 156200000.0,
        "Normalized Income": -18460000.0,
        "Net Income From Continuing And Discontinued Operation": -42700000.0,
        "Total Expenses": 989300000.0,
        "Total Operating Income As Reported": 110800000.0,
        "Diluted Average Shares": 197000000.0,
        "Basic Average Shares": 197000000.0,
        "Diluted EPS": -0.22,
        "Basic EPS": -0.22,
        "Diluted NI Availto Com Stockholders": -42700000.0,
        "Average Dilution Earnings": 0.0,
        "Net Income Common Stockholders": -42700000.0,
        "Net Income": -42700000.0,
        "Minority Interests": -5800000.0,
        "Net Income Including Noncontrolling Interests": -36900000.0,
        "Net Income Continuous Operations": -36900000.0,
        "Tax Provision": -35900000.0,
        "Pretax Income": -72800000.0,
        "Other Income Expense": -45300000.0,
        "Other Non Operating Income Expenses": -4900000.0,
        "Special Income Charges": -17900000.0,
        "Other Special Charges": NaN,
        "Impairment Of Capital Assets": 6600000.0,
        "Restructuring And Mergern Acquisition": 11300000.0,
        "Gain On Sale Of Security": -22500000.0,
        "Net Non Operating Interest Income Expense": -156200000.0,
        "Interest Expense Non Operating": 156200000.0,
        "Operating Income": 128700000.0,
        "Operating Expense": 615400000.0,
        "Other Operating Expenses": 166500000.0,
        "Depreciation Amortization Depletion Income Statement": 236700000.0,
        "Depreciation And Amortization In Income Statement": 236700000.0,
        "Selling General And Administration": 212200000.0,
        "Selling And Marketing Expense": 52900000.0,
        "General And Administrative Expense": 159300000.0,
        "Salaries And Wages": 159300000.0,
        "Gross Profit": 744100000.0,
        "Cost Of Revenue": 373900000.0,
        "Total Revenue": 1118000000.0,
        "Operating Revenue": 1118000000.0
    },
    "2024-09-30": {
        "Tax Effect Of Unusual Items": -142337800.0,
        "Tax Rate For Calcs": 0.253,
        "Normalized EBITDA": 392400000.0,
        "Total Unusual Items": -562600000.0,
        "Total Unusual Items Excluding Goodwill": -562600000.0,
        "Net Income From Continuing Operation Net Minority Interest": -435800000.0,
        "Reconciled Depreciation": 245400000.0,
        "Reconciled Cost Of Revenue": 354400000.0,
        "EBITDA": -170200000.0,
        "EBIT": -415600000.0,
        "Net Interest Income": -159200000.0,
        "Interest Expense": 159200000.0,
        "Normalized Income": -15537800.0,
        "Net Income From Continuing And Discontinued Operation": -435800000.0,
        "Total Expenses": 945100000.0,
        "Total Operating Income As Reported": -379600000.0,
        "Diluted Average Shares": 196400000.0,
        "Basic Average Shares": 196400000.0,
        "Diluted EPS": -2.22,
        "Basic EPS": -2.22,
        "Diluted NI Availto Com Stockholders": -435800000.0,
        "Average Dilution Earnings": NaN,
        "Net Income Common Stockholders": -435800000.0,
        "Net Income": -435800000.0,
        "Minority Interests": -6700000.0,
        "Net Income Including Noncontrolling Interests": -429100000.0,
        "Net Income Continuous Operations": -429100000.0,
        "Tax Provision": -145700000.0,
        "Pretax Income": -574800000.0,
        "Other Income Expense": -559700000.0,
        "Other Non Operating Income Expenses": 2900000.0,
        "Special Income Charges": -523700000.0,
        "Other Special Charges": NaN,
        "Impairment Of Capital Assets": 511500000.0,
        "Restructuring And Mergern Acquisition": 12200000.0,
        "Gain On Sale Of Security": -38900000.0,
        "Net Non Operating Interest Income Expense": -159200000.0,
        "Interest Expense Non Operating": 159200000.0,
        "Operating Income": 144100000.0,
        "Operating Expense": 590700000.0,
        "Other Operating Expenses": 141800000.0,
        "Depreciation Amortization Depletion Income Statement": 245400000.0,
        "Depreciation And Amortization In Income Statement": 245400000.0,
        "Selling General And Administration": 203500000.0,
        "Selling And Marketing Expense": 46100000.0,
        "General And Administrative Expense": 157400000.0,
        "Salaries And Wages": 157400000.0,
        "Gross Profit": 734800000.0,
        "Cost Of Revenue": 354400000.0,
        "Total Revenue": 1089200000.0,
        "Operating Revenue": 1089200000.0
    },
    "2024-12-31": {
        "Tax Effect Of Unusual Items": 8160000.0,
        "Tax Rate For Calcs": 0.4,
        "Normalized EBITDA": 386000000.0,
        "Total Unusual Items": 20400000.0,
        "Total Unusual Items Excluding Goodwill": 20400000.0,
        "Net Income From Continuing Operation Net Minority Interest": -178000000.0,
        "Reconciled Depreciation": 238400000.0,
        "Reconciled Cost Of Revenue": 389200000.0,
        "EBITDA": 406400000.0,
        "EBIT": 168000000.0,
        "Net Interest Income": -156400000.0,
        "Interest Expense": 156400000.0,
        "Normalized Income": -190240000.0,
        "Net Income From Continuing And Discontinued Operation": -178000000.0,
        "Total Expenses": 992700000.0,
        "Total Operating Income As Reported": 127700000.0,
        "Diluted Average Shares": NaN,
        "Basic Average Shares": NaN,
        "Diluted EPS": NaN,
        "Basic EPS": NaN,
        "Diluted NI Availto Com Stockholders": -178000000.0,
        "Average Dilution Earnings": NaN,
        "Net Income Common Stockholders": -178000000.0,
        "Net Income": -178000000.0,
        "Minority Interests": -17200000.0,
        "Net Income Including Noncontrolling Interests": -160800000.0,
        "Net Income Continuous Operations": -160800000.0,
        "Tax Provision": 172400000.0,
        "Pretax Income": 11600000.0,
        "Other Income Expense": 10400000.0,
        "Other Non Operating Income Expenses": -10000000.0,
        "Special Income Charges": -35100000.0,
        "Other Special Charges": 5200000.0,
        "Impairment Of Capital Assets": 18400000.0,
        "Restructuring And Mergern Acquisition": 11500000.0,
        "Gain On Sale Of Security": 55500000.0,
        "Net Non Operating Interest Income Expense": -156400000.0,
        "Interest Expense Non Operating": 156400000.0,
        "Operating Income": 157600000.0,
        "Operating Expense": 603500000.0,
        "Other Operating Expenses": 158700000.0,
        "Depreciation Amortization Depletion Income Statement": 238400000.0,
        "Depreciation And Amortization In Income Statement": 238400000.0,
        "Selling General And Administration": 206400000.0,
        "Selling And Marketing Expense": 43600000.0,
        "General And Administrative Expense": 162800000.0,
        "Salaries And Wages": 162800000.0,
        "Gross Profit": 761100000.0,
        "Cost Of Revenue": 389200000.0,
        "Total Revenue": 1150300000.0,
        "Operating Revenue": 1116700000.0
    },
    "2025-03-31": {
        "Tax Effect Of Unusual Items": -36880000.0,
        "Tax Rate For Calcs": 0.4,
        "Normalized EBITDA": 361700000.0,
        "Total Unusual Items": -92200000.0,
        "Total Unusual Items Excluding Goodwill": -92200000.0,
        "Net Income From Continuing Operation Net Minority Interest": -136400000.0,
        "Reconciled Depreciation": 228800000.0,
        "Reconciled Cost Of Revenue": 347300000.0,
        "EBITDA": 269500000.0,
        "EBIT": 40700000.0,
        "Net Interest Income": -158300000.0,
        "Interest Expense": 158300000.0,
        "Normalized Income": -81080000.0,
        "Net Income From Continuing And Discontinued Operation": -136400000.0,
        "Total Expenses": 944700000.0,
        "Total Operating Income As Reported": 128100000.0,
        "Diluted Average Shares": 197500000.0,
        "Basic Average Shares": 197500000.0,
        "Diluted EPS": -0.69,
        "Basic EPS": -0.69,
        "Diluted NI Availto Com Stockholders": -136400000.0,
        "Average Dilution Earnings": NaN,
        "Net Income Common Stockholders": -136400000.0,
        "Net Income": -136400000.0,
        "Minority Interests": -9700000.0,
        "Net Income Including Noncontrolling Interests": -126700000.0,
        "Net Income Continuous Operations": -126700000.0,
        "Tax Provision": 9100000.0,
        "Pretax Income": -117600000.0,
        "Other Income Expense": -98100000.0,
        "Other Non Operating Income Expenses": -5900000.0,
        "Special Income Charges": -25100000.0,
        "Other Special Charges": 14400000.0,
        "Impairment Of Capital Assets": 1500000.0,
        "Restructuring And Mergern Acquisition": 9200000.0,
        "Gain On Sale Of Security": -67100000.0,
        "Net Non Operating Interest Income Expense": -158300000.0,
        "Interest Expense Non Operating": 158300000.0,
        "Operating Income": 138800000.0,
        "Operating Expense": 597400000.0,
        "Other Operating Expenses": 141800000.0,
        "Depreciation Amortization Depletion Income Statement": 228800000.0,
        "Depreciation And Amortization In Income Statement": 228800000.0,
        "Selling General And Administration": 226800000.0,
        "Selling And Marketing Expense": 45600000.0,
        "General And Administrative Expense": 181200000.0,
        "Salaries And Wages": 181200000.0,
        "Gross Profit": 736200000.0,
        "Cost Of Revenue": 347300000.0,
        "Total Revenue": 1083500000.0,
        "Operating Revenue": 1083500000.0
    }
}