{
    "2023-03-31": {
        "Tax Effect Of Unusual Items": 0.0,
        "Tax Rate For Calcs": 0.21,
        "Normalized EBITDA": 606000.0,
        "Total Unusual Items": 0.0,
        "Total Unusual Items Excluding Goodwill": 0.0,
        "Net Income From Continuing Operation Net Minority Interest": -109000.0,
        "Reconciled Depreciation": 1255000.0,
        "Reconciled Cost Of Revenue": 38093000.0,
        "EBITDA": 606000.0,
        "EBIT": -649000.0,
        "Net Interest Income": 442000.0,
        "Interest Expense": 25000.0,
        "Interest Income": 467000.0,
        "Normalized Income": -109000.0,
        "Net Income From Continuing And Discontinued Operation": -109000.0,
        "Total Expenses": 88400000.0,
        "Total Operating Income As Reported": -1116000.0,
        "Diluted Average Shares": 30039000.0,
        "Basic Average Shares": 30039000.0,
        "Diluted EPS": -0.003629,
        "Basic EPS": -0.003629,
        "Diluted NI Availto Com Stockholders": -109000.0,
        "Net Income Common Stockholders": -109000.0,
        "Otherunder Preferred Stock Dividend": NaN,
        "Preferred Stock Dividends": NaN,
        "Net Income": -109000.0,
        "Net Income Including Noncontrolling Interests": -109000.0,
        "Net Income Continuous Operations": -109000.0,
        "Tax Provision": -565000.0,
        "Pretax Income": -674000.0,
        "Other Income Expense": NaN,
        "Special Income Charges": 0.0,
        "Gain On Sale Of Ppe": 0.0,
        "Impairment Of Capital Assets": NaN,
        "Net Non Operating Interest Income Expense": 442000.0,
        "Interest Expense Non Operating": 25000.0,
        "Interest Income Non Operating": 467000.0,
        "Operating Income": -1116000.0,
        "Operating Expense": 50307000.0,
        "Selling General And Administration": 50307000.0,
        "Gross Profit": 49191000.0,
        "Cost Of Revenue": 38093000.0,
        "Total Revenue": 87284000.0,
        "Operating Revenue": 87284000.0
    },
    "2022-12-31": {
        "Tax Effect Of Unusual Items": NaN,
        "Tax Rate For Calcs": NaN,
        "Normalized EBITDA": NaN,
        "Total Unusual Items": NaN,
        "Total Unusual Items Excluding Goodwill": NaN,
        "Net Income From Continuing Operation Net Minority Interest": NaN,
        "Reconciled Depreciation": NaN,
        "Reconciled Cost Of Revenue": NaN,
        "EBITDA": NaN,
        "EBIT": NaN,
        "Net Interest Income": NaN,
        "Interest Expense": NaN,
        "Interest Income": NaN,
        "Normalized Income": NaN,
        "Net Income From Continuing And Discontinued Operation": NaN,
        "Total Expenses": NaN,
        "Total Operating Income As Reported": NaN,
        "Diluted Average Shares": NaN,
        "Basic Average Shares": NaN,
        "Diluted EPS": NaN,
        "Basic EPS": NaN,
        "Diluted NI Availto Com Stockholders": NaN,
        "Net Income Common Stockholders": NaN,
        "Otherunder Preferred Stock Dividend": 1637000.0,
        "Preferred Stock Dividends": 199000.0,
        "Net Income": NaN,
        "Net Income Including Noncontrolling Interests": NaN,
        "Net Income Continuous Operations": NaN,
        "Tax Provision": NaN,
        "Pretax Income": NaN,
        "Other Income Expense": NaN,
        "Special Income Charges": NaN,
        "Gain On Sale Of Ppe": NaN,
        "Impairment Of Capital Assets": NaN,
        "Net Non Operating Interest Income Expense": NaN,
        "Interest Expense Non Operating": NaN,
        "Interest Income Non Operating": NaN,
        "Operating Income": NaN,
        "Operating Expense": NaN,
        "Selling General And Administration": NaN,
        "Gross Profit": NaN,
        "Cost Of Revenue": NaN,
        "Total Revenue": NaN,
        "Operating Revenue": NaN
    },
    "2022-09-30": {
        "Tax Effect Of Unusual Items": NaN,
        "Tax Rate For Calcs": NaN,
        "Normalized EBITDA": NaN,
        "Total Unusual Items": NaN,
        "Total Unusual Items Excluding Goodwill": NaN,
        "Net Income From Continuing Operation Net Minority Interest": NaN,
        "Reconciled Depreciation": NaN,
        "Reconciled Cost Of Revenue": NaN,
        "EBITDA": NaN,
        "EBIT": NaN,
        "Net Interest Income": NaN,
        "Interest Expense": NaN,
        "Interest Income": NaN,
        "Normalized Income": NaN,
        "Net Income From Continuing And Discontinued Operation": NaN,
        "Total Expenses": NaN,
        "Total Operating Income As Reported": NaN,
        "Diluted Average Shares": NaN,
        "Basic Average Shares": NaN,
        "Diluted EPS": NaN,
        "Basic EPS": NaN,
        "Diluted NI Availto Com Stockholders": NaN,
        "Net Income Common Stockholders": NaN,
        "Otherunder Preferred Stock Dividend": 695000.0,
        "Preferred Stock Dividends": 304000.0,
        "Net Income": NaN,
        "Net Income Including Noncontrolling Interests": NaN,
        "Net Income Continuous Operations": NaN,
        "Tax Provision": NaN,
        "Pretax Income": NaN,
        "Other Income Expense": NaN,
        "Special Income Charges": NaN,
        "Gain On Sale Of Ppe": NaN,
        "Impairment Of Capital Assets": 0.0,
        "Net Non Operating Interest Income Expense": NaN,
        "Interest Expense Non Operating": NaN,
        "Interest Income Non Operating": NaN,
        "Operating Income": NaN,
        "Operating Expense": NaN,
        "Selling General And Administration": NaN,
        "Gross Profit": NaN,
        "Cost Of Revenue": NaN,
        "Total Revenue": NaN,
        "Operating Revenue": NaN
    },
    "2022-06-30": {
        "Tax Effect Of Unusual Items": 55185.0,
        "Tax Rate For Calcs": 0.283,
        "Normalized EBITDA": 1730000.0,
        "Total Unusual Items": 195000.0,
        "Total Unusual Items Excluding Goodwill": 195000.0,
        "Net Income From Continuing Operation Net Minority Interest": 259000.0,
        "Reconciled Depreciation": 1529000.0,
        "Reconciled Cost Of Revenue": 36106000.0,
        "EBITDA": 1925000.0,
        "EBIT": 396000.0,
        "Net Interest Income": -35000.0,
        "Interest Expense": 35000.0,
        "Interest Income": NaN,
        "Normalized Income": 119185.0,
        "Net Income From Continuing And Discontinued Operation": 259000.0,
        "Total Expenses": 81941000.0,
        "Total Operating Income As Reported": 396000.0,
        "Diluted Average Shares": 25962617.0,
        "Basic Average Shares": 25962617.0,
        "Diluted EPS": -0.001733,
        "Basic EPS": -0.001733,
        "Diluted NI Availto Com Stockholders": -45000.0,
        "Net Income Common Stockholders": -45000.0,
        "Otherunder Preferred Stock Dividend": 0.0,
        "Preferred Stock Dividends": 304000.0,
        "Net Income": 259000.0,
        "Net Income Including Noncontrolling Interests": 259000.0,
        "Net Income Continuous Operations": 259000.0,
        "Tax Provision": 102000.0,
        "Pretax Income": 361000.0,
        "Other Income Expense": 195000.0,
        "Special Income Charges": 195000.0,
        "Gain On Sale Of Ppe": 195000.0,
        "Impairment Of Capital Assets": NaN,
        "Net Non Operating Interest Income Expense": -35000.0,
        "Interest Expense Non Operating": 35000.0,
        "Interest Income Non Operating": NaN,
        "Operating Income": 201000.0,
        "Operating Expense": 45835000.0,
        "Selling General And Administration": 45835000.0,
        "Gross Profit": 46036000.0,
        "Cost Of Revenue": 36106000.0,
        "Total Revenue": 82142000.0,
        "Operating Revenue": 82142000.0
    },
    "2022-03-31": {
        "Diluted EPS": 0.0,
        "Total Revenue": 83,
        "Gross Profit": 46,
        "Operating Income": 0,
        "EBIT": 1,
        "Net Income": 0
    },
    "2021-12-31": {
        "Diluted EPS": 0.74,
        "Total Revenue": 88,
        "Gross Profit": 53,
        "Operating Income": 34,
        "EBIT": 36,
        "Net Income": 24
    },
    "2021-09-30": {
        "Diluted EPS": 0.11,
        "Total Revenue": 89,
        "Gross Profit": 51,
        "Operating Income": 6,
        "EBIT": 8,
        "Net Income": 4
    },
    "2021-06-30": {
        "Diluted EPS": 0.06,
        "Total Revenue": 80,
        "Gross Profit": 47,
        "Operating Income": 3,
        "EBIT": 5,
        "Net Income": 2
    },
    "2021-03-31": {
        "Diluted EPS": 0.13,
        "Total Revenue": 78,
        "Gross Profit": 46,
        "Operating Income": 6,
        "EBIT": 8,
        "Net Income": 4
    },
    "2020-12-31": {
        "Diluted EPS": 1.47,
        "Total Revenue": 82,
        "Gross Profit": 50,
        "Operating Income": 11,
        "EBIT": 13,
        "Net Income": 46
    },
    "2020-09-30": {
        "Diluted EPS": 0.08,
        "Total Revenue": 79,
        "Gross Profit": 45,
        "Operating Income": 4,
        "EBIT": 6,
        "Net Income": 2
    },
    "2020-06-30": {
        "Diluted EPS": 0.02,
        "Total Revenue": 62,
        "Gross Profit": 36,
        "Operating Income": 1,
        "EBIT": 3,
        "Net Income": 1
    },
    "2020-03-31": {
        "Diluted EPS": -0.08,
        "Total Revenue": 70,
        "Gross Profit": 40,
        "Operating Income": -1,
        "EBIT": 1,
        "Net Income": -2
    },
    "2019-12-31": {
        "Diluted EPS": 0.37,
        "Total Revenue": 74,
        "Gross Profit": 43,
        "Operating Income": 10,
        "EBIT": 13,
        "Net Income": 9
    },
    "2019-09-30": {
        "Diluted EPS": 0.05,
        "Total Revenue": 73,
        "Gross Profit": 39,
        "Operating Income": 2,
        "EBIT": 4,
        "Net Income": 1
    },
    "2019-06-30": {
        "Diluted EPS": -0.12,
        "Total Revenue": 64,
        "Gross Profit": 34,
        "Operating Income": -2,
        "EBIT": 0,
        "Net Income": -3
    },
    "2019-03-31": {
        "Diluted EPS": -0.22,
        "Total Revenue": 63,
        "Gross Profit": 33,
        "Operating Income": -5,
        "EBIT": -3,
        "Net Income": -5
    },
    "2018-12-31": {
        "Diluted EPS": 0.2,
        "Total Revenue": 70,
        "Gross Profit": 39,
        "Operating Income": 6,
        "EBIT": 8,
        "Net Income": 5
    },
    "2018-09-30": {
        "Diluted EPS": -0.02,
        "Total Revenue": 70,
        "Gross Profit": 37,
        "Operating Income": 0,
        "EBIT": 2,
        "Net Income": -1
    },
    "2018-06-30": {
        "Diluted EPS": -0.17,
        "Total Revenue": 61,
        "Gross Profit": 31,
        "Operating Income": -4,
        "EBIT": -1,
        "Net Income": -4
    },
    "2018-03-31": {
        "Diluted EPS": -0.28,
        "Total Revenue": 62,
        "Gross Profit": 31,
        "Operating Income": -6,
        "EBIT": -4,
        "Net Income": -7
    },
    "2017-12-31": {
        "Diluted EPS": 0.32,
        "Total Revenue": 67,
        "Gross Profit": 37,
        "Operating Income": 8,
        "EBIT": 10,
        "Net Income": 8
    },
    "2017-09-30": {
        "Diluted EPS": -0.06,
        "Total Revenue": 67,
        "Gross Profit": 33,
        "Operating Income": -1,
        "EBIT": 2,
        "Net Income": -1
    },
    "2017-06-30": {
        "Diluted EPS": -0.28,
        "Total Revenue": 62,
        "Gross Profit": 29,
        "Operating Income": -6,
        "EBIT": -4,
        "Net Income": -7
    },
    "2017-03-31": {
        "Diluted EPS": -0.46,
        "Total Revenue": 65,
        "Gross Profit": 33,
        "Operating Income": -6,
        "EBIT": -1,
        "Net Income": -11
    },
    "2016-12-31": {
        "Diluted EPS": -0.8,
        "Total Revenue": 73,
        "Gross Profit": 38,
        "Operating Income": -19,
        "EBIT": -16,
        "Net Income": -19
    },
    "2016-09-30": {
        "Diluted EPS": -0.02,
        "Total Revenue": 74,
        "Gross Profit": 37,
        "Operating Income": -1,
        "EBIT": 2,
        "Net Income": 0
    },
    "2016-06-30": {
        "Diluted EPS": -0.13,
        "Total Revenue": 68,
        "Gross Profit": 33,
        "Operating Income": -3,
        "EBIT": 0,
        "Net Income": -3
    },
    "2016-03-31": {
        "Diluted EPS": -0.26,
        "Total Revenue": 71,
        "Gross Profit": 34,
        "Operating Income": -6,
        "EBIT": -3,
        "Net Income": -6
    },
    "2015-12-31": {
        "Diluted EPS": 0.37,
        "Total Revenue": 49,
        "Gross Profit": 26,
        "Operating Income": 4,
        "EBIT": 8,
        "Net Income": 9
    },
    "2015-09-30": {
        "Diluted EPS": 0.11,
        "Total Revenue": 54,
        "Gross Profit": 29,
        "Operating Income": 6,
        "EBIT": 10,
        "Net Income": 3
    },
    "2015-06-30": {
        "Diluted EPS": -0.33,
        "Total Revenue": 45,
        "Gross Profit": 22,
        "Operating Income": -4,
        "EBIT": -1,
        "Net Income": -8
    },
    "2015-03-31": {
        "Diluted EPS": -0.3,
        "Total Revenue": 48,
        "Gross Profit": 25,
        "Operating Income": -5,
        "EBIT": -1,
        "Net Income": -7
    },
    "2014-12-31": {
        "Diluted EPS": 0.2,
        "Total Revenue": 53,
        "Gross Profit": 29,
        "Operating Income": 5,
        "EBIT": 11,
        "Net Income": 5
    },
    "2014-09-30": {
        "Diluted EPS": -1.67,
        "Total Revenue": 84,
        "Gross Profit": 42,
        "Operating Income": -39,
        "EBIT": 7,
        "Net Income": -38
    },
    "2014-06-30": {
        "Diluted EPS": -0.51,
        "Total Revenue": 76,
        "Gross Profit": 36,
        "Operating Income": -9,
        "EBIT": -4,
        "Net Income": -12
    },
    "2014-03-31": {
        "Diluted EPS": -0.49,
        "Total Revenue": 79,
        "Gross Profit": 37,
        "Operating Income": -9,
        "EBIT": -3,
        "Net Income": -11
    },
    "2013-12-31": {
        "Diluted EPS": -1.42,
        "Total Revenue": 87,
        "Gross Profit": 46,
        "Operating Income": 7,
        "EBIT": 13,
        "Net Income": -32
    },
    "2013-09-30": {
        "Diluted EPS": -0.1,
        "Total Revenue": 89,
        "Gross Profit": 44,
        "Operating Income": 1,
        "EBIT": 13,
        "Net Income": -2
    },
    "2013-06-30": {
        "Diluted EPS": -0.42,
        "Total Revenue": 82,
        "Gross Profit": 39,
        "Operating Income": -10,
        "EBIT": -4,
        "Net Income": -9
    },
    "2013-03-31": {
        "Diluted EPS": -0.33,
        "Total Revenue": 86,
        "Gross Profit": 43,
        "Operating Income": -7,
        "EBIT": -1,
        "Net Income": -7
    },
    "2012-12-31": {
        "Diluted EPS": -0.54,
        "Total Revenue": 80,
        "Gross Profit": 47,
        "Operating Income": 5,
        "EBIT": 54,
        "Net Income": -12
    },
    "2012-09-30": {
        "Diluted EPS": -0.07,
        "Total Revenue": 102,
        "Gross Profit": 53,
        "Operating Income": 2,
        "EBIT": -15,
        "Net Income": -1
    },
    "2012-06-30": {
        "Diluted EPS": -0.93,
        "Total Revenue": 97,
        "Gross Profit": 50,
        "Operating Income": -17,
        "EBIT": 14,
        "Net Income": -21
    },
    "2012-03-31": {
        "Diluted EPS": -0.14,
        "Total Revenue": 101,
        "Gross Profit": 52,
        "Operating Income": -3,
        "EBIT": 4,
        "Net Income": -3
    },
    "2011-12-31": {
        "Diluted EPS": 0.29,
        "Total Revenue": 60,
        "Gross Profit": 34,
        "Operating Income": 12,
        "EBIT": 19,
        "Net Income": 6
    },
    "2011-09-30": {
        "Diluted EPS": -0.18,
        "Total Revenue": 123,
        "Gross Profit": 66,
        "Operating Income": -5,
        "EBIT": 13,
        "Net Income": -4
    },
    "2011-06-30": {
        "Diluted EPS": 0.22,
        "Total Revenue": 128,
        "Gross Profit": 74,
        "Operating Income": 9,
        "EBIT": 16,
        "Net Income": 5
    },
    "2011-03-31": {
        "Diluted EPS": 0.46,
        "Total Revenue": 145,
        "Gross Profit": 86,
        "Operating Income": 18,
        "EBIT": 25,
        "Net Income": 10
    },
    "2010-12-31": {
        "Diluted EPS": 0.98,
        "Total Revenue": 132,
        "Gross Profit": 85,
        "Operating Income": 34,
        "EBIT": 47,
        "Net Income": 23
    },
    "2010-09-30": {
        "Diluted EPS": 0.76,
        "Total Revenue": 167,
        "Gross Profit": 104,
        "Operating Income": 32,
        "EBIT": 39,
        "Net Income": 19
    },
    "2010-06-30": {
        "Diluted EPS": 0.5,
        "Total Revenue": 153,
        "Gross Profit": 95,
        "Operating Income": 23,
        "EBIT": 30,
        "Net Income": 13
    },
    "2010-03-31": {
        "Diluted EPS": 0.55,
        "Total Revenue": 152,
        "Gross Profit": 94,
        "Operating Income": 25,
        "EBIT": 32,
        "Net Income": 14
    },
    "2009-12-31": {
        "Diluted EPS": 0.83,
        "Total Revenue": 157,
        "Gross Profit": 103,
        "Operating Income": 40,
        "EBIT": 47,
        "Net Income": 22
    },
    "2009-09-30": {
        "Diluted EPS": 0.5,
        "Total Revenue": 148,
        "Gross Profit": 91,
        "Operating Income": 24,
        "EBIT": 30,
        "Net Income": 14
    },
    "2009-06-30": {
        "Diluted EPS": 0.27,
        "Total Revenue": 128,
        "Gross Profit": 77,
        "Operating Income": 13,
        "EBIT": 20,
        "Net Income": 7
    },
    "2009-03-31": {
        "Diluted EPS": 0.22,
        "Total Revenue": 119,
        "Gross Profit": 70,
        "Operating Income": 11,
        "EBIT": 16,
        "Net Income": 6
    },
    "2023-06-30": {
        "Tax Effect Of Unusual Items": NaN,
        "Tax Rate For Calcs": NaN,
        "Normalized EBITDA": NaN,
        "Total Unusual Items": NaN,
        "Total Unusual Items Excluding Goodwill": NaN,
        "Net Income From Continuing Operation Net Minority Interest": NaN,
        "Reconciled Depreciation": NaN,
        "Reconciled Cost Of Revenue": NaN,
        "EBITDA": NaN,
        "EBIT": NaN,
        "Net Interest Income": NaN,
        "Interest Expense": NaN,
        "Interest Income": NaN,
        "Normalized Income": NaN,
        "Net Income From Continuing And Discontinued Operation": NaN,
        "Total Expenses": NaN,
        "Total Operating Income As Reported": NaN,
        "Diluted Average Shares": NaN,
        "Basic Average Shares": NaN,
        "Diluted EPS": NaN,
        "Basic EPS": NaN,
        "Diluted NI Availto Com Stockholders": NaN,
        "Net Income Common Stockholders": NaN,
        "Otherunder Preferred Stock Dividend": NaN,
        "Net Income": NaN,
        "Net Income Including Noncontrolling Interests": NaN,
        "Net Income Continuous Operations": NaN,
        "Tax Provision": NaN,
        "Pretax Income": NaN,
        "Other Income Expense": NaN,
        "Special Income Charges": NaN,
        "Gain On Sale Of Ppe": NaN,
        "Other Special Charges": NaN,
        "Impairment Of Capital Assets": 4220000.0,
        "Net Non Operating Interest Income Expense": NaN,
        "Interest Expense Non Operating": NaN,
        "Interest Income Non Operating": NaN,
        "Operating Income": NaN,
        "Operating Expense": NaN,
        "Selling General And Administration": NaN,
        "Gross Profit": NaN,
        "Cost Of Revenue": NaN,
        "Total Revenue": NaN,
        "Operating Revenue": NaN
    },
    "2023-09-30": {
        "Tax Effect Of Unusual Items": NaN,
        "Tax Rate For Calcs": NaN,
        "Normalized EBITDA": NaN,
        "Total Unusual Items": NaN,
        "Total Unusual Items Excluding Goodwill": NaN,
        "Net Income From Continuing Operation Net Minority Interest": NaN,
        "Reconciled Depreciation": NaN,
        "Reconciled Cost Of Revenue": NaN,
        "EBITDA": NaN,
        "EBIT": NaN,
        "Net Interest Income": NaN,
        "Interest Expense": NaN,
        "Interest Income": NaN,
        "Normalized Income": NaN,
        "Net Income From Continuing And Discontinued Operation": NaN,
        "Total Expenses": NaN,
        "Total Operating Income As Reported": NaN,
        "Diluted Average Shares": NaN,
        "Basic Average Shares": NaN,
        "Diluted EPS": NaN,
        "Basic EPS": NaN,
        "Diluted NI Availto Com Stockholders": NaN,
        "Net Income Common Stockholders": NaN,
        "Otherunder Preferred Stock Dividend": 0.0,
        "Net Income": NaN,
        "Net Income Including Noncontrolling Interests": NaN,
        "Net Income Continuous Operations": NaN,
        "Tax Provision": NaN,
        "Pretax Income": NaN,
        "Other Income Expense": NaN,
        "Special Income Charges": NaN,
        "Gain On Sale Of Ppe": NaN,
        "Other Special Charges": NaN,
        "Impairment Of Capital Assets": 0.0,
        "Net Non Operating Interest Income Expense": NaN,
        "Interest Expense Non Operating": NaN,
        "Interest Income Non Operating": NaN,
        "Operating Income": NaN,
        "Operating Expense": NaN,
        "Selling General And Administration": NaN,
        "Gross Profit": NaN,
        "Cost Of Revenue": NaN,
        "Total Revenue": NaN,
        "Operating Revenue": NaN
    },
    "2023-12-31": {
        "Tax Effect Of Unusual Items": NaN,
        "Tax Rate For Calcs": NaN,
        "Normalized EBITDA": NaN,
        "Total Unusual Items": NaN,
        "Total Unusual Items Excluding Goodwill": NaN,
        "Net Income From Continuing Operation Net Minority Interest": NaN,
        "Reconciled Depreciation": NaN,
        "Reconciled Cost Of Revenue": NaN,
        "EBITDA": NaN,
        "EBIT": NaN,
        "Net Interest Income": NaN,
        "Interest Expense": NaN,
        "Interest Income": NaN,
        "Normalized Income": NaN,
        "Net Income From Continuing And Discontinued Operation": NaN,
        "Total Expenses": NaN,
        "Total Operating Income As Reported": NaN,
        "Diluted Average Shares": NaN,
        "Basic Average Shares": NaN,
        "Diluted EPS": NaN,
        "Basic EPS": NaN,
        "Diluted NI Availto Com Stockholders": NaN,
        "Net Income Common Stockholders": NaN,
        "Otherunder Preferred Stock Dividend": 0.0,
        "Net Income": NaN,
        "Net Income Including Noncontrolling Interests": NaN,
        "Net Income Continuous Operations": NaN,
        "Tax Provision": NaN,
        "Pretax Income": NaN,
        "Other Income Expense": NaN,
        "Special Income Charges": NaN,
        "Gain On Sale Of Ppe": NaN,
        "Other Special Charges": NaN,
        "Impairment Of Capital Assets": 0.0,
        "Net Non Operating Interest Income Expense": NaN,
        "Interest Expense Non Operating": NaN,
        "Interest Income Non Operating": NaN,
        "Operating Income": NaN,
        "Operating Expense": NaN,
        "Selling General And Administration": NaN,
        "Gross Profit": NaN,
        "Cost Of Revenue": NaN,
        "Total Revenue": NaN,
        "Operating Revenue": NaN
    },
    "2024-03-31": {
        "Tax Effect Of Unusual Items": -106779.816514,
        "Tax Rate For Calcs": 0.345566,
        "Normalized EBITDA": 3148000.0,
        "Total Unusual Items": -309000.0,
        "Total Unusual Items Excluding Goodwill": -309000.0,
        "Net Income From Continuing Operation Net Minority Interest": -214000.0,
        "Reconciled Depreciation": 2599000.0,
        "Reconciled Cost Of Revenue": 43023000.0,
        "EBITDA": 2839000.0,
        "EBIT": 240000.0,
        "Net Interest Income": 131000.0,
        "Interest Expense": 567000.0,
        "Interest Income": 698000.0,
        "Normalized Income": -11779.816514,
        "Net Income From Continuing And Discontinued Operation": -214000.0,
        "Total Expenses": 103515000.0,
        "Total Operating Income As Reported": -458000.0,
        "Diluted Average Shares": 30301000.0,
        "Basic Average Shares": 30301000.0,
        "Diluted EPS": -0.01,
        "Basic EPS": -0.01,
        "Diluted NI Availto Com Stockholders": -214000.0,
        "Net Income Common Stockholders": -214000.0,
        "Otherunder Preferred Stock Dividend": NaN,
        "Net Income": -214000.0,
        "Net Income Including Noncontrolling Interests": -214000.0,
        "Net Income Continuous Operations": -214000.0,
        "Tax Provision": -113000.0,
        "Pretax Income": -327000.0,
        "Other Income Expense": -309000.0,
        "Special Income Charges": -309000.0,
        "Gain On Sale Of Ppe": -309000.0,
        "Other Special Charges": NaN,
        "Impairment Of Capital Assets": NaN,
        "Net Non Operating Interest Income Expense": 131000.0,
        "Interest Expense Non Operating": 567000.0,
        "Interest Income Non Operating": 698000.0,
        "Operating Income": -149000.0,
        "Operating Expense": 60492000.0,
        "Selling General And Administration": 60492000.0,
        "Gross Profit": 60343000.0,
        "Cost Of Revenue": 43023000.0,
        "Total Revenue": 103366000.0,
        "Operating Revenue": 103366000.0
    },
    "2024-06-30": {
        "Tax Effect Of Unusual Items": NaN,
        "Tax Rate For Calcs": NaN,
        "Normalized EBITDA": NaN,
        "Total Unusual Items": NaN,
        "Total Unusual Items Excluding Goodwill": NaN,
        "Net Income From Continuing Operation Net Minority Interest": NaN,
        "Reconciled Depreciation": NaN,
        "Reconciled Cost Of Revenue": NaN,
        "EBITDA": NaN,
        "EBIT": NaN,
        "Net Interest Income": NaN,
        "Interest Expense": NaN,
        "Interest Income": NaN,
        "Normalized Income": NaN,
        "Net Income From Continuing And Discontinued Operation": NaN,
        "Total Expenses": NaN,
        "Total Operating Income As Reported": NaN,
        "Diluted Average Shares": NaN,
        "Basic Average Shares": NaN,
        "Diluted EPS": NaN,
        "Basic EPS": NaN,
        "Diluted NI Availto Com Stockholders": NaN,
        "Net Income Common Stockholders": NaN,
        "Net Income": NaN,
        "Net Income Including Noncontrolling Interests": NaN,
        "Net Income Continuous Operations": NaN,
        "Tax Provision": NaN,
        "Pretax Income": NaN,
        "Other Income Expense": NaN,
        "Special Income Charges": NaN,
        "Gain On Sale Of Ppe": NaN,
        "Other Special Charges": NaN,
        "Impairment Of Capital Assets": 0.0,
        "Net Non Operating Interest Income Expense": NaN,
        "Interest Expense Non Operating": NaN,
        "Interest Income Non Operating": NaN,
        "Operating Income": NaN,
        "Operating Expense": NaN,
        "Selling General And Administration": NaN,
        "Gross Profit": NaN,
        "Cost Of Revenue": NaN,
        "Total Revenue": NaN,
        "Operating Revenue": NaN
    },
    "2024-09-30": {
        "Tax Effect Of Unusual Items": 834768.793318,
        "Tax Rate For Calcs": 0.297494,
        "Normalized EBITDA": 6291000.0,
        "Total Unusual Items": 2806000.0,
        "Total Unusual Items Excluding Goodwill": 2806000.0,
        "Net Income From Continuing Operation Net Minority Interest": 3953000.0,
        "Reconciled Depreciation": 2811000.0,
        "Reconciled Cost Of Revenue": 48055000.0,
        "EBITDA": 9097000.0,
        "EBIT": 6286000.0,
        "Net Interest Income": -195000.0,
        "Interest Expense": 659000.0,
        "Interest Income": 464000.0,
        "Normalized Income": 1981768.793318,
        "Net Income From Continuing And Discontinued Operation": 3953000.0,
        "Total Expenses": 111394000.0,
        "Total Operating Income As Reported": 5822000.0,
        "Diluted Average Shares": 31042000.0,
        "Basic Average Shares": 30682000.0,
        "Diluted EPS": 0.13,
        "Basic EPS": 0.13,
        "Diluted NI Availto Com Stockholders": 3953000.0,
        "Net Income Common Stockholders": 3953000.0,
        "Net Income": 3953000.0,
        "Net Income Including Noncontrolling Interests": 3953000.0,
        "Net Income Continuous Operations": 3953000.0,
        "Tax Provision": 1674000.0,
        "Pretax Income": 5627000.0,
        "Other Income Expense": 2806000.0,
        "Special Income Charges": 2806000.0,
        "Gain On Sale Of Ppe": 12000.0,
        "Other Special Charges": -2794000.0,
        "Impairment Of Capital Assets": 0.0,
        "Net Non Operating Interest Income Expense": -195000.0,
        "Interest Expense Non Operating": 659000.0,
        "Interest Income Non Operating": 464000.0,
        "Operating Income": 3016000.0,
        "Operating Expense": 63339000.0,
        "Selling General And Administration": 63339000.0,
        "Gross Profit": 66355000.0,
        "Cost Of Revenue": 48055000.0,
        "Total Revenue": 114410000.0,
        "Operating Revenue": 114410000.0
    },
    "2024-12-31": {
        "Tax Effect Of Unusual Items": -429461.538462,
        "Tax Rate For Calcs": 0.352596,
        "Normalized EBITDA": 15468000.0,
        "Total Unusual Items": -1218000.0,
        "Total Unusual Items Excluding Goodwill": -1218000.0,
        "Net Income From Continuing Operation Net Minority Interest": 6834000.0,
        "Reconciled Depreciation": 3022000.0,
        "Reconciled Cost Of Revenue": 45120000.0,
        "EBITDA": 14250000.0,
        "EBIT": 11228000.0,
        "Net Interest Income": -373000.0,
        "Interest Expense": 672000.0,
        "Interest Income": 299000.0,
        "Normalized Income": 7622538.461538,
        "Net Income From Continuing And Discontinued Operation": 6834000.0,
        "Total Expenses": 107226000.0,
        "Total Operating Income As Reported": 10929000.0,
        "Diluted Average Shares": 31144000.0,
        "Basic Average Shares": 30679000.0,
        "Diluted EPS": 0.22,
        "Basic EPS": 0.22,
        "Diluted NI Availto Com Stockholders": 6834000.0,
        "Net Income Common Stockholders": 6834000.0,
        "Net Income": 6834000.0,
        "Net Income Including Noncontrolling Interests": 6834000.0,
        "Net Income Continuous Operations": 6834000.0,
        "Tax Provision": 3722000.0,
        "Pretax Income": 10556000.0,
        "Other Income Expense": -1218000.0,
        "Special Income Charges": -1218000.0,
        "Gain On Sale Of Ppe": -1218000.0,
        "Other Special Charges": 0.0,
        "Impairment Of Capital Assets": 0.0,
        "Net Non Operating Interest Income Expense": -373000.0,
        "Interest Expense Non Operating": 672000.0,
        "Interest Income Non Operating": 299000.0,
        "Operating Income": 12147000.0,
        "Operating Expense": 62106000.0,
        "Selling General And Administration": 62106000.0,
        "Gross Profit": 74253000.0,
        "Cost Of Revenue": 45120000.0,
        "Total Revenue": 119373000.0,
        "Operating Revenue": 119373000.0
    },
    "2025-03-31": {
        "Tax Effect Of Unusual Items": 68662.420382,
        "Tax Rate For Calcs": 0.312102,
        "Normalized EBITDA": 6652000.0,
        "Total Unusual Items": 220000.0,
        "Total Unusual Items Excluding Goodwill": 220000.0,
        "Net Income From Continuing Operation Net Minority Interest": 1944000.0,
        "Reconciled Depreciation": 3345000.0,
        "Reconciled Cost Of Revenue": 47409000.0,
        "EBITDA": 6872000.0,
        "EBIT": 3527000.0,
        "Net Interest Income": -587000.0,
        "Interest Expense": 701000.0,
        "Interest Income": 114000.0,
        "Normalized Income": 1792662.420382,
        "Net Income From Continuing And Discontinued Operation": 1944000.0,
        "Total Expenses": 114313000.0,
        "Total Operating Income As Reported": 3413000.0,
        "Diluted Average Shares": 31074000.0,
        "Basic Average Shares": 30809000.0,
        "Diluted EPS": 0.06,
        "Basic EPS": 0.06,
        "Diluted NI Availto Com Stockholders": 1944000.0,
        "Net Income Common Stockholders": 1944000.0,
        "Net Income": 1944000.0,
        "Net Income Including Noncontrolling Interests": 1944000.0,
        "Net Income Continuous Operations": 1944000.0,
        "Tax Provision": 882000.0,
        "Pretax Income": 2826000.0,
        "Other Income Expense": 220000.0,
        "Special Income Charges": 220000.0,
        "Gain On Sale Of Ppe": 220000.0,
        "Other Special Charges": NaN,
        "Impairment Of Capital Assets": NaN,
        "Net Non Operating Interest Income Expense": -587000.0,
        "Interest Expense Non Operating": 701000.0,
        "Interest Income Non Operating": 114000.0,
        "Operating Income": 3193000.0,
        "Operating Expense": 66904000.0,
        "Selling General And Administration": 66904000.0,
        "Gross Profit": 70097000.0,
        "Cost Of Revenue": 47409000.0,
        "Total Revenue": 117506000.0,
        "Operating Revenue": 117506000.0
    },
    "2025-06-30": {
        "Tax Effect Of Unusual Items": 64256.0,
        "Tax Rate For Calcs": 0.251,
        "Normalized EBITDA": 6925000.0,
        "Total Unusual Items": 256000.0,
        "Total Unusual Items Excluding Goodwill": 256000.0,
        "Net Income From Continuing Operation Net Minority Interest": 1554000.0,
        "Reconciled Depreciation": 4292000.0,
        "Reconciled Cost Of Revenue": 46791000.0,
        "EBITDA": 7181000.0,
        "EBIT": 2889000.0,
        "Net Interest Income": -802000.0,
        "Interest Expense": 813000.0,
        "Interest Income": 11000.0,
        "Normalized Income": 1362256.0,
        "Net Income From Continuing And Discontinued Operation": 1554000.0,
        "Total Expenses": 113852000.0,
        "Total Operating Income As Reported": 2878000.0,
        "Diluted Average Shares": 31271000.0,
        "Basic Average Shares": 30990000.0,
        "Diluted EPS": 0.05,
        "Basic EPS": 0.05,
        "Diluted NI Availto Com Stockholders": 1554000.0,
        "Net Income Common Stockholders": 1554000.0,
        "Net Income": 1554000.0,
        "Net Income Including Noncontrolling Interests": 1554000.0,
        "Net Income Continuous Operations": 1554000.0,
        "Tax Provision": 522000.0,
        "Pretax Income": 2076000.0,
        "Other Income Expense": 256000.0,
        "Special Income Charges": 256000.0,
        "Gain On Sale Of Ppe": 256000.0,
        "Other Special Charges": NaN,
        "Impairment Of Capital Assets": NaN,
        "Net Non Operating Interest Income Expense": -802000.0,
        "Interest Expense Non Operating": 813000.0,
        "Interest Income Non Operating": 11000.0,
        "Operating Income": 2622000.0,
        "Operating Expense": 67061000.0,
        "Selling General And Administration": 67061000.0,
        "Gross Profit": 69683000.0,
        "Cost Of Revenue": 46791000.0,
        "Total Revenue": 116474000.0,
        "Operating Revenue": 116474000.0
    },
    "2025-09-30": {
        "Tax Effect Of Unusual Items": -2823.951643,
        "Tax Rate For Calcs": 0.282395,
        "Normalized EBITDA": 11338000.0,
        "Total Unusual Items": -10000.0,
        "Total Unusual Items Excluding Goodwill": -10000.0,
        "Net Income From Continuing Operation Net Minority Interest": 3799000.0,
        "Reconciled Depreciation": 5043000.0,
        "Reconciled Cost Of Revenue": 57283000.0,
        "EBITDA": 11328000.0,
        "EBIT": 6285000.0,
        "Net Interest Income": -991000.0,
        "Interest Expense": 991000.0,
        "Interest Income": 0.0,
        "Normalized Income": 3806176.048357,
        "Net Income From Continuing And Discontinued Operation": 3799000.0,
        "Total Expenses": 135094000.0,
        "Total Operating Income As Reported": 6285000.0,
        "Diluted Average Shares": 31318000.0,
        "Basic Average Shares": 31000000.0,
        "Diluted EPS": 0.12,
        "Basic EPS": 0.12,
        "Diluted NI Availto Com Stockholders": 3799000.0,
        "Net Income Common Stockholders": 3799000.0,
        "Net Income": 3799000.0,
        "Net Income Including Noncontrolling Interests": 3799000.0,
        "Net Income Continuous Operations": 3799000.0,
        "Tax Provision": 1495000.0,
        "Pretax Income": 5294000.0,
        "Other Income Expense": -10000.0,
        "Special Income Charges": -10000.0,
        "Gain On Sale Of Ppe": -10000.0,
        "Other Special Charges": NaN,
        "Impairment Of Capital Assets": NaN,
        "Net Non Operating Interest Income Expense": -991000.0,
        "Interest Expense Non Operating": 991000.0,
        "Interest Income Non Operating": 0.0,
        "Operating Income": 6295000.0,
        "Operating Expense": 77811000.0,
        "Selling General And Administration": 77811000.0,
        "Gross Profit": 84106000.0,
        "Cost Of Revenue": 57283000.0,
        "Total Revenue": 141389000.0,
        "Operating Revenue": 141389000.0
    }
}