{
    "2023-06-30": {
        "Tax Effect Of Unusual Items": NaN,
        "Tax Rate For Calcs": NaN,
        "Normalized EBITDA": NaN,
        "Total Unusual Items": NaN,
        "Total Unusual Items Excluding Goodwill": NaN,
        "Net Income From Continuing Operation Net Minority Interest": NaN,
        "Reconciled Depreciation": NaN,
        "Reconciled Cost Of Revenue": NaN,
        "EBITDA": NaN,
        "EBIT": NaN,
        "Net Interest Income": NaN,
        "Interest Expense": NaN,
        "Normalized Income": NaN,
        "Net Income From Continuing And Discontinued Operation": NaN,
        "Total Expenses": NaN,
        "Total Operating Income As Reported": NaN,
        "Diluted Average Shares": NaN,
        "Basic Average Shares": NaN,
        "Diluted EPS": NaN,
        "Basic EPS": NaN,
        "Diluted NI Availto Com Stockholders": NaN,
        "Net Income Common Stockholders": NaN,
        "Preferred Stock Dividends": NaN,
        "Net Income": NaN,
        "Minority Interests": NaN,
        "Net Income Including Noncontrolling Interests": NaN,
        "Net Income Continuous Operations": NaN,
        "Tax Provision": NaN,
        "Pretax Income": NaN,
        "Other Income Expense": NaN,
        "Other Non Operating Income Expenses": -3867000.0,
        "Gain On Sale Of Security": NaN,
        "Net Non Operating Interest Income Expense": NaN,
        "Interest Expense Non Operating": NaN,
        "Operating Income": NaN,
        "Operating Expense": NaN,
        "Depreciation Amortization Depletion Income Statement": NaN,
        "Depreciation And Amortization In Income Statement": NaN,
        "Selling General And Administration": NaN,
        "Selling And Marketing Expense": NaN,
        "General And Administrative Expense": NaN,
        "Other Gand A": NaN,
        "Gross Profit": NaN,
        "Cost Of Revenue": NaN,
        "Total Revenue": NaN,
        "Operating Revenue": NaN
    },
    "2023-03-31": {
        "Tax Effect Of Unusual Items": NaN,
        "Tax Rate For Calcs": NaN,
        "Normalized EBITDA": NaN,
        "Total Unusual Items": NaN,
        "Total Unusual Items Excluding Goodwill": NaN,
        "Net Income From Continuing Operation Net Minority Interest": NaN,
        "Reconciled Depreciation": NaN,
        "Reconciled Cost Of Revenue": NaN,
        "EBITDA": NaN,
        "EBIT": NaN,
        "Net Interest Income": NaN,
        "Interest Expense": NaN,
        "Normalized Income": NaN,
        "Net Income From Continuing And Discontinued Operation": NaN,
        "Total Expenses": NaN,
        "Total Operating Income As Reported": NaN,
        "Diluted Average Shares": NaN,
        "Basic Average Shares": NaN,
        "Diluted EPS": NaN,
        "Basic EPS": NaN,
        "Diluted NI Availto Com Stockholders": NaN,
        "Net Income Common Stockholders": NaN,
        "Preferred Stock Dividends": NaN,
        "Net Income": NaN,
        "Minority Interests": NaN,
        "Net Income Including Noncontrolling Interests": NaN,
        "Net Income Continuous Operations": NaN,
        "Tax Provision": NaN,
        "Pretax Income": NaN,
        "Other Income Expense": NaN,
        "Other Non Operating Income Expenses": 170000.0,
        "Gain On Sale Of Security": NaN,
        "Net Non Operating Interest Income Expense": NaN,
        "Interest Expense Non Operating": NaN,
        "Operating Income": NaN,
        "Operating Expense": NaN,
        "Depreciation Amortization Depletion Income Statement": NaN,
        "Depreciation And Amortization In Income Statement": NaN,
        "Selling General And Administration": NaN,
        "Selling And Marketing Expense": NaN,
        "General And Administrative Expense": NaN,
        "Other Gand A": NaN,
        "Gross Profit": NaN,
        "Cost Of Revenue": NaN,
        "Total Revenue": NaN,
        "Operating Revenue": NaN
    },
    "2022-12-31": {
        "Tax Effect Of Unusual Items": 38010.0,
        "Tax Rate For Calcs": 0.21,
        "Normalized EBITDA": -4837000.0,
        "Total Unusual Items": 181000.0,
        "Total Unusual Items Excluding Goodwill": 181000.0,
        "Net Income From Continuing Operation Net Minority Interest": -32178000.0,
        "Reconciled Depreciation": 10849000.0,
        "Reconciled Cost Of Revenue": 75194000.0,
        "EBITDA": -4656000.0,
        "EBIT": -15505000.0,
        "Net Interest Income": -10995000.0,
        "Interest Expense": 10995000.0,
        "Normalized Income": -32320990.0,
        "Net Income From Continuing And Discontinued Operation": -32178000.0,
        "Total Expenses": 133255000.0,
        "Total Operating Income As Reported": -15295000.0,
        "Diluted Average Shares": 53078214.0,
        "Basic Average Shares": 53078214.0,
        "Diluted EPS": -0.63,
        "Basic EPS": -0.63,
        "Diluted NI Availto Com Stockholders": -33231000.0,
        "Net Income Common Stockholders": -33231000.0,
        "Preferred Stock Dividends": 1053000.0,
        "Net Income": -32178000.0,
        "Minority Interests": -221000.0,
        "Net Income Including Noncontrolling Interests": -31957000.0,
        "Net Income Continuous Operations": -31957000.0,
        "Tax Provision": 5457000.0,
        "Pretax Income": -26500000.0,
        "Other Income Expense": -210000.0,
        "Other Non Operating Income Expenses": -391000.0,
        "Gain On Sale Of Security": 181000.0,
        "Net Non Operating Interest Income Expense": -10995000.0,
        "Interest Expense Non Operating": 10995000.0,
        "Operating Income": -15295000.0,
        "Operating Expense": 58061000.0,
        "Depreciation Amortization Depletion Income Statement": 10849000.0,
        "Depreciation And Amortization In Income Statement": 10849000.0,
        "Selling General And Administration": 47212000.0,
        "Selling And Marketing Expense": 19803000.0,
        "General And Administrative Expense": 27409000.0,
        "Other Gand A": 27409000.0,
        "Gross Profit": 42766000.0,
        "Cost Of Revenue": 75194000.0,
        "Total Revenue": 117960000.0,
        "Operating Revenue": 117960000.0
    },
    "2022-09-30": {
        "Tax Effect Of Unusual Items": -348800.0,
        "Tax Rate For Calcs": 0.4,
        "Normalized EBITDA": 16334000.0,
        "Total Unusual Items": -872000.0,
        "Total Unusual Items Excluding Goodwill": -872000.0,
        "Net Income From Continuing Operation Net Minority Interest": -8726000.0,
        "Reconciled Depreciation": 10859000.0,
        "Reconciled Cost Of Revenue": 87556000.0,
        "EBITDA": 15462000.0,
        "EBIT": 4603000.0,
        "Net Interest Income": -8369000.0,
        "Interest Expense": 8369000.0,
        "Normalized Income": -8202800.0,
        "Net Income From Continuing And Discontinued Operation": -8726000.0,
        "Total Expenses": 138975000.0,
        "Total Operating Income As Reported": 5808000.0,
        "Diluted Average Shares": 53045329.0,
        "Basic Average Shares": 53045329.0,
        "Diluted EPS": -0.18,
        "Basic EPS": -0.18,
        "Diluted NI Availto Com Stockholders": -9762000.0,
        "Net Income Common Stockholders": -9762000.0,
        "Otherunder Preferred Stock Dividend": NaN,
        "Preferred Stock Dividends": 1036000.0,
        "Net Income": -8726000.0,
        "Minority Interests": -3228000.0,
        "Net Income Including Noncontrolling Interests": -5498000.0,
        "Net Income Continuous Operations": -5498000.0,
        "Tax Provision": 1732000.0,
        "Pretax Income": -3766000.0,
        "Other Income Expense": -1205000.0,
        "Other Non Operating Income Expenses": -333000.0,
        "Gain On Sale Of Security": -872000.0,
        "Net Non Operating Interest Income Expense": -8369000.0,
        "Interest Expense Non Operating": 8369000.0,
        "Operating Income": 5808000.0,
        "Operating Expense": 51399000.0,
        "Depreciation Amortization Depletion Income Statement": 10839000.0,
        "Depreciation And Amortization In Income Statement": 10839000.0,
        "Selling General And Administration": 40560000.0,
        "Selling And Marketing Expense": 16025000.0,
        "General And Administrative Expense": 24535000.0,
        "Other Gand A": 24535000.0,
        "Gross Profit": 57207000.0,
        "Cost Of Revenue": 87576000.0,
        "Total Revenue": 144783000.0,
        "Operating Revenue": 144783000.0
    },
    "2022-06-30": {
        "Tax Effect Of Unusual Items": -22073.843236,
        "Tax Rate For Calcs": 0.032654,
        "Normalized EBITDA": -8254000.0,
        "Total Unusual Items": -676000.0,
        "Total Unusual Items Excluding Goodwill": -676000.0,
        "Net Income From Continuing Operation Net Minority Interest": -28756000.0,
        "Reconciled Depreciation": 11176000.0,
        "Reconciled Cost Of Revenue": 62499000.0,
        "EBITDA": -8930000.0,
        "EBIT": -20106000.0,
        "Net Interest Income": -9416000.0,
        "Interest Expense": 9416000.0,
        "Normalized Income": -28102073.843236,
        "Net Income From Continuing And Discontinued Operation": -28756000.0,
        "Total Expenses": 110224000.0,
        "Total Operating Income As Reported": -19314000.0,
        "Diluted Average Shares": 51195280.0,
        "Basic Average Shares": 51195280.0,
        "Diluted EPS": -0.59,
        "Basic EPS": -0.59,
        "Diluted NI Availto Com Stockholders": -30039000.0,
        "Net Income Common Stockholders": -30039000.0,
        "Otherunder Preferred Stock Dividend": NaN,
        "Preferred Stock Dividends": 1283000.0,
        "Net Income": -28756000.0,
        "Minority Interests": -198000.0,
        "Net Income Including Noncontrolling Interests": -28558000.0,
        "Net Income Continuous Operations": -28558000.0,
        "Tax Provision": -964000.0,
        "Pretax Income": -29522000.0,
        "Other Income Expense": -792000.0,
        "Other Non Operating Income Expenses": -116000.0,
        "Gain On Sale Of Security": -676000.0,
        "Net Non Operating Interest Income Expense": -9416000.0,
        "Interest Expense Non Operating": 9416000.0,
        "Operating Income": -19314000.0,
        "Operating Expense": 47725000.0,
        "Depreciation Amortization Depletion Income Statement": 11176000.0,
        "Depreciation And Amortization In Income Statement": 11176000.0,
        "Selling General And Administration": 36549000.0,
        "Selling And Marketing Expense": 12839000.0,
        "General And Administrative Expense": 23710000.0,
        "Other Gand A": 23710000.0,
        "Gross Profit": 28411000.0,
        "Cost Of Revenue": 62499000.0,
        "Total Revenue": 90910000.0,
        "Operating Revenue": 90910000.0
    },
    "2022-03-31": {
        "Diluted EPS": -0.85,
        "Total Revenue": 68,
        "Gross Profit": 10,
        "Operating Income": -34,
        "EBIT": -22,
        "Net Income": -43
    },
    "2021-12-31": {
        "Diluted EPS": -0.54,
        "Total Revenue": 66,
        "Gross Profit": 14,
        "Operating Income": -30,
        "EBIT": -15,
        "Net Income": -28
    },
    "2021-09-30": {
        "Diluted EPS": -0.5,
        "Total Revenue": 65,
        "Gross Profit": 19,
        "Operating Income": -18,
        "EBIT": -7,
        "Net Income": -26
    },
    "2021-06-30": {
        "Diluted EPS": -0.71,
        "Total Revenue": 15,
        "Gross Profit": -4,
        "Operating Income": -33,
        "EBIT": -24,
        "Net Income": -37
    },
    "2021-03-31": {
        "Diluted EPS": -0.66,
        "Total Revenue": 2,
        "Gross Profit": -6,
        "Operating Income": -31,
        "EBIT": -22,
        "Net Income": -35
    },
    "2020-12-31": {
        "Diluted EPS": -0.61,
        "Total Revenue": 0,
        "Gross Profit": -10,
        "Operating Income": -29,
        "EBIT": -20,
        "Net Income": -31
    },
    "2020-09-30": {
        "Diluted EPS": -0.56,
        "Total Revenue": 1,
        "Gross Profit": -7,
        "Operating Income": -27,
        "EBIT": -18,
        "Net Income": -28
    },
    "2020-06-30": {
        "Diluted EPS": -0.8,
        "Total Revenue": 0,
        "Gross Profit": -13,
        "Operating Income": -35,
        "EBIT": -26,
        "Net Income": -40
    },
    "2020-03-31": {
        "Diluted EPS": -0.04,
        "Total Revenue": 81,
        "Gross Profit": 39,
        "Operating Income": 2,
        "EBIT": 10,
        "Net Income": -2
    },
    "2019-12-31": {
        "Diluted EPS": -0.04,
        "Total Revenue": 76,
        "Gross Profit": 34,
        "Operating Income": -1,
        "EBIT": 7,
        "Net Income": -1
    },
    "2019-09-30": {
        "Diluted EPS": -0.01,
        "Total Revenue": 101,
        "Gross Profit": 53,
        "Operating Income": 16,
        "EBIT": 23,
        "Net Income": 0
    },
    "2019-06-30": {
        "Diluted EPS": 0.02,
        "Total Revenue": 77,
        "Gross Profit": 39,
        "Operating Income": 4,
        "EBIT": 12,
        "Net Income": 1
    },
    "2019-03-31": {
        "Diluted EPS": 0.31,
        "Total Revenue": 90,
        "Gross Profit": 51,
        "Operating Income": 14,
        "EBIT": 22,
        "Net Income": 15
    },
    "2018-12-31": {
        "Diluted EPS": -0.11,
        "Total Revenue": 71,
        "Gross Profit": 32,
        "Operating Income": -4,
        "EBIT": 3,
        "Net Income": -5
    },
    "2018-09-30": {
        "Diluted EPS": 0.11,
        "Total Revenue": 87,
        "Gross Profit": 42,
        "Operating Income": 10,
        "EBIT": 16,
        "Net Income": 5
    },
    "2018-06-30": {
        "Diluted EPS": 0.0,
        "Total Revenue": 69,
        "Gross Profit": 36,
        "Operating Income": 4,
        "EBIT": 10,
        "Net Income": 0
    },
    "2018-03-31": {
        "Diluted EPS": 0.24,
        "Total Revenue": 82,
        "Gross Profit": 47,
        "Operating Income": 14,
        "EBIT": 21,
        "Net Income": 11
    },
    "2017-12-31": {
        "Diluted EPS": -0.34,
        "Total Revenue": 63,
        "Gross Profit": 27,
        "Operating Income": -3,
        "EBIT": 4,
        "Net Income": -16
    },
    "2017-09-30": {
        "Diluted EPS": 0.2,
        "Total Revenue": 85,
        "Gross Profit": 46,
        "Operating Income": 14,
        "EBIT": 19,
        "Net Income": 9
    },
    "2017-06-30": {
        "Diluted EPS": -0.06,
        "Total Revenue": 56,
        "Gross Profit": 27,
        "Operating Income": -2,
        "EBIT": 4,
        "Net Income": -3
    },
    "2017-03-31": {
        "Diluted EPS": 0.01,
        "Total Revenue": 63,
        "Gross Profit": 31,
        "Operating Income": 1,
        "EBIT": 6,
        "Net Income": 1
    },
    "2016-12-31": {
        "Diluted EPS": -0.19,
        "Total Revenue": 56,
        "Gross Profit": 24,
        "Operating Income": -5,
        "EBIT": -1,
        "Net Income": -9
    },
    "2016-09-30": {
        "Diluted EPS": 0.16,
        "Total Revenue": 71,
        "Gross Profit": 38,
        "Operating Income": 10,
        "EBIT": 17,
        "Net Income": 7
    },
    "2016-06-30": {
        "Diluted EPS": -0.1,
        "Total Revenue": 54,
        "Gross Profit": 24,
        "Operating Income": -3,
        "EBIT": 4,
        "Net Income": -4
    },
    "2016-03-31": {
        "Diluted EPS": 0.23,
        "Total Revenue": 62,
        "Gross Profit": 36,
        "Operating Income": 11,
        "EBIT": 17,
        "Net Income": 10
    },
    "2015-12-31": {
        "Diluted EPS": -0.03,
        "Total Revenue": 46,
        "Gross Profit": 22,
        "Operating Income": -1,
        "EBIT": 4,
        "Net Income": 0
    },
    "2015-09-30": {
        "Diluted EPS": 0.1,
        "Total Revenue": 59,
        "Gross Profit": 33,
        "Operating Income": 6,
        "EBIT": 10,
        "Net Income": 4
    },
    "2015-06-30": {
        "Diluted EPS": 0.2,
        "Total Revenue": 50,
        "Gross Profit": 28,
        "Operating Income": 2,
        "EBIT": 7,
        "Net Income": 9
    },
    "2015-03-31": {
        "Diluted EPS": 0.16,
        "Total Revenue": 55,
        "Gross Profit": 31,
        "Operating Income": 8,
        "EBIT": 11,
        "Net Income": 7
    },
    "2014-12-31": {
        "Diluted EPS": 0.38,
        "Total Revenue": 147,
        "Gross Profit": 80,
        "Operating Income": 20,
        "EBIT": 23,
        "Net Income": 15
    },
    "2014-09-30": {
        "Diluted EPS": 0.14,
        "Total Revenue": 52,
        "Gross Profit": 29,
        "Operating Income": 11,
        "EBIT": 11,
        "Net Income": 7
    },
    "2014-06-30": {
        "Diluted EPS": -0.04,
        "Total Revenue": NaN,
        "Gross Profit": NaN,
        "Operating Income": 0,
        "EBIT": 0,
        "Net Income": 0
    },
    "2014-03-31": {
        "Diluted EPS": -0.04,
        "Total Revenue": NaN,
        "Gross Profit": NaN,
        "Operating Income": 0,
        "EBIT": 0,
        "Net Income": 0
    },
    "2013-12-31": {
        "Diluted EPS": 0.36,
        "Total Revenue": NaN,
        "Gross Profit": NaN,
        "Operating Income": -168,
        "EBIT": -168,
        "Net Income": 15
    },
    "2013-09-30": {
        "Diluted EPS": -0.04,
        "Total Revenue": NaN,
        "Gross Profit": NaN,
        "Operating Income": 0,
        "EBIT": 0,
        "Net Income": 0
    },
    "2013-06-30": {
        "Diluted EPS": -0.03,
        "Total Revenue": NaN,
        "Gross Profit": NaN,
        "Operating Income": 0,
        "EBIT": 0,
        "Net Income": 0
    },
    "2013-03-31": {
        "Diluted EPS": 0.0,
        "Total Revenue": NaN,
        "Gross Profit": NaN,
        "Operating Income": 0,
        "EBIT": 0,
        "Net Income": 0
    },
    "2012-12-31": {
        "Diluted EPS": -0.0,
        "Total Revenue": NaN,
        "Gross Profit": NaN,
        "Operating Income": 0,
        "EBIT": 0,
        "Net Income": 0
    },
    "2012-09-30": {
        "Diluted EPS": 0.0,
        "Total Revenue": NaN,
        "Gross Profit": NaN,
        "Operating Income": 0,
        "EBIT": 0,
        "Net Income": 0
    },
    "2012-06-30": {
        "Diluted EPS": 0.0,
        "Total Revenue": NaN,
        "Gross Profit": NaN,
        "Operating Income": NaN,
        "EBIT": NaN,
        "Net Income": NaN
    },
    "2012-03-31": {
        "Diluted EPS": 0.0,
        "Total Revenue": NaN,
        "Gross Profit": NaN,
        "Operating Income": 0,
        "EBIT": 0,
        "Net Income": 0
    },
    "2023-09-30": {
        "Tax Effect Of Unusual Items": NaN,
        "Tax Rate For Calcs": NaN,
        "Normalized EBITDA": NaN,
        "Total Unusual Items": NaN,
        "Total Unusual Items Excluding Goodwill": NaN,
        "Net Income From Continuing Operation Net Minority Interest": NaN,
        "Reconciled Depreciation": NaN,
        "Reconciled Cost Of Revenue": NaN,
        "EBITDA": NaN,
        "EBIT": NaN,
        "Net Interest Income": NaN,
        "Interest Expense": NaN,
        "Normalized Income": NaN,
        "Net Income From Continuing And Discontinued Operation": NaN,
        "Total Expenses": NaN,
        "Total Operating Income As Reported": NaN,
        "Diluted Average Shares": NaN,
        "Basic Average Shares": NaN,
        "Diluted EPS": NaN,
        "Basic EPS": NaN,
        "Diluted NI Availto Com Stockholders": NaN,
        "Net Income Common Stockholders": NaN,
        "Preferred Stock Dividends": NaN,
        "Net Income": NaN,
        "Minority Interests": NaN,
        "Net Income Including Noncontrolling Interests": NaN,
        "Net Income Continuous Operations": NaN,
        "Tax Provision": NaN,
        "Pretax Income": NaN,
        "Other Income Expense": NaN,
        "Other Non Operating Income Expenses": -77000.0,
        "Gain On Sale Of Security": NaN,
        "Net Non Operating Interest Income Expense": NaN,
        "Interest Expense Non Operating": NaN,
        "Operating Income": NaN,
        "Operating Expense": NaN,
        "Depreciation Amortization Depletion Income Statement": NaN,
        "Depreciation And Amortization In Income Statement": NaN,
        "Selling General And Administration": NaN,
        "Selling And Marketing Expense": NaN,
        "General And Administrative Expense": NaN,
        "Other Gand A": NaN,
        "Gross Profit": NaN,
        "Cost Of Revenue": NaN,
        "Total Revenue": NaN,
        "Operating Revenue": NaN
    },
    "2023-12-31": {
        "Tax Effect Of Unusual Items": NaN,
        "Tax Rate For Calcs": NaN,
        "Normalized EBITDA": NaN,
        "Total Unusual Items": NaN,
        "Total Unusual Items Excluding Goodwill": NaN,
        "Net Income From Continuing Operation Net Minority Interest": NaN,
        "Reconciled Depreciation": NaN,
        "Reconciled Cost Of Revenue": NaN,
        "EBITDA": NaN,
        "EBIT": NaN,
        "Net Interest Income": NaN,
        "Interest Expense": NaN,
        "Normalized Income": NaN,
        "Net Income From Continuing And Discontinued Operation": NaN,
        "Total Expenses": NaN,
        "Total Operating Income As Reported": NaN,
        "Diluted Average Shares": NaN,
        "Basic Average Shares": NaN,
        "Diluted EPS": NaN,
        "Basic EPS": NaN,
        "Diluted NI Availto Com Stockholders": NaN,
        "Net Income Common Stockholders": NaN,
        "Preferred Stock Dividends": NaN,
        "Net Income": NaN,
        "Minority Interests": NaN,
        "Net Income Including Noncontrolling Interests": NaN,
        "Net Income Continuous Operations": NaN,
        "Tax Provision": NaN,
        "Pretax Income": NaN,
        "Other Income Expense": NaN,
        "Other Non Operating Income Expenses": -293000.0,
        "Gain On Sale Of Security": NaN,
        "Net Non Operating Interest Income Expense": NaN,
        "Interest Expense Non Operating": NaN,
        "Operating Income": NaN,
        "Operating Expense": NaN,
        "Depreciation Amortization Depletion Income Statement": NaN,
        "Depreciation And Amortization In Income Statement": NaN,
        "Selling General And Administration": NaN,
        "Selling And Marketing Expense": NaN,
        "General And Administrative Expense": NaN,
        "Other Gand A": NaN,
        "Gross Profit": NaN,
        "Cost Of Revenue": NaN,
        "Total Revenue": NaN,
        "Operating Revenue": NaN
    },
    "2024-03-31": {
        "Tax Effect Of Unusual Items": NaN,
        "Tax Rate For Calcs": NaN,
        "Normalized EBITDA": NaN,
        "Total Unusual Items": NaN,
        "Total Unusual Items Excluding Goodwill": NaN,
        "Net Income From Continuing Operation Net Minority Interest": NaN,
        "Reconciled Depreciation": NaN,
        "Reconciled Cost Of Revenue": NaN,
        "EBITDA": NaN,
        "EBIT": NaN,
        "Net Interest Income": NaN,
        "Interest Expense": NaN,
        "Normalized Income": NaN,
        "Net Income From Continuing And Discontinued Operation": NaN,
        "Total Expenses": NaN,
        "Total Operating Income As Reported": NaN,
        "Diluted Average Shares": NaN,
        "Basic Average Shares": NaN,
        "Diluted EPS": NaN,
        "Basic EPS": NaN,
        "Diluted NI Availto Com Stockholders": NaN,
        "Net Income Common Stockholders": NaN,
        "Preferred Stock Dividends": NaN,
        "Net Income": NaN,
        "Minority Interests": NaN,
        "Net Income Including Noncontrolling Interests": NaN,
        "Net Income Continuous Operations": NaN,
        "Tax Provision": NaN,
        "Pretax Income": NaN,
        "Other Income Expense": NaN,
        "Other Non Operating Income Expenses": 8000.0,
        "Gain On Sale Of Security": NaN,
        "Net Non Operating Interest Income Expense": NaN,
        "Interest Expense Non Operating": NaN,
        "Operating Income": NaN,
        "Operating Expense": NaN,
        "Depreciation Amortization Depletion Income Statement": NaN,
        "Depreciation And Amortization In Income Statement": NaN,
        "Selling General And Administration": NaN,
        "Selling And Marketing Expense": NaN,
        "General And Administrative Expense": NaN,
        "Other Gand A": NaN,
        "Gross Profit": NaN,
        "Cost Of Revenue": NaN,
        "Total Revenue": NaN,
        "Operating Revenue": NaN
    },
    "2024-06-30": {
        "Tax Effect Of Unusual Items": -2520.0,
        "Tax Rate For Calcs": 0.21,
        "Normalized EBITDA": 5851000.0,
        "Total Unusual Items": -12000.0,
        "Total Unusual Items Excluding Goodwill": -12000.0,
        "Net Income From Continuing Operation Net Minority Interest": -24667000.0,
        "Reconciled Depreciation": 14059000.0,
        "Reconciled Cost Of Revenue": 82531000.0,
        "EBITDA": 5839000.0,
        "EBIT": -8220000.0,
        "Net Interest Income": -11321000.0,
        "Interest Expense": 11321000.0,
        "Normalized Income": -24657520.0,
        "Net Income From Continuing And Discontinued Operation": -24667000.0,
        "Total Expenses": 144707000.0,
        "Total Operating Income As Reported": -8208000.0,
        "Diluted Average Shares": 53500084.0,
        "Basic Average Shares": 53500084.0,
        "Diluted EPS": -0.48,
        "Basic EPS": -0.48,
        "Diluted NI Availto Com Stockholders": -25817000.0,
        "Net Income Common Stockholders": -25817000.0,
        "Preferred Stock Dividends": 1150000.0,
        "Net Income": -24667000.0,
        "Minority Interests": -673000.0,
        "Net Income Including Noncontrolling Interests": -23994000.0,
        "Net Income Continuous Operations": -23994000.0,
        "Tax Provision": 4453000.0,
        "Pretax Income": -19541000.0,
        "Other Income Expense": -12000.0,
        "Other Non Operating Income Expenses": NaN,
        "Gain On Sale Of Security": -12000.0,
        "Net Non Operating Interest Income Expense": -11321000.0,
        "Interest Expense Non Operating": 11321000.0,
        "Operating Income": -8208000.0,
        "Operating Expense": 61754000.0,
        "Depreciation Amortization Depletion Income Statement": 13637000.0,
        "Depreciation And Amortization In Income Statement": 13637000.0,
        "Selling General And Administration": 48117000.0,
        "Selling And Marketing Expense": 18281000.0,
        "General And Administrative Expense": 29836000.0,
        "Other Gand A": 29836000.0,
        "Gross Profit": 53546000.0,
        "Cost Of Revenue": 82953000.0,
        "Total Revenue": 136499000.0,
        "Operating Revenue": 136499000.0
    },
    "2024-09-30": {
        "Tax Effect Of Unusual Items": 42630.0,
        "Tax Rate For Calcs": 0.21,
        "Normalized EBITDA": 42215000.0,
        "Total Unusual Items": 203000.0,
        "Total Unusual Items Excluding Goodwill": 203000.0,
        "Net Income From Continuing Operation Net Minority Interest": 22515000.0,
        "Reconciled Depreciation": 12599000.0,
        "Reconciled Cost Of Revenue": 104622000.0,
        "EBITDA": 42418000.0,
        "EBIT": 29685000.0,
        "Net Interest Income": -11234000.0,
        "Interest Expense": 11234000.0,
        "Normalized Income": 22354630.0,
        "Net Income From Continuing And Discontinued Operation": 22515000.0,
        "Total Expenses": 176524000.0,
        "Total Operating Income As Reported": 29481000.0,
        "Diluted Average Shares": 62591165.0,
        "Basic Average Shares": 54097365.0,
        "Diluted EPS": 0.36,
        "Basic EPS": 0.39,
        "Diluted NI Availto Com Stockholders": 21347000.0,
        "Net Income Common Stockholders": 21347000.0,
        "Preferred Stock Dividends": 1168000.0,
        "Net Income": 22515000.0,
        "Minority Interests": -2683000.0,
        "Net Income Including Noncontrolling Interests": 25198000.0,
        "Net Income Continuous Operations": 25198000.0,
        "Tax Provision": -6747000.0,
        "Pretax Income": 18451000.0,
        "Other Income Expense": 204000.0,
        "Other Non Operating Income Expenses": 1000.0,
        "Gain On Sale Of Security": 203000.0,
        "Net Non Operating Interest Income Expense": -11234000.0,
        "Interest Expense Non Operating": 11234000.0,
        "Operating Income": 29481000.0,
        "Operating Expense": 72036000.0,
        "Depreciation Amortization Depletion Income Statement": 12733000.0,
        "Depreciation And Amortization In Income Statement": 12733000.0,
        "Selling General And Administration": 59303000.0,
        "Selling And Marketing Expense": 25003000.0,
        "General And Administrative Expense": 34300000.0,
        "Other Gand A": 34300000.0,
        "Gross Profit": 101517000.0,
        "Cost Of Revenue": 104488000.0,
        "Total Revenue": 206005000.0,
        "Operating Revenue": 206005000.0
    },
    "2024-12-31": {
        "Tax Effect Of Unusual Items": -213570.0,
        "Tax Rate For Calcs": 0.21,
        "Normalized EBITDA": 7680000.0,
        "Total Unusual Items": -1017000.0,
        "Total Unusual Items Excluding Goodwill": -1017000.0,
        "Net Income From Continuing Operation Net Minority Interest": -25049000.0,
        "Reconciled Depreciation": 15101000.0,
        "Reconciled Cost Of Revenue": 81017000.0,
        "EBITDA": 6663000.0,
        "EBIT": -8438000.0,
        "Net Interest Income": -11598000.0,
        "Interest Expense": 11598000.0,
        "Normalized Income": -24245570.0,
        "Net Income From Continuing And Discontinued Operation": -25049000.0,
        "Total Expenses": 156180000.0,
        "Total Operating Income As Reported": -7571000.0,
        "Diluted Average Shares": 54368520.0,
        "Basic Average Shares": 54368520.0,
        "Diluted EPS": -0.48,
        "Basic EPS": -0.48,
        "Diluted NI Availto Com Stockholders": -26235000.0,
        "Net Income Common Stockholders": -26235000.0,
        "Preferred Stock Dividends": 1186000.0,
        "Net Income": -25049000.0,
        "Minority Interests": 141000.0,
        "Net Income Including Noncontrolling Interests": -25190000.0,
        "Net Income Continuous Operations": -25190000.0,
        "Tax Provision": 5154000.0,
        "Pretax Income": -20036000.0,
        "Other Income Expense": -867000.0,
        "Other Non Operating Income Expenses": 150000.0,
        "Gain On Sale Of Security": -1017000.0,
        "Net Non Operating Interest Income Expense": -11598000.0,
        "Interest Expense Non Operating": 11598000.0,
        "Operating Income": -7571000.0,
        "Operating Expense": 74937000.0,
        "Depreciation Amortization Depletion Income Statement": 14875000.0,
        "Depreciation And Amortization In Income Statement": 14875000.0,
        "Selling General And Administration": 60062000.0,
        "Selling And Marketing Expense": 20976000.0,
        "General And Administrative Expense": 39086000.0,
        "Other Gand A": 39086000.0,
        "Gross Profit": 67366000.0,
        "Cost Of Revenue": 81243000.0,
        "Total Revenue": 148609000.0,
        "Operating Revenue": 148609000.0
    },
    "2025-03-31": {
        "Tax Effect Of Unusual Items": 113820.0,
        "Tax Rate For Calcs": 0.21,
        "Normalized EBITDA": 26348000.0,
        "Total Unusual Items": 542000.0,
        "Total Unusual Items Excluding Goodwill": 542000.0,
        "Net Income From Continuing Operation Net Minority Interest": 1161000.0,
        "Reconciled Depreciation": 15735000.0,
        "Reconciled Cost Of Revenue": 92408000.0,
        "EBITDA": 26890000.0,
        "EBIT": 11155000.0,
        "Net Interest Income": -11630000.0,
        "Interest Expense": 11630000.0,
        "Normalized Income": 732820.0,
        "Net Income From Continuing And Discontinued Operation": 1161000.0,
        "Total Expenses": 169107000.0,
        "Total Operating Income As Reported": 10614000.0,
        "Diluted Average Shares": 54623008.0,
        "Basic Average Shares": 54623008.0,
        "Diluted EPS": 0.0,
        "Basic EPS": 0.0,
        "Diluted NI Availto Com Stockholders": -43000.0,
        "Net Income Common Stockholders": -43000.0,
        "Preferred Stock Dividends": 1204000.0,
        "Net Income": 1161000.0,
        "Minority Interests": 150000.0,
        "Net Income Including Noncontrolling Interests": 1011000.0,
        "Net Income Continuous Operations": 1011000.0,
        "Tax Provision": -1486000.0,
        "Pretax Income": -475000.0,
        "Other Income Expense": 541000.0,
        "Other Non Operating Income Expenses": -1000.0,
        "Gain On Sale Of Security": 542000.0,
        "Net Non Operating Interest Income Expense": -11630000.0,
        "Interest Expense Non Operating": 11630000.0,
        "Operating Income": 10614000.0,
        "Operating Expense": 76259000.0,
        "Depreciation Amortization Depletion Income Statement": 15295000.0,
        "Depreciation And Amortization In Income Statement": 15295000.0,
        "Selling General And Administration": 60964000.0,
        "Selling And Marketing Expense": 28242000.0,
        "General And Administrative Expense": 32722000.0,
        "Other Gand A": 32722000.0,
        "Gross Profit": 86873000.0,
        "Cost Of Revenue": 92848000.0,
        "Total Revenue": 179721000.0,
        "Operating Revenue": 179721000.0
    },
    "2025-06-30": {
        "Tax Effect Of Unusual Items": 159390.0,
        "Tax Rate For Calcs": 0.21,
        "Normalized EBITDA": 19540000.0,
        "Total Unusual Items": 759000.0,
        "Total Unusual Items Excluding Goodwill": 759000.0,
        "Net Income From Continuing Operation Net Minority Interest": -8518000.0,
        "Reconciled Depreciation": 15103000.0,
        "Reconciled Cost Of Revenue": 90962000.0,
        "EBITDA": 20299000.0,
        "EBIT": 5196000.0,
        "Net Interest Income": -11617000.0,
        "Interest Expense": 11617000.0,
        "Normalized Income": -9117610.0,
        "Net Income From Continuing And Discontinued Operation": -8518000.0,
        "Total Expenses": 163538000.0,
        "Total Operating Income As Reported": 4407000.0,
        "Diluted Average Shares": 54590783.0,
        "Basic Average Shares": 54590783.0,
        "Diluted EPS": -0.18,
        "Basic EPS": -0.18,
        "Diluted NI Availto Com Stockholders": -9741000.0,
        "Net Income Common Stockholders": -9741000.0,
        "Preferred Stock Dividends": 1223000.0,
        "Net Income": -8518000.0,
        "Minority Interests": -1550000.0,
        "Net Income Including Noncontrolling Interests": -6968000.0,
        "Net Income Continuous Operations": -6968000.0,
        "Tax Provision": 547000.0,
        "Pretax Income": -6421000.0,
        "Other Income Expense": 789000.0,
        "Other Non Operating Income Expenses": 30000.0,
        "Gain On Sale Of Security": 759000.0,
        "Net Non Operating Interest Income Expense": -11617000.0,
        "Interest Expense Non Operating": 11617000.0,
        "Operating Income": 4407000.0,
        "Operating Expense": 72147000.0,
        "Depreciation Amortization Depletion Income Statement": 14674000.0,
        "Depreciation And Amortization In Income Statement": 14674000.0,
        "Selling General And Administration": 57473000.0,
        "Selling And Marketing Expense": 26390000.0,
        "General And Administrative Expense": 31083000.0,
        "Other Gand A": 31083000.0,
        "Gross Profit": 76554000.0,
        "Cost Of Revenue": 91391000.0,
        "Total Revenue": 167945000.0,
        "Operating Revenue": 167945000.0
    }
}