{
    "2023-03-31": {
        "Tax Effect Of Unusual Items": NaN,
        "Tax Rate For Calcs": NaN,
        "Normalized EBITDA": NaN,
        "Net Income From Continuing Operation Net Minority Interest": NaN,
        "Reconciled Depreciation": NaN,
        "Reconciled Cost Of Revenue": NaN,
        "EBITDA": NaN,
        "EBIT": NaN,
        "Normalized Income": NaN,
        "Net Income From Continuing And Discontinued Operation": NaN,
        "Total Expenses": NaN,
        "Total Operating Income As Reported": NaN,
        "Diluted Average Shares": 9915000.0,
        "Basic Average Shares": 9915000.0,
        "Diluted EPS": -0.03,
        "Basic EPS": -0.03,
        "Diluted NI Availto Com Stockholders": NaN,
        "Net Income Common Stockholders": NaN,
        "Preferred Stock Dividends": NaN,
        "Net Income": NaN,
        "Net Income Including Noncontrolling Interests": NaN,
        "Net Income Continuous Operations": NaN,
        "Tax Provision": NaN,
        "Pretax Income": NaN,
        "Other Income Expense": NaN,
        "Other Non Operating Income Expenses": NaN,
        "Operating Income": NaN,
        "Operating Expense": NaN,
        "Research And Development": NaN,
        "Selling General And Administration": NaN,
        "Gross Profit": NaN,
        "Cost Of Revenue": NaN,
        "Total Revenue": NaN,
        "Operating Revenue": NaN
    },
    "2022-12-31": {
        "Tax Effect Of Unusual Items": NaN,
        "Tax Rate For Calcs": NaN,
        "Normalized EBITDA": NaN,
        "Net Income From Continuing Operation Net Minority Interest": NaN,
        "Reconciled Depreciation": NaN,
        "Reconciled Cost Of Revenue": NaN,
        "EBITDA": NaN,
        "EBIT": NaN,
        "Normalized Income": NaN,
        "Net Income From Continuing And Discontinued Operation": NaN,
        "Total Expenses": NaN,
        "Total Operating Income As Reported": NaN,
        "Diluted Average Shares": 9910500.0,
        "Basic Average Shares": 9910500.0,
        "Diluted EPS": 0.133333,
        "Basic EPS": 0.133333,
        "Diluted NI Availto Com Stockholders": NaN,
        "Net Income Common Stockholders": NaN,
        "Preferred Stock Dividends": NaN,
        "Net Income": NaN,
        "Net Income Including Noncontrolling Interests": NaN,
        "Net Income Continuous Operations": NaN,
        "Tax Provision": NaN,
        "Pretax Income": NaN,
        "Other Income Expense": NaN,
        "Other Non Operating Income Expenses": NaN,
        "Operating Income": NaN,
        "Operating Expense": NaN,
        "Research And Development": NaN,
        "Selling General And Administration": NaN,
        "Gross Profit": NaN,
        "Cost Of Revenue": NaN,
        "Total Revenue": NaN,
        "Operating Revenue": NaN
    },
    "2022-09-30": {
        "Tax Effect Of Unusual Items": 0.0,
        "Tax Rate For Calcs": 0.4,
        "Normalized EBITDA": -129000.0,
        "Net Income From Continuing Operation Net Minority Interest": 6000.0,
        "Reconciled Depreciation": 61000.0,
        "Reconciled Cost Of Revenue": 979000.0,
        "EBITDA": -129000.0,
        "EBIT": -190000.0,
        "Normalized Income": 6000.0,
        "Net Income From Continuing And Discontinued Operation": 6000.0,
        "Total Expenses": 2041000.0,
        "Total Operating Income As Reported": -190000.0,
        "Diluted Average Shares": 6603000.0,
        "Basic Average Shares": 6603000.0,
        "Diluted EPS": -0.01,
        "Basic EPS": -0.01,
        "Diluted NI Availto Com Stockholders": -94000.0,
        "Net Income Common Stockholders": -94000.0,
        "Otherunder Preferred Stock Dividend": NaN,
        "Preferred Stock Dividends": 100000.0,
        "Net Income": 6000.0,
        "Net Income Including Noncontrolling Interests": 6000.0,
        "Net Income Continuous Operations": 6000.0,
        "Tax Provision": 11000.0,
        "Pretax Income": 17000.0,
        "Other Income Expense": 207000.0,
        "Other Non Operating Income Expenses": 207000.0,
        "Operating Income": -190000.0,
        "Operating Expense": 1062000.0,
        "Research And Development": 319000.0,
        "Selling General And Administration": 743000.0,
        "Gross Profit": 872000.0,
        "Cost Of Revenue": 979000.0,
        "Total Revenue": 1851000.0,
        "Operating Revenue": 1851000.0
    },
    "2022-06-30": {
        "Tax Effect Of Unusual Items": 0.0,
        "Tax Rate For Calcs": 0.4,
        "Normalized EBITDA": -87000.0,
        "Net Income From Continuing Operation Net Minority Interest": 112000.0,
        "Reconciled Depreciation": 64000.0,
        "Reconciled Cost Of Revenue": 1088000.0,
        "EBITDA": -87000.0,
        "EBIT": -151000.0,
        "Normalized Income": 112000.0,
        "Net Income From Continuing And Discontinued Operation": 112000.0,
        "Total Expenses": 2191000.0,
        "Total Operating Income As Reported": -151000.0,
        "Diluted Average Shares": 6602000.0,
        "Basic Average Shares": 6602000.0,
        "Diluted EPS": 0.001818,
        "Basic EPS": 0.001818,
        "Diluted NI Availto Com Stockholders": 12000.0,
        "Net Income Common Stockholders": 12000.0,
        "Otherunder Preferred Stock Dividend": NaN,
        "Preferred Stock Dividends": 100000.0,
        "Net Income": 112000.0,
        "Net Income Including Noncontrolling Interests": 112000.0,
        "Net Income Continuous Operations": 112000.0,
        "Tax Provision": 79000.0,
        "Pretax Income": 191000.0,
        "Other Income Expense": 342000.0,
        "Other Non Operating Income Expenses": 342000.0,
        "Operating Income": -151000.0,
        "Operating Expense": 1103000.0,
        "Research And Development": 330000.0,
        "Selling General And Administration": 773000.0,
        "Gross Profit": 952000.0,
        "Cost Of Revenue": 1088000.0,
        "Total Revenue": 2040000.0,
        "Operating Revenue": 2040000.0
    },
    "2017-09-30": {
        "Diluted EPS": -0.24,
        "Total Revenue": 17,
        "Gross Profit": 1,
        "Operating Income": -27,
        "EBIT": -27,
        "Net Income": -24
    },
    "2017-06-30": {
        "Diluted EPS": -0.21,
        "Total Revenue": 15,
        "Gross Profit": -1,
        "Operating Income": -19,
        "EBIT": -19,
        "Net Income": -21
    },
    "2017-03-31": {
        "Diluted EPS": -0.72,
        "Total Revenue": 12,
        "Gross Profit": -1,
        "Operating Income": -95,
        "EBIT": -95,
        "Net Income": -71
    },
    "2016-12-31": {
        "Diluted EPS": -1.13,
        "Total Revenue": 300,
        "Gross Profit": 82,
        "Operating Income": -60,
        "EBIT": -60,
        "Net Income": -111
    },
    "2016-09-30": {
        "Diluted EPS": -0.09,
        "Total Revenue": 14,
        "Gross Profit": 0,
        "Operating Income": -18,
        "EBIT": -18,
        "Net Income": -9
    },
    "2016-06-30": {
        "Diluted EPS": 0.01,
        "Total Revenue": 13,
        "Gross Profit": 1,
        "Operating Income": -12,
        "EBIT": -12,
        "Net Income": 1
    },
    "2016-03-31": {
        "Diluted EPS": -0.08,
        "Total Revenue": 16,
        "Gross Profit": -1,
        "Operating Income": -22,
        "EBIT": -22,
        "Net Income": -8
    },
    "2015-12-31": {
        "Diluted EPS": 0.21,
        "Total Revenue": 127,
        "Gross Profit": 23,
        "Operating Income": -19,
        "EBIT": -3,
        "Net Income": 20
    },
    "2015-09-30": {
        "Diluted EPS": 0.01,
        "Total Revenue": 84,
        "Gross Profit": 28,
        "Operating Income": 7,
        "EBIT": 7,
        "Net Income": 1
    },
    "2015-06-30": {
        "Diluted EPS": -0.02,
        "Total Revenue": 102,
        "Gross Profit": 25,
        "Operating Income": 1,
        "EBIT": 1,
        "Net Income": -2
    },
    "2015-03-31": {
        "Diluted EPS": -0.19,
        "Total Revenue": 89,
        "Gross Profit": 19,
        "Operating Income": -17,
        "EBIT": -17,
        "Net Income": -17
    },
    "2014-12-31": {
        "Diluted EPS": -0.23,
        "Total Revenue": 90,
        "Gross Profit": -78,
        "Operating Income": -224,
        "EBIT": -224,
        "Net Income": -21
    },
    "2014-09-30": {
        "Diluted EPS": -0.19,
        "Total Revenue": 81,
        "Gross Profit": 23,
        "Operating Income": -18,
        "EBIT": -18,
        "Net Income": -17
    },
    "2014-06-30": {
        "Diluted EPS": -0.22,
        "Total Revenue": 82,
        "Gross Profit": 82,
        "Operating Income": 82,
        "EBIT": 82,
        "Net Income": -17
    },
    "2014-03-31": {
        "Diluted EPS": -0.34,
        "Total Revenue": 80,
        "Gross Profit": 80,
        "Operating Income": 80,
        "EBIT": 80,
        "Net Income": -22
    },
    "2013-12-31": {
        "Diluted EPS": -0.09,
        "Total Revenue": 68,
        "Gross Profit": 33,
        "Operating Income": -4,
        "EBIT": -4,
        "Net Income": -5
    },
    "2013-09-30": {
        "Diluted EPS": -0.05,
        "Total Revenue": 54,
        "Gross Profit": 32,
        "Operating Income": -3,
        "EBIT": -3,
        "Net Income": -3
    },
    "2013-06-30": {
        "Diluted EPS": 0.03,
        "Total Revenue": 41,
        "Gross Profit": 28,
        "Operating Income": 1,
        "EBIT": 1,
        "Net Income": 2
    },
    "2013-03-31": {
        "Diluted EPS": 0.05,
        "Total Revenue": 33,
        "Gross Profit": 23,
        "Operating Income": 2,
        "EBIT": 4,
        "Net Income": 3
    },
    "2012-12-31": {
        "Diluted EPS": 0.09,
        "Total Revenue": 30,
        "Gross Profit": 20,
        "Operating Income": 0,
        "EBIT": 0,
        "Net Income": 5
    },
    "2012-09-30": {
        "Diluted EPS": 0.01,
        "Total Revenue": 26,
        "Gross Profit": 18,
        "Operating Income": -1,
        "EBIT": -1,
        "Net Income": 0
    },
    "2012-06-30": {
        "Diluted EPS": 0.04,
        "Total Revenue": 20,
        "Gross Profit": 15,
        "Operating Income": 2,
        "EBIT": 2,
        "Net Income": 2
    },
    "2012-03-31": {
        "Diluted EPS": 0.04,
        "Total Revenue": 16,
        "Gross Profit": 13,
        "Operating Income": 1,
        "EBIT": 2,
        "Net Income": 2
    },
    "2011-12-31": {
        "Diluted EPS": 0.07,
        "Total Revenue": 13,
        "Gross Profit": 10,
        "Operating Income": 1,
        "EBIT": 1,
        "Net Income": 3
    },
    "2011-09-30": {
        "Diluted EPS": 0.09,
        "Total Revenue": 11,
        "Gross Profit": 9,
        "Operating Income": 2,
        "EBIT": 2,
        "Net Income": 4
    },
    "2011-06-30": {
        "Diluted EPS": 0.01,
        "Total Revenue": 9,
        "Gross Profit": 7,
        "Operating Income": 0,
        "EBIT": 0,
        "Net Income": 1
    },
    "2011-03-31": {
        "Diluted EPS": 0.01,
        "Total Revenue": 8,
        "Gross Profit": 6,
        "Operating Income": 2,
        "EBIT": 2,
        "Net Income": 2
    },
    "2010-12-31": {
        "Diluted EPS": -0.33,
        "Total Revenue": 6,
        "Gross Profit": 6,
        "Operating Income": 6,
        "EBIT": 6,
        "Net Income": -11
    },
    "2010-09-30": {
        "Diluted EPS": 0.0,
        "Total Revenue": 5,
        "Gross Profit": 5,
        "Operating Income": 5,
        "EBIT": 5,
        "Net Income": 1
    },
    "2010-06-30": {
        "Diluted EPS": -0.03,
        "Total Revenue": 4,
        "Gross Profit": 4,
        "Operating Income": 4,
        "EBIT": 4,
        "Net Income": 0
    },
    "2010-03-31": {
        "Diluted EPS": -0.02,
        "Total Revenue": 2,
        "Gross Profit": 2,
        "Operating Income": 2,
        "EBIT": 2,
        "Net Income": 0
    },
    "2023-06-30": {
        "Tax Effect Of Unusual Items": NaN,
        "Tax Rate For Calcs": NaN,
        "Normalized EBITDA": NaN,
        "Net Income From Continuing Operation Net Minority Interest": NaN,
        "Reconciled Depreciation": NaN,
        "Reconciled Cost Of Revenue": NaN,
        "EBITDA": NaN,
        "EBIT": NaN,
        "Normalized Income": NaN,
        "Net Income From Continuing And Discontinued Operation": NaN,
        "Total Expenses": NaN,
        "Total Operating Income As Reported": NaN,
        "Diluted Average Shares": 9900000.0,
        "Basic Average Shares": 9900000.0,
        "Diluted EPS": 0.03,
        "Basic EPS": 0.03,
        "Diluted NI Availto Com Stockholders": NaN,
        "Net Income Common Stockholders": NaN,
        "Preferred Stock Dividends": NaN,
        "Net Income": NaN,
        "Net Income Including Noncontrolling Interests": NaN,
        "Net Income Continuous Operations": NaN,
        "Tax Provision": NaN,
        "Pretax Income": NaN,
        "Other Income Expense": NaN,
        "Other Non Operating Income Expenses": NaN,
        "Operating Income": NaN,
        "Operating Expense": NaN,
        "Research And Development": NaN,
        "Selling General And Administration": NaN,
        "Gross Profit": NaN,
        "Cost Of Revenue": NaN,
        "Total Revenue": NaN,
        "Operating Revenue": NaN
    },
    "2023-09-30": {
        "Tax Effect Of Unusual Items": NaN,
        "Tax Rate For Calcs": NaN,
        "Normalized EBITDA": NaN,
        "Net Income From Continuing Operation Net Minority Interest": NaN,
        "Reconciled Depreciation": NaN,
        "Reconciled Cost Of Revenue": NaN,
        "EBITDA": NaN,
        "EBIT": NaN,
        "Normalized Income": NaN,
        "Net Income From Continuing And Discontinued Operation": NaN,
        "Total Expenses": NaN,
        "Total Operating Income As Reported": NaN,
        "Diluted Average Shares": 9873000.0,
        "Basic Average Shares": 9873000.0,
        "Diluted EPS": -0.02,
        "Basic EPS": -0.02,
        "Diluted NI Availto Com Stockholders": NaN,
        "Net Income Common Stockholders": NaN,
        "Preferred Stock Dividends": NaN,
        "Net Income": NaN,
        "Net Income Including Noncontrolling Interests": NaN,
        "Net Income Continuous Operations": NaN,
        "Tax Provision": NaN,
        "Pretax Income": NaN,
        "Other Income Expense": NaN,
        "Other Non Operating Income Expenses": NaN,
        "Operating Income": NaN,
        "Operating Expense": NaN,
        "Research And Development": NaN,
        "Selling General And Administration": NaN,
        "Gross Profit": NaN,
        "Cost Of Revenue": NaN,
        "Total Revenue": NaN,
        "Operating Revenue": NaN
    },
    "2023-12-31": {
        "Tax Effect Of Unusual Items": 0.0,
        "Tax Rate For Calcs": 0.214035,
        "Normalized EBITDA": 17000.0,
        "Net Income From Continuing Operation Net Minority Interest": -448000.0,
        "Reconciled Depreciation": 597000.0,
        "Reconciled Cost Of Revenue": 2086000.0,
        "EBITDA": 17000.0,
        "EBIT": -580000.0,
        "Normalized Income": -448000.0,
        "Net Income From Continuing And Discontinued Operation": -448000.0,
        "Total Expenses": 4118000.0,
        "Total Operating Income As Reported": -580000.0,
        "Diluted Average Shares": NaN,
        "Basic Average Shares": NaN,
        "Diluted EPS": NaN,
        "Basic EPS": NaN,
        "Diluted NI Availto Com Stockholders": -548000.0,
        "Net Income Common Stockholders": -548000.0,
        "Preferred Stock Dividends": 100000.0,
        "Net Income": -448000.0,
        "Net Income Including Noncontrolling Interests": -448000.0,
        "Net Income Continuous Operations": -448000.0,
        "Tax Provision": -122000.0,
        "Pretax Income": -570000.0,
        "Other Income Expense": 10000.0,
        "Other Non Operating Income Expenses": 10000.0,
        "Operating Income": -580000.0,
        "Operating Expense": 2032000.0,
        "Research And Development": 561000.0,
        "Selling General And Administration": 1471000.0,
        "Gross Profit": 1452000.0,
        "Cost Of Revenue": 2086000.0,
        "Total Revenue": 3538000.0,
        "Operating Revenue": 3538000.0
    },
    "2024-03-31": {
        "Tax Effect Of Unusual Items": 0.0,
        "Tax Rate For Calcs": 0.21,
        "Normalized EBITDA": -522000.0,
        "Net Income From Continuing Operation Net Minority Interest": -741000.0,
        "Reconciled Depreciation": 229000.0,
        "Reconciled Cost Of Revenue": 1871000.0,
        "EBITDA": -522000.0,
        "EBIT": -751000.0,
        "Normalized Income": -741000.0,
        "Net Income From Continuing And Discontinued Operation": -741000.0,
        "Total Expenses": 3875000.0,
        "Total Operating Income As Reported": -751000.0,
        "Diluted Average Shares": 9860000.0,
        "Basic Average Shares": 9860000.0,
        "Diluted EPS": -0.09,
        "Basic EPS": -0.09,
        "Diluted NI Availto Com Stockholders": -841000.0,
        "Net Income Common Stockholders": -841000.0,
        "Preferred Stock Dividends": 100000.0,
        "Net Income": -741000.0,
        "Net Income Including Noncontrolling Interests": -741000.0,
        "Net Income Continuous Operations": -741000.0,
        "Tax Provision": 22000.0,
        "Pretax Income": -719000.0,
        "Other Income Expense": 32000.0,
        "Other Non Operating Income Expenses": 32000.0,
        "Operating Income": -751000.0,
        "Operating Expense": 2004000.0,
        "Research And Development": 576000.0,
        "Selling General And Administration": 1428000.0,
        "Gross Profit": 1253000.0,
        "Cost Of Revenue": 1871000.0,
        "Total Revenue": 3124000.0,
        "Operating Revenue": 3124000.0
    },
    "2024-06-30": {
        "Tax Effect Of Unusual Items": 0.0,
        "Tax Rate For Calcs": 0.21,
        "Normalized EBITDA": -87000.0,
        "Net Income From Continuing Operation Net Minority Interest": -307000.0,
        "Reconciled Depreciation": 226000.0,
        "Reconciled Cost Of Revenue": 1593000.0,
        "EBITDA": -87000.0,
        "EBIT": -313000.0,
        "Normalized Income": -307000.0,
        "Net Income From Continuing And Discontinued Operation": -307000.0,
        "Total Expenses": 3211000.0,
        "Total Operating Income As Reported": -313000.0,
        "Diluted Average Shares": 9860000.0,
        "Basic Average Shares": 9860000.0,
        "Diluted EPS": -0.04,
        "Basic EPS": -0.04,
        "Diluted NI Availto Com Stockholders": -407000.0,
        "Net Income Common Stockholders": -407000.0,
        "Preferred Stock Dividends": 100000.0,
        "Net Income": -307000.0,
        "Net Income Including Noncontrolling Interests": -307000.0,
        "Net Income Continuous Operations": -307000.0,
        "Tax Provision": 10000.0,
        "Pretax Income": -297000.0,
        "Other Income Expense": 16000.0,
        "Other Non Operating Income Expenses": 16000.0,
        "Operating Income": -313000.0,
        "Operating Expense": 1618000.0,
        "Research And Development": 510000.0,
        "Selling General And Administration": 1108000.0,
        "Gross Profit": 1305000.0,
        "Cost Of Revenue": 1593000.0,
        "Total Revenue": 2898000.0,
        "Operating Revenue": 2898000.0
    },
    "2024-09-30": {
        "Tax Effect Of Unusual Items": 0.0,
        "Tax Rate For Calcs": 0.21,
        "Normalized EBITDA": -245000.0,
        "Net Income From Continuing Operation Net Minority Interest": -523000.0,
        "Reconciled Depreciation": 231000.0,
        "Reconciled Cost Of Revenue": 1566000.0,
        "EBITDA": -245000.0,
        "EBIT": -476000.0,
        "Normalized Income": -523000.0,
        "Net Income From Continuing And Discontinued Operation": -523000.0,
        "Total Expenses": 3147000.0,
        "Total Operating Income As Reported": -476000.0,
        "Diluted Average Shares": 22189500.0,
        "Basic Average Shares": 22189500.0,
        "Diluted EPS": -0.026667,
        "Basic EPS": -0.026667,
        "Diluted NI Availto Com Stockholders": -623000.0,
        "Net Income Common Stockholders": -623000.0,
        "Preferred Stock Dividends": 100000.0,
        "Net Income": -523000.0,
        "Net Income Including Noncontrolling Interests": -523000.0,
        "Net Income Continuous Operations": -523000.0,
        "Tax Provision": 28000.0,
        "Pretax Income": -495000.0,
        "Other Income Expense": -19000.0,
        "Other Non Operating Income Expenses": -19000.0,
        "Operating Income": -476000.0,
        "Operating Expense": 1581000.0,
        "Research And Development": 486000.0,
        "Selling General And Administration": 1095000.0,
        "Gross Profit": 1105000.0,
        "Cost Of Revenue": 1566000.0,
        "Total Revenue": 2671000.0,
        "Operating Revenue": 2671000.0
    },
    "2024-12-31": {
        "Tax Effect Of Unusual Items": 0.0,
        "Tax Rate For Calcs": 0.073991,
        "Normalized EBITDA": -304000.0,
        "Net Income From Continuing Operation Net Minority Interest": -413000.0,
        "Reconciled Depreciation": 206000.0,
        "Reconciled Cost Of Revenue": 1803000.0,
        "EBITDA": -304000.0,
        "EBIT": -510000.0,
        "Normalized Income": -413000.0,
        "Net Income From Continuing And Discontinued Operation": -413000.0,
        "Total Expenses": 3496000.0,
        "Total Operating Income As Reported": -510000.0,
        "Diluted Average Shares": 9864000.0,
        "Basic Average Shares": 9864000.0,
        "Diluted EPS": -0.05,
        "Basic EPS": -0.05,
        "Diluted NI Availto Com Stockholders": -513000.0,
        "Net Income Common Stockholders": -513000.0,
        "Preferred Stock Dividends": 100000.0,
        "Net Income": -413000.0,
        "Net Income Including Noncontrolling Interests": -413000.0,
        "Net Income Continuous Operations": -413000.0,
        "Tax Provision": -33000.0,
        "Pretax Income": -446000.0,
        "Other Income Expense": 64000.0,
        "Other Non Operating Income Expenses": 64000.0,
        "Operating Income": -510000.0,
        "Operating Expense": 1693000.0,
        "Research And Development": 480000.0,
        "Selling General And Administration": 1213000.0,
        "Gross Profit": 1183000.0,
        "Cost Of Revenue": 1803000.0,
        "Total Revenue": 2986000.0,
        "Operating Revenue": 2986000.0
    },
    "2025-03-31": {
        "Tax Effect Of Unusual Items": 0.0,
        "Tax Rate For Calcs": 0.046,
        "Normalized EBITDA": -630000.0,
        "Net Income From Continuing Operation Net Minority Interest": -805000.0,
        "Reconciled Depreciation": 219000.0,
        "Reconciled Cost Of Revenue": 1715000.0,
        "EBITDA": -630000.0,
        "EBIT": -849000.0,
        "Normalized Income": -805000.0,
        "Net Income From Continuing And Discontinued Operation": -805000.0,
        "Total Expenses": 3513000.0,
        "Total Operating Income As Reported": -849000.0,
        "Diluted Average Shares": 9864000.0,
        "Basic Average Shares": 9864000.0,
        "Diluted EPS": -0.09,
        "Basic EPS": -0.09,
        "Diluted NI Availto Com Stockholders": -905000.0,
        "Net Income Common Stockholders": -905000.0,
        "Preferred Stock Dividends": 100000.0,
        "Net Income": -805000.0,
        "Net Income Including Noncontrolling Interests": -805000.0,
        "Net Income Continuous Operations": -805000.0,
        "Tax Provision": -39000.0,
        "Pretax Income": -844000.0,
        "Other Income Expense": 5000.0,
        "Other Non Operating Income Expenses": 5000.0,
        "Operating Income": -849000.0,
        "Operating Expense": 1798000.0,
        "Research And Development": 434000.0,
        "Selling General And Administration": 1364000.0,
        "Gross Profit": 949000.0,
        "Cost Of Revenue": 1715000.0,
        "Total Revenue": 2664000.0,
        "Operating Revenue": 2664000.0
    },
    "2025-06-30": {
        "Tax Effect Of Unusual Items": 0.0,
        "Tax Rate For Calcs": 0.21,
        "Normalized EBITDA": 298000.0,
        "Net Income From Continuing Operation Net Minority Interest": 100000.0,
        "Reconciled Depreciation": 232000.0,
        "Reconciled Cost Of Revenue": 1876000.0,
        "EBITDA": 298000.0,
        "EBIT": 66000.0,
        "Normalized Income": 100000.0,
        "Net Income From Continuing And Discontinued Operation": 100000.0,
        "Total Expenses": 3348000.0,
        "Total Operating Income As Reported": 66000.0,
        "Diluted Average Shares": 9864000.0,
        "Basic Average Shares": 9864000.0,
        "Diluted EPS": 0.0,
        "Basic EPS": 0.0,
        "Diluted NI Availto Com Stockholders": 0.0,
        "Net Income Common Stockholders": 0.0,
        "Preferred Stock Dividends": 100000.0,
        "Net Income": 100000.0,
        "Net Income Including Noncontrolling Interests": 100000.0,
        "Net Income Continuous Operations": 100000.0,
        "Tax Provision": -9000.0,
        "Pretax Income": 91000.0,
        "Other Income Expense": 25000.0,
        "Other Non Operating Income Expenses": 25000.0,
        "Operating Income": 66000.0,
        "Operating Expense": 1472000.0,
        "Research And Development": 363000.0,
        "Selling General And Administration": 1109000.0,
        "Gross Profit": 1538000.0,
        "Cost Of Revenue": 1876000.0,
        "Total Revenue": 3414000.0,
        "Operating Revenue": 3414000.0
    },
    "2025-09-30": {
        "Tax Effect Of Unusual Items": 0.0,
        "Tax Rate For Calcs": 0.21,
        "Normalized EBITDA": -80000.0,
        "Net Income From Continuing Operation Net Minority Interest": -336000.0,
        "Reconciled Depreciation": 233000.0,
        "Reconciled Cost Of Revenue": 1721000.0,
        "EBITDA": -80000.0,
        "EBIT": -313000.0,
        "Normalized Income": -336000.0,
        "Net Income From Continuing And Discontinued Operation": -336000.0,
        "Total Expenses": 3272000.0,
        "Total Operating Income As Reported": -313000.0,
        "Diluted Average Shares": 22219500.0,
        "Basic Average Shares": 22219500.0,
        "Diluted EPS": -0.02,
        "Basic EPS": -0.02,
        "Diluted NI Availto Com Stockholders": -436000.0,
        "Net Income Common Stockholders": -436000.0,
        "Preferred Stock Dividends": 100000.0,
        "Net Income": -336000.0,
        "Net Income Including Noncontrolling Interests": -336000.0,
        "Net Income Continuous Operations": -336000.0,
        "Tax Provision": 26000.0,
        "Pretax Income": -310000.0,
        "Other Income Expense": 3000.0,
        "Other Non Operating Income Expenses": 3000.0,
        "Operating Income": -313000.0,
        "Operating Expense": 1551000.0,
        "Research And Development": 354000.0,
        "Selling General And Administration": 1197000.0,
        "Gross Profit": 1238000.0,
        "Cost Of Revenue": 1721000.0,
        "Total Revenue": 2959000.0,
        "Operating Revenue": 2959000.0
    }
}