{
    "2023-03-31": {
        "Tax Effect Of Unusual Items": NaN,
        "Tax Rate For Calcs": NaN,
        "Normalized EBITDA": NaN,
        "Total Unusual Items": NaN,
        "Total Unusual Items Excluding Goodwill": NaN,
        "Net Income From Continuing Operation Net Minority Interest": NaN,
        "Reconciled Depreciation": NaN,
        "Reconciled Cost Of Revenue": NaN,
        "EBITDA": NaN,
        "EBIT": NaN,
        "Net Interest Income": NaN,
        "Interest Expense": NaN,
        "Interest Income": NaN,
        "Normalized Income": NaN,
        "Net Income From Continuing And Discontinued Operation": NaN,
        "Total Expenses": NaN,
        "Total Operating Income As Reported": NaN,
        "Diluted Average Shares": NaN,
        "Basic Average Shares": NaN,
        "Diluted EPS": NaN,
        "Basic EPS": NaN,
        "Diluted NI Availto Com Stockholders": NaN,
        "Net Income Common Stockholders": NaN,
        "Net Income": NaN,
        "Net Income Including Noncontrolling Interests": NaN,
        "Net Income Continuous Operations": NaN,
        "Tax Provision": NaN,
        "Pretax Income": NaN,
        "Other Income Expense": NaN,
        "Other Non Operating Income Expenses": -100000.0,
        "Special Income Charges": NaN,
        "Restructuring And Mergern Acquisition": NaN,
        "Gain On Sale Of Security": NaN,
        "Net Non Operating Interest Income Expense": NaN,
        "Interest Expense Non Operating": NaN,
        "Interest Income Non Operating": NaN,
        "Operating Income": NaN,
        "Operating Expense": NaN,
        "Research And Development": NaN,
        "Selling General And Administration": NaN,
        "Gross Profit": NaN,
        "Cost Of Revenue": NaN,
        "Total Revenue": NaN,
        "Operating Revenue": NaN
    },
    "2022-12-31": {
        "Tax Effect Of Unusual Items": NaN,
        "Tax Rate For Calcs": NaN,
        "Normalized EBITDA": NaN,
        "Total Unusual Items": NaN,
        "Total Unusual Items Excluding Goodwill": NaN,
        "Net Income From Continuing Operation Net Minority Interest": NaN,
        "Reconciled Depreciation": NaN,
        "Reconciled Cost Of Revenue": NaN,
        "EBITDA": NaN,
        "EBIT": NaN,
        "Net Interest Income": NaN,
        "Interest Expense": NaN,
        "Interest Income": NaN,
        "Normalized Income": NaN,
        "Net Income From Continuing And Discontinued Operation": NaN,
        "Total Expenses": NaN,
        "Total Operating Income As Reported": NaN,
        "Diluted Average Shares": NaN,
        "Basic Average Shares": NaN,
        "Diluted EPS": NaN,
        "Basic EPS": NaN,
        "Diluted NI Availto Com Stockholders": NaN,
        "Net Income Common Stockholders": NaN,
        "Net Income": NaN,
        "Net Income Including Noncontrolling Interests": NaN,
        "Net Income Continuous Operations": NaN,
        "Tax Provision": NaN,
        "Pretax Income": NaN,
        "Other Income Expense": NaN,
        "Other Non Operating Income Expenses": 100000.0,
        "Special Income Charges": NaN,
        "Restructuring And Mergern Acquisition": NaN,
        "Gain On Sale Of Security": NaN,
        "Net Non Operating Interest Income Expense": NaN,
        "Interest Expense Non Operating": NaN,
        "Interest Income Non Operating": NaN,
        "Operating Income": NaN,
        "Operating Expense": NaN,
        "Research And Development": NaN,
        "Selling General And Administration": NaN,
        "Gross Profit": NaN,
        "Cost Of Revenue": NaN,
        "Total Revenue": NaN,
        "Operating Revenue": NaN
    },
    "2022-09-30": {
        "Tax Effect Of Unusual Items": -120000.0,
        "Tax Rate For Calcs": 0.4,
        "Normalized EBITDA": 84300000.0,
        "Total Unusual Items": -300000.0,
        "Total Unusual Items Excluding Goodwill": -300000.0,
        "Net Income From Continuing Operation Net Minority Interest": -400000.0,
        "Reconciled Depreciation": 56700000.0,
        "Reconciled Cost Of Revenue": 305600000.0,
        "EBITDA": 84000000.0,
        "EBIT": 27300000.0,
        "Net Interest Income": -3700000.0,
        "Interest Expense": 8500000.0,
        "Interest Income": 4800000.0,
        "Normalized Income": -220000.0,
        "Net Income From Continuing And Discontinued Operation": -400000.0,
        "Total Expenses": 484000000.0,
        "Total Operating Income As Reported": 13500000.0,
        "Diluted Average Shares": 68100000.0,
        "Basic Average Shares": 68100000.0,
        "Diluted EPS": -0.01,
        "Basic EPS": -0.01,
        "Diluted NI Availto Com Stockholders": -400000.0,
        "Net Income Common Stockholders": -400000.0,
        "Net Income": -400000.0,
        "Net Income Including Noncontrolling Interests": -400000.0,
        "Net Income Continuous Operations": -400000.0,
        "Tax Provision": 19200000.0,
        "Pretax Income": 18800000.0,
        "Other Income Expense": -300000.0,
        "Other Non Operating Income Expenses": NaN,
        "Special Income Charges": -9300000.0,
        "Restructuring And Mergern Acquisition": 9300000.0,
        "Gain On Sale Of Security": 9000000.0,
        "Net Non Operating Interest Income Expense": -3700000.0,
        "Interest Expense Non Operating": 8500000.0,
        "Interest Income Non Operating": 4800000.0,
        "Operating Income": 22800000.0,
        "Operating Expense": 178400000.0,
        "Research And Development": 72700000.0,
        "Selling General And Administration": 105700000.0,
        "Gross Profit": 201200000.0,
        "Cost Of Revenue": 305600000.0,
        "Total Revenue": 506800000.0,
        "Operating Revenue": 506800000.0
    },
    "2022-06-30": {
        "Tax Effect Of Unusual Items": 0.0,
        "Tax Rate For Calcs": 0.06469,
        "Normalized EBITDA": 63600000.0,
        "Total Unusual Items": 0.0,
        "Total Unusual Items Excluding Goodwill": 0.0,
        "Net Income From Continuing Operation Net Minority Interest": 34700000.0,
        "Reconciled Depreciation": 41600000.0,
        "Reconciled Cost Of Revenue": 240400000.0,
        "EBITDA": 63600000.0,
        "EBIT": 63600000.0,
        "Net Interest Income": -26500000.0,
        "Interest Expense": 26500000.0,
        "Interest Income": 3800000.0,
        "Normalized Income": 34700000.0,
        "Net Income From Continuing And Discontinued Operation": 34700000.0,
        "Total Expenses": 366700000.0,
        "Total Operating Income As Reported": 55400000.0,
        "Diluted Average Shares": 71500000.0,
        "Basic Average Shares": 68900000.0,
        "Diluted EPS": 0.49,
        "Basic EPS": 0.5,
        "Diluted NI Availto Com Stockholders": 34700000.0,
        "Net Income Common Stockholders": 34700000.0,
        "Net Income": 34700000.0,
        "Net Income Including Noncontrolling Interests": 34700000.0,
        "Net Income Continuous Operations": 34700000.0,
        "Tax Provision": 2400000.0,
        "Pretax Income": 37100000.0,
        "Other Income Expense": 8200000.0,
        "Other Non Operating Income Expenses": 8200000.0,
        "Special Income Charges": 0.0,
        "Restructuring And Mergern Acquisition": 0.0,
        "Gain On Sale Of Security": 4400000.0,
        "Net Non Operating Interest Income Expense": -26500000.0,
        "Interest Expense Non Operating": 26500000.0,
        "Interest Income Non Operating": 3800000.0,
        "Operating Income": 55400000.0,
        "Operating Expense": 126300000.0,
        "Research And Development": 56700000.0,
        "Selling General And Administration": 69600000.0,
        "Gross Profit": 181700000.0,
        "Cost Of Revenue": 240400000.0,
        "Total Revenue": 422100000.0,
        "Operating Revenue": 422100000.0
    },
    "2022-03-31": {
        "Diluted EPS": 0.35,
        "Total Revenue": 395,
        "Gross Profit": 167,
        "Operating Income": 47,
        "EBIT": 106,
        "Net Income": 26
    },
    "2021-12-31": {
        "Diluted EPS": 0.75,
        "Total Revenue": 447,
        "Gross Profit": 208,
        "Operating Income": 85,
        "EBIT": 143,
        "Net Income": 57
    },
    "2021-09-30": {
        "Diluted EPS": 1.08,
        "Total Revenue": 448,
        "Gross Profit": 232,
        "Operating Income": 116,
        "EBIT": 173,
        "Net Income": 82
    },
    "2021-06-30": {
        "Diluted EPS": 0.3,
        "Total Revenue": 392,
        "Gross Profit": 163,
        "Operating Income": 46,
        "EBIT": 105,
        "Net Income": 22
    },
    "2021-03-31": {
        "Diluted EPS": 2.85,
        "Total Revenue": 420,
        "Gross Profit": 185,
        "Operating Income": 267,
        "EBIT": 327,
        "Net Income": 226
    },
    "2020-12-31": {
        "Diluted EPS": 1.06,
        "Total Revenue": 479,
        "Gross Profit": 230,
        "Operating Income": 115,
        "EBIT": 175,
        "Net Income": 83
    },
    "2020-09-30": {
        "Diluted EPS": 0.86,
        "Total Revenue": 452,
        "Gross Profit": 206,
        "Operating Income": 99,
        "EBIT": 158,
        "Net Income": 67
    },
    "2020-06-30": {
        "Diluted EPS": -0.05,
        "Total Revenue": 368,
        "Gross Profit": 136,
        "Operating Income": 27,
        "EBIT": 88,
        "Net Income": -5
    },
    "2020-03-31": {
        "Diluted EPS": 0.56,
        "Total Revenue": 403,
        "Gross Profit": 158,
        "Operating Income": 43,
        "EBIT": 106,
        "Net Income": 43
    },
    "2019-12-31": {
        "Diluted EPS": 0.63,
        "Total Revenue": 458,
        "Gross Profit": 189,
        "Operating Income": 75,
        "EBIT": 131,
        "Net Income": 49
    },
    "2019-09-30": {
        "Diluted EPS": 0.61,
        "Total Revenue": 450,
        "Gross Profit": 168,
        "Operating Income": 60,
        "EBIT": 117,
        "Net Income": 48
    },
    "2019-06-30": {
        "Diluted EPS": -0.36,
        "Total Revenue": 405,
        "Gross Profit": 87,
        "Operating Income": -14,
        "EBIT": 75,
        "Net Income": -26
    },
    "2019-03-31": {
        "Diluted EPS": -0.98,
        "Total Revenue": 433,
        "Gross Profit": 88,
        "Operating Income": -76,
        "EBIT": 4,
        "Net Income": -74
    },
    "2018-12-31": {
        "Diluted EPS": 0.08,
        "Total Revenue": 374,
        "Gross Profit": 125,
        "Operating Income": 12,
        "EBIT": 49,
        "Net Income": 16
    },
    "2018-09-30": {
        "Diluted EPS": 0.72,
        "Total Revenue": 354,
        "Gross Profit": 126,
        "Operating Income": 57,
        "EBIT": 82,
        "Net Income": 46
    },
    "2018-06-30": {
        "Diluted EPS": 0.69,
        "Total Revenue": 301,
        "Gross Profit": 96,
        "Operating Income": 21,
        "EBIT": 47,
        "Net Income": 33
    },
    "2018-03-31": {
        "Diluted EPS": 0.04,
        "Total Revenue": 299,
        "Gross Profit": 97,
        "Operating Income": 26,
        "EBIT": 49,
        "Net Income": 2
    },
    "2017-12-31": {
        "Diluted EPS": 3.05,
        "Total Revenue": 405,
        "Gross Profit": 171,
        "Operating Income": 91,
        "EBIT": 114,
        "Net Income": 200
    },
    "2017-09-30": {
        "Diluted EPS": 0.04,
        "Total Revenue": 243,
        "Gross Profit": 69,
        "Operating Income": 3,
        "EBIT": 24,
        "Net Income": 7
    },
    "2017-06-30": {
        "Diluted EPS": -0.92,
        "Total Revenue": 223,
        "Gross Profit": 67,
        "Operating Income": 4,
        "EBIT": 25,
        "Net Income": -55
    },
    "2017-03-31": {
        "Diluted EPS": -0.92,
        "Total Revenue": 256,
        "Gross Profit": 82,
        "Operating Income": 14,
        "EBIT": 31,
        "Net Income": -56
    },
    "2016-12-31": {
        "Diluted EPS": 0.19,
        "Total Revenue": 265,
        "Gross Profit": 87,
        "Operating Income": 13,
        "EBIT": 28,
        "Net Income": 12
    },
    "2016-09-30": {
        "Diluted EPS": -0.06,
        "Total Revenue": 258,
        "Gross Profit": 82,
        "Operating Income": 17,
        "EBIT": 31,
        "Net Income": -4
    },
    "2016-06-30": {
        "Diluted EPS": 0.24,
        "Total Revenue": 242,
        "Gross Profit": 80,
        "Operating Income": 10,
        "EBIT": 24,
        "Net Income": 14
    },
    "2016-03-31": {
        "Diluted EPS": -0.13,
        "Total Revenue": 230,
        "Gross Profit": 63,
        "Operating Income": -2,
        "EBIT": 11,
        "Net Income": -8
    },
    "2015-12-31": {
        "Diluted EPS": 0.01,
        "Total Revenue": 218,
        "Gross Profit": 68,
        "Operating Income": 6,
        "EBIT": 20,
        "Net Income": 1
    },
    "2015-09-30": {
        "Diluted EPS": -0.17,
        "Total Revenue": 213,
        "Gross Profit": 67,
        "Operating Income": -3,
        "EBIT": 11,
        "Net Income": -10
    },
    "2015-06-30": {
        "Diluted EPS": -0.27,
        "Total Revenue": 209,
        "Gross Profit": 64,
        "Operating Income": -15,
        "EBIT": -2,
        "Net Income": -16
    },
    "2015-03-31": {
        "Diluted EPS": 0.21,
        "Total Revenue": 199,
        "Gross Profit": 57,
        "Operating Income": -11,
        "EBIT": 2,
        "Net Income": 12
    },
    "2014-12-31": {
        "Diluted EPS": -0.07,
        "Total Revenue": 211,
        "Gross Profit": 67,
        "Operating Income": -3,
        "EBIT": 10,
        "Net Income": -4
    },
    "2014-09-30": {
        "Diluted EPS": 0.07,
        "Total Revenue": 219,
        "Gross Profit": 70,
        "Operating Income": 5,
        "EBIT": 18,
        "Net Income": 4
    },
    "2014-06-30": {
        "Diluted EPS": 0.0,
        "Total Revenue": NaN,
        "Gross Profit": NaN,
        "Operating Income": NaN,
        "EBIT": NaN,
        "Net Income": NaN
    },
    "2013-06-30": {
        "Diluted EPS": 0.0,
        "Total Revenue": NaN,
        "Gross Profit": NaN,
        "Operating Income": NaN,
        "EBIT": NaN,
        "Net Income": NaN
    },
    "2012-06-30": {
        "Diluted EPS": 0.0,
        "Total Revenue": NaN,
        "Gross Profit": NaN,
        "Operating Income": NaN,
        "EBIT": NaN,
        "Net Income": NaN
    },
    "2023-06-30": {
        "Tax Effect Of Unusual Items": NaN,
        "Tax Rate For Calcs": NaN,
        "Normalized EBITDA": NaN,
        "Total Unusual Items": NaN,
        "Total Unusual Items Excluding Goodwill": NaN,
        "Net Income From Continuing Operation Net Minority Interest": NaN,
        "Reconciled Depreciation": NaN,
        "Reconciled Cost Of Revenue": NaN,
        "EBITDA": NaN,
        "EBIT": NaN,
        "Net Interest Income": NaN,
        "Interest Expense": NaN,
        "Interest Income": NaN,
        "Normalized Income": NaN,
        "Net Income From Continuing And Discontinued Operation": NaN,
        "Total Expenses": NaN,
        "Total Operating Income As Reported": NaN,
        "Diluted Average Shares": NaN,
        "Basic Average Shares": NaN,
        "Diluted EPS": NaN,
        "Basic EPS": NaN,
        "Diluted NI Availto Com Stockholders": NaN,
        "Net Income Common Stockholders": NaN,
        "Net Income": NaN,
        "Net Income Including Noncontrolling Interests": NaN,
        "Net Income Continuous Operations": NaN,
        "Tax Provision": NaN,
        "Pretax Income": NaN,
        "Other Income Expense": NaN,
        "Other Non Operating Income Expenses": 900000.0,
        "Special Income Charges": NaN,
        "Restructuring And Mergern Acquisition": NaN,
        "Gain On Sale Of Security": NaN,
        "Net Non Operating Interest Income Expense": NaN,
        "Interest Expense Non Operating": NaN,
        "Interest Income Non Operating": NaN,
        "Operating Income": NaN,
        "Operating Expense": NaN,
        "Research And Development": NaN,
        "Selling General And Administration": NaN,
        "Gross Profit": NaN,
        "Cost Of Revenue": NaN,
        "Total Revenue": NaN,
        "Operating Revenue": NaN
    },
    "2023-09-30": {
        "Tax Effect Of Unusual Items": NaN,
        "Tax Rate For Calcs": NaN,
        "Normalized EBITDA": NaN,
        "Total Unusual Items": NaN,
        "Total Unusual Items Excluding Goodwill": NaN,
        "Net Income From Continuing Operation Net Minority Interest": NaN,
        "Reconciled Depreciation": NaN,
        "Reconciled Cost Of Revenue": NaN,
        "EBITDA": NaN,
        "EBIT": NaN,
        "Net Interest Income": NaN,
        "Interest Expense": NaN,
        "Interest Income": NaN,
        "Normalized Income": NaN,
        "Net Income From Continuing And Discontinued Operation": NaN,
        "Total Expenses": NaN,
        "Total Operating Income As Reported": NaN,
        "Diluted Average Shares": 66700000.0,
        "Basic Average Shares": 66700000.0,
        "Diluted EPS": -1.02,
        "Basic EPS": -1.02,
        "Diluted NI Availto Com Stockholders": NaN,
        "Net Income Common Stockholders": NaN,
        "Net Income": NaN,
        "Net Income Including Noncontrolling Interests": NaN,
        "Net Income Continuous Operations": NaN,
        "Tax Provision": NaN,
        "Pretax Income": NaN,
        "Other Income Expense": NaN,
        "Other Non Operating Income Expenses": NaN,
        "Special Income Charges": NaN,
        "Restructuring And Mergern Acquisition": NaN,
        "Gain On Sale Of Security": NaN,
        "Net Non Operating Interest Income Expense": NaN,
        "Interest Expense Non Operating": NaN,
        "Interest Income Non Operating": NaN,
        "Operating Income": NaN,
        "Operating Expense": NaN,
        "Research And Development": NaN,
        "Selling General And Administration": NaN,
        "Gross Profit": NaN,
        "Cost Of Revenue": NaN,
        "Total Revenue": NaN,
        "Operating Revenue": NaN
    },
    "2023-12-31": {
        "Tax Effect Of Unusual Items": -224630.541872,
        "Tax Rate For Calcs": 0.023645,
        "Normalized EBITDA": -17500000.0,
        "Total Unusual Items": -9500000.0,
        "Total Unusual Items Excluding Goodwill": -9500000.0,
        "Net Income From Continuing Operation Net Minority Interest": -99100000.0,
        "Reconciled Depreciation": 64800000.0,
        "Reconciled Cost Of Revenue": 302800000.0,
        "EBITDA": -27000000.0,
        "EBIT": -91800000.0,
        "Net Interest Income": 7400000.0,
        "Interest Expense": 9700000.0,
        "Interest Income": 17100000.0,
        "Normalized Income": -89824630.541872,
        "Net Income From Continuing And Discontinued Operation": -99100000.0,
        "Total Expenses": 466200000.0,
        "Total Operating Income As Reported": -105200000.0,
        "Diluted Average Shares": 67200000.0,
        "Basic Average Shares": 67200000.0,
        "Diluted EPS": -1.47,
        "Basic EPS": -1.47,
        "Diluted NI Availto Com Stockholders": -99100000.0,
        "Net Income Common Stockholders": -99100000.0,
        "Net Income": -99100000.0,
        "Net Income Including Noncontrolling Interests": -99100000.0,
        "Net Income Continuous Operations": -99100000.0,
        "Tax Provision": -2400000.0,
        "Pretax Income": -101500000.0,
        "Other Income Expense": -9500000.0,
        "Other Non Operating Income Expenses": NaN,
        "Special Income Charges": -5800000.0,
        "Restructuring And Mergern Acquisition": 5800000.0,
        "Gain On Sale Of Security": -3700000.0,
        "Net Non Operating Interest Income Expense": 7400000.0,
        "Interest Expense Non Operating": 9700000.0,
        "Interest Income Non Operating": 17100000.0,
        "Operating Income": -99400000.0,
        "Operating Expense": 163400000.0,
        "Research And Development": 78300000.0,
        "Selling General And Administration": 85100000.0,
        "Gross Profit": 64000000.0,
        "Cost Of Revenue": 302800000.0,
        "Total Revenue": 366800000.0,
        "Operating Revenue": 366800000.0
    },
    "2024-03-31": {
        "Tax Effect Of Unusual Items": NaN,
        "Tax Rate For Calcs": NaN,
        "Normalized EBITDA": NaN,
        "Total Unusual Items": NaN,
        "Total Unusual Items Excluding Goodwill": NaN,
        "Net Income From Continuing Operation Net Minority Interest": NaN,
        "Reconciled Depreciation": NaN,
        "Reconciled Cost Of Revenue": NaN,
        "EBITDA": NaN,
        "EBIT": NaN,
        "Net Interest Income": NaN,
        "Interest Expense": NaN,
        "Interest Income": NaN,
        "Normalized Income": NaN,
        "Net Income From Continuing And Discontinued Operation": NaN,
        "Total Expenses": NaN,
        "Total Operating Income As Reported": NaN,
        "Diluted Average Shares": NaN,
        "Basic Average Shares": NaN,
        "Diluted EPS": NaN,
        "Basic EPS": NaN,
        "Diluted NI Availto Com Stockholders": NaN,
        "Net Income Common Stockholders": NaN,
        "Net Income": NaN,
        "Net Income Including Noncontrolling Interests": NaN,
        "Net Income Continuous Operations": NaN,
        "Tax Provision": NaN,
        "Pretax Income": NaN,
        "Other Income Expense": NaN,
        "Other Non Operating Income Expenses": -100000.0,
        "Special Income Charges": NaN,
        "Gain On Sale Of Ppe": 0.0,
        "Restructuring And Mergern Acquisition": NaN,
        "Gain On Sale Of Security": NaN,
        "Net Non Operating Interest Income Expense": NaN,
        "Interest Expense Non Operating": NaN,
        "Interest Income Non Operating": NaN,
        "Operating Income": NaN,
        "Operating Expense": NaN,
        "Research And Development": NaN,
        "Selling General And Administration": NaN,
        "Gross Profit": NaN,
        "Cost Of Revenue": NaN,
        "Total Revenue": NaN,
        "Operating Revenue": NaN
    },
    "2024-06-30": {
        "Tax Effect Of Unusual Items": -7413000.0,
        "Tax Rate For Calcs": 0.21,
        "Normalized EBITDA": 12400000.0,
        "Total Unusual Items": -35300000.0,
        "Total Unusual Items Excluding Goodwill": -35300000.0,
        "Net Income From Continuing Operation Net Minority Interest": -252500000.0,
        "Reconciled Depreciation": 99200000.0,
        "Reconciled Cost Of Revenue": 257000000.0,
        "EBITDA": -22900000.0,
        "EBIT": -122100000.0,
        "Net Interest Income": 4500000.0,
        "Interest Expense": 5400000.0,
        "Interest Income": 9900000.0,
        "Normalized Income": -224613000.0,
        "Net Income From Continuing And Discontinued Operation": -252500000.0,
        "Total Expenses": 405100000.0,
        "Total Operating Income As Reported": -133400000.0,
        "Diluted Average Shares": 67800000.0,
        "Basic Average Shares": 67800000.0,
        "Diluted EPS": -3.72,
        "Basic EPS": -3.72,
        "Diluted NI Availto Com Stockholders": -252500000.0,
        "Net Income Common Stockholders": -252500000.0,
        "Net Income": -252500000.0,
        "Net Income Including Noncontrolling Interests": -252500000.0,
        "Net Income Continuous Operations": -252500000.0,
        "Tax Provision": 125000000.0,
        "Pretax Income": -127500000.0,
        "Other Income Expense": -35300000.0,
        "Other Non Operating Income Expenses": NaN,
        "Special Income Charges": -36600000.0,
        "Gain On Sale Of Ppe": NaN,
        "Restructuring And Mergern Acquisition": 36600000.0,
        "Gain On Sale Of Security": 1300000.0,
        "Net Non Operating Interest Income Expense": 4500000.0,
        "Interest Expense Non Operating": 5400000.0,
        "Interest Income Non Operating": 9900000.0,
        "Operating Income": -96800000.0,
        "Operating Expense": 148100000.0,
        "Research And Development": 73200000.0,
        "Selling General And Administration": 74900000.0,
        "Gross Profit": 51300000.0,
        "Cost Of Revenue": 257000000.0,
        "Total Revenue": 308300000.0,
        "Operating Revenue": 308300000.0
    },
    "2024-09-30": {
        "Tax Effect Of Unusual Items": -2184000.0,
        "Tax Rate For Calcs": 0.21,
        "Normalized EBITDA": 7300000.0,
        "Total Unusual Items": -10400000.0,
        "Total Unusual Items Excluding Goodwill": -10400000.0,
        "Net Income From Continuing Operation Net Minority Interest": -82400000.0,
        "Reconciled Depreciation": 70600000.0,
        "Reconciled Cost Of Revenue": 259000000.0,
        "EBITDA": -3100000.0,
        "EBIT": -73700000.0,
        "Net Interest Income": 3900000.0,
        "Interest Expense": 5500000.0,
        "Interest Income": 9400000.0,
        "Normalized Income": -74184000.0,
        "Net Income From Continuing And Discontinued Operation": -82400000.0,
        "Total Expenses": 409600000.0,
        "Total Operating Income As Reported": -82400000.0,
        "Diluted Average Shares": 68300000.0,
        "Basic Average Shares": 68300000.0,
        "Diluted EPS": -1.21,
        "Basic EPS": -1.21,
        "Diluted NI Availto Com Stockholders": -82400000.0,
        "Net Income Common Stockholders": -82400000.0,
        "Net Income": -82400000.0,
        "Net Income Including Noncontrolling Interests": -82400000.0,
        "Net Income Continuous Operations": -82400000.0,
        "Tax Provision": 3200000.0,
        "Pretax Income": -79200000.0,
        "Other Income Expense": -10400000.0,
        "Other Non Operating Income Expenses": NaN,
        "Special Income Charges": -9700000.0,
        "Gain On Sale Of Ppe": NaN,
        "Restructuring And Mergern Acquisition": 9700000.0,
        "Gain On Sale Of Security": -700000.0,
        "Net Non Operating Interest Income Expense": 3900000.0,
        "Interest Expense Non Operating": 5500000.0,
        "Interest Income Non Operating": 9400000.0,
        "Operating Income": -72700000.0,
        "Operating Expense": 150600000.0,
        "Research And Development": 74300000.0,
        "Selling General And Administration": 76300000.0,
        "Gross Profit": 77900000.0,
        "Cost Of Revenue": 259000000.0,
        "Total Revenue": 336900000.0,
        "Operating Revenue": 336900000.0
    },
    "2024-12-31": {
        "Tax Effect Of Unusual Items": 1092000.0,
        "Tax Rate For Calcs": 0.21,
        "Normalized EBITDA": 23000000.0,
        "Total Unusual Items": 5200000.0,
        "Total Unusual Items Excluding Goodwill": 5200000.0,
        "Net Income From Continuing Operation Net Minority Interest": -60900000.0,
        "Reconciled Depreciation": 64900000.0,
        "Reconciled Cost Of Revenue": 302600000.0,
        "EBITDA": 28200000.0,
        "EBIT": -36700000.0,
        "Net Interest Income": 3400000.0,
        "Interest Expense": 5600000.0,
        "Interest Income": 9000000.0,
        "Normalized Income": -65008000.0,
        "Net Income From Continuing And Discontinued Operation": -60900000.0,
        "Total Expenses": 453100000.0,
        "Total Operating Income As Reported": -51600000.0,
        "Diluted Average Shares": 68900000.0,
        "Basic Average Shares": 68900000.0,
        "Diluted EPS": -0.88,
        "Basic EPS": -0.88,
        "Diluted NI Availto Com Stockholders": -60900000.0,
        "Net Income Common Stockholders": -60900000.0,
        "Net Income": -60900000.0,
        "Net Income Including Noncontrolling Interests": -60900000.0,
        "Net Income Continuous Operations": -60900000.0,
        "Tax Provision": 18600000.0,
        "Pretax Income": -42300000.0,
        "Other Income Expense": 5200000.0,
        "Other Non Operating Income Expenses": NaN,
        "Special Income Charges": -700000.0,
        "Gain On Sale Of Ppe": NaN,
        "Restructuring And Mergern Acquisition": 700000.0,
        "Gain On Sale Of Security": 5900000.0,
        "Net Non Operating Interest Income Expense": 3400000.0,
        "Interest Expense Non Operating": 5600000.0,
        "Interest Income Non Operating": 9000000.0,
        "Operating Income": -50900000.0,
        "Operating Expense": 150500000.0,
        "Research And Development": 74200000.0,
        "Selling General And Administration": 76300000.0,
        "Gross Profit": 99600000.0,
        "Cost Of Revenue": 302600000.0,
        "Total Revenue": 402200000.0,
        "Operating Revenue": 402200000.0
    },
    "2025-03-31": {
        "Tax Effect Of Unusual Items": 5061000.0,
        "Tax Rate For Calcs": 0.21,
        "Normalized EBITDA": 2500000.0,
        "Total Unusual Items": 24100000.0,
        "Total Unusual Items Excluding Goodwill": 24100000.0,
        "Net Income From Continuing Operation Net Minority Interest": -44100000.0,
        "Reconciled Depreciation": 60100000.0,
        "Reconciled Cost Of Revenue": 302700000.0,
        "EBITDA": 26600000.0,
        "EBIT": -33500000.0,
        "Net Interest Income": 2100000.0,
        "Interest Expense": 5700000.0,
        "Interest Income": 7800000.0,
        "Normalized Income": -63139000.0,
        "Net Income From Continuing And Discontinued Operation": -44100000.0,
        "Total Expenses": 490600000.0,
        "Total Operating Income As Reported": -37700000.0,
        "Diluted Average Shares": 69300000.0,
        "Basic Average Shares": 69300000.0,
        "Diluted EPS": -0.64,
        "Basic EPS": -0.64,
        "Diluted NI Availto Com Stockholders": -44100000.0,
        "Net Income Common Stockholders": -44100000.0,
        "Net Income": -44100000.0,
        "Net Income Including Noncontrolling Interests": -44100000.0,
        "Net Income Continuous Operations": -44100000.0,
        "Tax Provision": 4900000.0,
        "Pretax Income": -39200000.0,
        "Other Income Expense": 24100000.0,
        "Other Non Operating Income Expenses": NaN,
        "Special Income Charges": 27700000.0,
        "Gain On Sale Of Ppe": 34900000.0,
        "Restructuring And Mergern Acquisition": 7200000.0,
        "Gain On Sale Of Security": -3600000.0,
        "Net Non Operating Interest Income Expense": 2100000.0,
        "Interest Expense Non Operating": 5700000.0,
        "Interest Income Non Operating": 7800000.0,
        "Operating Income": -65400000.0,
        "Operating Expense": 187900000.0,
        "Research And Development": 75900000.0,
        "Selling General And Administration": 112000000.0,
        "Gross Profit": 122500000.0,
        "Cost Of Revenue": 302700000.0,
        "Total Revenue": 425200000.0,
        "Operating Revenue": 425200000.0
    },
    "2025-06-30": {
        "Tax Effect Of Unusual Items": -2310000.0,
        "Tax Rate For Calcs": 0.21,
        "Normalized EBITDA": 66100000.0,
        "Total Unusual Items": -11000000.0,
        "Total Unusual Items Excluding Goodwill": -11000000.0,
        "Net Income From Continuing Operation Net Minority Interest": 213300000.0,
        "Reconciled Depreciation": 61100000.0,
        "Reconciled Cost Of Revenue": 320800000.0,
        "EBITDA": 55100000.0,
        "EBIT": -6000000.0,
        "Net Interest Income": 2800000.0,
        "Interest Expense": 5400000.0,
        "Interest Income": 8200000.0,
        "Normalized Income": 221990000.0,
        "Net Income From Continuing And Discontinued Operation": 213300000.0,
        "Total Expenses": 483900000.0,
        "Total Operating Income As Reported": -8400000.0,
        "Diluted Average Shares": 72000000.0,
        "Basic Average Shares": 69600000.0,
        "Diluted EPS": 2.96,
        "Basic EPS": 3.06,
        "Diluted NI Availto Com Stockholders": 213300000.0,
        "Net Income Common Stockholders": 213300000.0,
        "Net Income": 213300000.0,
        "Net Income Including Noncontrolling Interests": 213300000.0,
        "Net Income Continuous Operations": 213300000.0,
        "Tax Provision": -224700000.0,
        "Pretax Income": -11400000.0,
        "Other Income Expense": -11000000.0,
        "Other Non Operating Income Expenses": NaN,
        "Special Income Charges": -5200000.0,
        "Gain On Sale Of Ppe": 0.0,
        "Restructuring And Mergern Acquisition": 5200000.0,
        "Gain On Sale Of Security": -5800000.0,
        "Net Non Operating Interest Income Expense": 2800000.0,
        "Interest Expense Non Operating": 5400000.0,
        "Interest Income Non Operating": 8200000.0,
        "Operating Income": -3200000.0,
        "Operating Expense": 163100000.0,
        "Research And Development": 79500000.0,
        "Selling General And Administration": 83600000.0,
        "Gross Profit": 159900000.0,
        "Cost Of Revenue": 320800000.0,
        "Total Revenue": 480700000.0,
        "Operating Revenue": 480700000.0
    },
    "2025-09-30": {
        "Tax Effect Of Unusual Items": -1307692.307692,
        "Tax Rate For Calcs": 0.192308,
        "Normalized EBITDA": 79900000.0,
        "Total Unusual Items": -6800000.0,
        "Total Unusual Items Excluding Goodwill": -6800000.0,
        "Net Income From Continuing Operation Net Minority Interest": 4200000.0,
        "Reconciled Depreciation": 62200000.0,
        "Reconciled Cost Of Revenue": 352300000.0,
        "EBITDA": 73100000.0,
        "EBIT": 10900000.0,
        "Net Interest Income": 2900000.0,
        "Interest Expense": 5700000.0,
        "Interest Income": 8600000.0,
        "Normalized Income": 9692307.692308,
        "Net Income From Continuing And Discontinued Operation": 4200000.0,
        "Total Expenses": 518800000.0,
        "Total Operating Income As Reported": 6700000.0,
        "Diluted Average Shares": 78300000.0,
        "Basic Average Shares": 70300000.0,
        "Diluted EPS": 0.05,
        "Basic EPS": 0.06,
        "Diluted NI Availto Com Stockholders": 4200000.0,
        "Net Income Common Stockholders": 4200000.0,
        "Net Income": 4200000.0,
        "Net Income Including Noncontrolling Interests": 4200000.0,
        "Net Income Continuous Operations": 4200000.0,
        "Tax Provision": 1000000.0,
        "Pretax Income": 5200000.0,
        "Other Income Expense": -12700000.0,
        "Other Non Operating Income Expenses": -5900000.0,
        "Special Income Charges": -8300000.0,
        "Gain On Sale Of Ppe": NaN,
        "Restructuring And Mergern Acquisition": 8300000.0,
        "Gain On Sale Of Security": 1500000.0,
        "Net Non Operating Interest Income Expense": 2900000.0,
        "Interest Expense Non Operating": 5700000.0,
        "Interest Income Non Operating": 8600000.0,
        "Operating Income": 15000000.0,
        "Operating Expense": 166500000.0,
        "Research And Development": 81400000.0,
        "Selling General And Administration": 85100000.0,
        "Gross Profit": 181500000.0,
        "Cost Of Revenue": 352300000.0,
        "Total Revenue": 533800000.0,
        "Operating Revenue": 533800000.0
    },
    "2025-12-31": {
        "Tax Effect Of Unusual Items": 5177098.445596,
        "Tax Rate For Calcs": 0.189637,
        "Normalized EBITDA": 140100000.0,
        "Total Unusual Items": 27300000.0,
        "Total Unusual Items Excluding Goodwill": 27300000.0,
        "Net Income From Continuing Operation Net Minority Interest": 78200000.0,
        "Reconciled Depreciation": 64600000.0,
        "Reconciled Cost Of Revenue": 425400000.0,
        "EBITDA": 167400000.0,
        "EBIT": 102800000.0,
        "Net Interest Income": 5300000.0,
        "Interest Expense": 6300000.0,
        "Interest Income": 11600000.0,
        "Normalized Income": 56077098.445596,
        "Net Income From Continuing And Discontinued Operation": 78200000.0,
        "Total Expenses": 601600000.0,
        "Total Operating Income As Reported": 64300000.0,
        "Diluted Average Shares": 87800000.0,
        "Basic Average Shares": 71100000.0,
        "Diluted EPS": 0.89,
        "Basic EPS": 1.1,
        "Diluted NI Availto Com Stockholders": 78200000.0,
        "Net Income Common Stockholders": 78200000.0,
        "Net Income": 78200000.0,
        "Net Income Including Noncontrolling Interests": 78200000.0,
        "Net Income Continuous Operations": 78200000.0,
        "Tax Provision": 18300000.0,
        "Pretax Income": 96500000.0,
        "Other Income Expense": 27300000.0,
        "Other Non Operating Income Expenses": NaN,
        "Special Income Charges": 27900000.0,
        "Gain On Sale Of Ppe": NaN,
        "Restructuring And Mergern Acquisition": -27900000.0,
        "Gain On Sale Of Security": -600000.0,
        "Net Non Operating Interest Income Expense": 5300000.0,
        "Interest Expense Non Operating": 6300000.0,
        "Interest Income Non Operating": 11600000.0,
        "Operating Income": 63900000.0,
        "Operating Expense": 176200000.0,
        "Research And Development": 80100000.0,
        "Selling General And Administration": 96100000.0,
        "Gross Profit": 240100000.0,
        "Cost Of Revenue": 425400000.0,
        "Total Revenue": 665500000.0,
        "Operating Revenue": 665500000.0
    }
}