{
    "2023-03-31": {
        "Tax Effect Of Unusual Items": NaN,
        "Tax Rate For Calcs": NaN,
        "Normalized EBITDA": NaN,
        "Total Unusual Items": 7000.0,
        "Total Unusual Items Excluding Goodwill": 7000.0,
        "Net Income From Continuing Operation Net Minority Interest": NaN,
        "Reconciled Depreciation": NaN,
        "Reconciled Cost Of Revenue": NaN,
        "EBITDA": NaN,
        "EBIT": NaN,
        "Net Interest Income": NaN,
        "Interest Expense": NaN,
        "Normalized Income": NaN,
        "Net Income From Continuing And Discontinued Operation": NaN,
        "Total Expenses": NaN,
        "Total Operating Income As Reported": NaN,
        "Diluted Average Shares": 3184982.0,
        "Basic Average Shares": 3143911.0,
        "Diluted EPS": 0.49,
        "Basic EPS": 0.5,
        "Diluted NI Availto Com Stockholders": NaN,
        "Average Dilution Earnings": 0.0,
        "Net Income Common Stockholders": NaN,
        "Net Income": NaN,
        "Net Income Including Noncontrolling Interests": NaN,
        "Net Income Continuous Operations": NaN,
        "Tax Provision": NaN,
        "Pretax Income": NaN,
        "Other Income Expense": NaN,
        "Other Non Operating Income Expenses": NaN,
        "Special Income Charges": 7000.0,
        "Gain On Sale Of Ppe": 7000.0,
        "Gain On Sale Of Business": NaN,
        "Impairment Of Capital Assets": NaN,
        "Net Non Operating Interest Income Expense": NaN,
        "Interest Expense Non Operating": NaN,
        "Operating Income": NaN,
        "Operating Expense": NaN,
        "Selling General And Administration": NaN,
        "Selling And Marketing Expense": NaN,
        "General And Administrative Expense": NaN,
        "Other Gand A": NaN,
        "Gross Profit": NaN,
        "Cost Of Revenue": NaN,
        "Total Revenue": NaN,
        "Operating Revenue": NaN
    },
    "2022-12-31": {
        "Tax Effect Of Unusual Items": NaN,
        "Tax Rate For Calcs": NaN,
        "Normalized EBITDA": NaN,
        "Total Unusual Items": 0.0,
        "Total Unusual Items Excluding Goodwill": 0.0,
        "Net Income From Continuing Operation Net Minority Interest": NaN,
        "Reconciled Depreciation": NaN,
        "Reconciled Cost Of Revenue": NaN,
        "EBITDA": NaN,
        "EBIT": NaN,
        "Net Interest Income": NaN,
        "Interest Expense": NaN,
        "Normalized Income": NaN,
        "Net Income From Continuing And Discontinued Operation": NaN,
        "Total Expenses": NaN,
        "Total Operating Income As Reported": NaN,
        "Diluted Average Shares": NaN,
        "Basic Average Shares": NaN,
        "Diluted EPS": NaN,
        "Basic EPS": NaN,
        "Diluted NI Availto Com Stockholders": NaN,
        "Average Dilution Earnings": NaN,
        "Net Income Common Stockholders": NaN,
        "Net Income": NaN,
        "Minority Interests": 0.0,
        "Net Income Including Noncontrolling Interests": NaN,
        "Net Income Continuous Operations": NaN,
        "Tax Provision": NaN,
        "Pretax Income": NaN,
        "Other Income Expense": NaN,
        "Other Non Operating Income Expenses": NaN,
        "Special Income Charges": 0.0,
        "Gain On Sale Of Ppe": NaN,
        "Gain On Sale Of Business": NaN,
        "Impairment Of Capital Assets": NaN,
        "Net Non Operating Interest Income Expense": NaN,
        "Interest Expense Non Operating": NaN,
        "Operating Income": NaN,
        "Operating Expense": NaN,
        "Selling General And Administration": NaN,
        "Selling And Marketing Expense": NaN,
        "General And Administrative Expense": NaN,
        "Other Gand A": NaN,
        "Gross Profit": NaN,
        "Cost Of Revenue": NaN,
        "Total Revenue": NaN,
        "Operating Revenue": NaN
    },
    "2022-09-30": {
        "Tax Effect Of Unusual Items": NaN,
        "Tax Rate For Calcs": NaN,
        "Normalized EBITDA": NaN,
        "Total Unusual Items": -3944000.0,
        "Total Unusual Items Excluding Goodwill": -3944000.0,
        "Net Income From Continuing Operation Net Minority Interest": NaN,
        "Reconciled Depreciation": NaN,
        "Reconciled Cost Of Revenue": NaN,
        "EBITDA": NaN,
        "EBIT": NaN,
        "Net Interest Income": NaN,
        "Interest Expense": NaN,
        "Normalized Income": NaN,
        "Net Income From Continuing And Discontinued Operation": NaN,
        "Total Expenses": NaN,
        "Total Operating Income As Reported": NaN,
        "Diluted Average Shares": NaN,
        "Basic Average Shares": NaN,
        "Diluted EPS": NaN,
        "Basic EPS": NaN,
        "Diluted NI Availto Com Stockholders": NaN,
        "Average Dilution Earnings": 0.0,
        "Net Income Common Stockholders": NaN,
        "Net Income": NaN,
        "Minority Interests": 0.0,
        "Net Income Including Noncontrolling Interests": NaN,
        "Net Income Continuous Operations": NaN,
        "Tax Provision": NaN,
        "Pretax Income": NaN,
        "Other Income Expense": NaN,
        "Other Non Operating Income Expenses": NaN,
        "Special Income Charges": -3944000.0,
        "Gain On Sale Of Ppe": NaN,
        "Gain On Sale Of Business": NaN,
        "Other Special Charges": 0.0,
        "Impairment Of Capital Assets": 4388000.0,
        "Net Non Operating Interest Income Expense": NaN,
        "Interest Expense Non Operating": NaN,
        "Operating Income": NaN,
        "Operating Expense": NaN,
        "Selling General And Administration": NaN,
        "Selling And Marketing Expense": NaN,
        "General And Administrative Expense": NaN,
        "Other Gand A": NaN,
        "Gross Profit": NaN,
        "Cost Of Revenue": NaN,
        "Total Revenue": NaN,
        "Operating Revenue": NaN
    },
    "2022-06-30": {
        "Tax Effect Of Unusual Items": -193589.001447,
        "Tax Rate For Calcs": 0.2822,
        "Normalized EBITDA": 16230000.0,
        "Total Unusual Items": -686000.0,
        "Total Unusual Items Excluding Goodwill": -686000.0,
        "Net Income From Continuing Operation Net Minority Interest": 3472000.0,
        "Reconciled Depreciation": 10033000.0,
        "Reconciled Cost Of Revenue": 45920000.0,
        "EBITDA": 15544000.0,
        "EBIT": 5511000.0,
        "Net Interest Income": -674000.0,
        "Interest Expense": 674000.0,
        "Normalized Income": 3964410.998553,
        "Net Income From Continuing And Discontinued Operation": 3472000.0,
        "Total Expenses": 62405000.0,
        "Total Operating Income As Reported": 5864000.0,
        "Diluted Average Shares": 3130925.0,
        "Basic Average Shares": 3090321.0,
        "Diluted EPS": 1.11,
        "Basic EPS": 1.12,
        "Diluted NI Availto Com Stockholders": 3472000.0,
        "Average Dilution Earnings": 0.0,
        "Net Income Common Stockholders": 3472000.0,
        "Net Income": 3472000.0,
        "Minority Interests": 0.0,
        "Net Income Including Noncontrolling Interests": 3472000.0,
        "Net Income Continuous Operations": 3472000.0,
        "Tax Provision": 1365000.0,
        "Pretax Income": 4837000.0,
        "Other Income Expense": -353000.0,
        "Other Non Operating Income Expenses": 333000.0,
        "Special Income Charges": -686000.0,
        "Gain On Sale Of Ppe": -443000.0,
        "Gain On Sale Of Business": NaN,
        "Other Special Charges": -279000.0,
        "Write Off": 522000.0,
        "Impairment Of Capital Assets": 522000.0,
        "Net Non Operating Interest Income Expense": -674000.0,
        "Interest Expense Non Operating": 674000.0,
        "Operating Income": 5864000.0,
        "Operating Expense": 16485000.0,
        "Selling General And Administration": 16485000.0,
        "Selling And Marketing Expense": 3078000.0,
        "General And Administrative Expense": 13407000.0,
        "Other Gand A": 13407000.0,
        "Gross Profit": 22349000.0,
        "Cost Of Revenue": 45920000.0,
        "Total Revenue": 68269000.0,
        "Operating Revenue": 68269000.0
    },
    "2022-03-31": {
        "Diluted EPS": 4.84,
        "Total Revenue": 70,
        "Gross Profit": 25,
        "Operating Income": 8,
        "EBIT": 10,
        "Net Income": 15
    },
    "2021-12-31": {
        "Diluted EPS": 2.04,
        "Total Revenue": 75,
        "Gross Profit": 28,
        "Operating Income": 10,
        "EBIT": 12,
        "Net Income": 7
    },
    "2021-09-30": {
        "Diluted EPS": 2.5,
        "Total Revenue": 71,
        "Gross Profit": 26,
        "Operating Income": 9,
        "EBIT": 11,
        "Net Income": 7
    },
    "2021-06-30": {
        "Diluted EPS": 3.01,
        "Total Revenue": 69,
        "Gross Profit": 25,
        "Operating Income": 8,
        "EBIT": 10,
        "Net Income": 10
    },
    "2021-03-31": {
        "Diluted EPS": 2.66,
        "Total Revenue": 71,
        "Gross Profit": 26,
        "Operating Income": 11,
        "EBIT": 13,
        "Net Income": 9
    },
    "2020-12-31": {
        "Diluted EPS": 1.63,
        "Total Revenue": 62,
        "Gross Profit": 22,
        "Operating Income": 7,
        "EBIT": 9,
        "Net Income": 5
    },
    "2020-09-30": {
        "Diluted EPS": 1.33,
        "Total Revenue": 61,
        "Gross Profit": 24,
        "Operating Income": 8,
        "EBIT": 10,
        "Net Income": 5
    },
    "2020-06-30": {
        "Diluted EPS": 1.07,
        "Total Revenue": 42,
        "Gross Profit": 17,
        "Operating Income": 6,
        "EBIT": 8,
        "Net Income": 4
    },
    "2020-03-31": {
        "Diluted EPS": 0.54,
        "Total Revenue": 46,
        "Gross Profit": 18,
        "Operating Income": 3,
        "EBIT": 5,
        "Net Income": 2
    },
    "2019-12-31": {
        "Diluted EPS": 0.15,
        "Total Revenue": 42,
        "Gross Profit": 17,
        "Operating Income": 3,
        "EBIT": 5,
        "Net Income": 1
    },
    "2019-09-30": {
        "Diluted EPS": -3.06,
        "Total Revenue": 46,
        "Gross Profit": 14,
        "Operating Income": -5,
        "EBIT": -3,
        "Net Income": -7
    },
    "2019-06-30": {
        "Diluted EPS": 0.41,
        "Total Revenue": 47,
        "Gross Profit": 19,
        "Operating Income": 4,
        "EBIT": 5,
        "Net Income": 1
    },
    "2019-03-31": {
        "Diluted EPS": 0.13,
        "Total Revenue": 47,
        "Gross Profit": 19,
        "Operating Income": 2,
        "EBIT": 4,
        "Net Income": 0
    },
    "2018-12-31": {
        "Diluted EPS": 0.41,
        "Total Revenue": 53,
        "Gross Profit": 19,
        "Operating Income": 2,
        "EBIT": 4,
        "Net Income": 2
    },
    "2018-09-30": {
        "Diluted EPS": 0.02,
        "Total Revenue": 52,
        "Gross Profit": 19,
        "Operating Income": 2,
        "EBIT": 4,
        "Net Income": 0
    },
    "2018-06-30": {
        "Diluted EPS": 0.56,
        "Total Revenue": 55,
        "Gross Profit": 19,
        "Operating Income": 1,
        "EBIT": 4,
        "Net Income": 2
    },
    "2018-03-31": {
        "Diluted EPS": 0.5,
        "Total Revenue": 52,
        "Gross Profit": 20,
        "Operating Income": 4,
        "EBIT": 5,
        "Net Income": 2
    },
    "2017-12-31": {
        "Diluted EPS": 0.5,
        "Total Revenue": 40,
        "Gross Profit": 16,
        "Operating Income": 4,
        "EBIT": 5,
        "Net Income": 2
    },
    "2017-09-30": {
        "Diluted EPS": 0.22,
        "Total Revenue": 40,
        "Gross Profit": 16,
        "Operating Income": 4,
        "EBIT": 6,
        "Net Income": 1
    },
    "2017-06-30": {
        "Diluted EPS": 0.55,
        "Total Revenue": 41,
        "Gross Profit": 17,
        "Operating Income": 5,
        "EBIT": 7,
        "Net Income": 2
    },
    "2017-03-31": {
        "Diluted EPS": 0.47,
        "Total Revenue": 39,
        "Gross Profit": 16,
        "Operating Income": 5,
        "EBIT": 6,
        "Net Income": 2
    },
    "2016-12-31": {
        "Diluted EPS": 0.37,
        "Total Revenue": 32,
        "Gross Profit": 13,
        "Operating Income": 4,
        "EBIT": 5,
        "Net Income": 1
    },
    "2016-09-30": {
        "Diluted EPS": 0.93,
        "Total Revenue": 19,
        "Gross Profit": 3,
        "Operating Income": -1,
        "EBIT": 1,
        "Net Income": 3
    },
    "2016-06-30": {
        "Diluted EPS": 4.05,
        "Total Revenue": 20,
        "Gross Profit": 5,
        "Operating Income": 1,
        "EBIT": 2,
        "Net Income": 13
    },
    "2016-03-31": {
        "Diluted EPS": 0.37,
        "Total Revenue": 20,
        "Gross Profit": 6,
        "Operating Income": 1,
        "EBIT": 2,
        "Net Income": 1
    },
    "2015-12-31": {
        "Diluted EPS": 0.05,
        "Total Revenue": 20,
        "Gross Profit": 6,
        "Operating Income": 1,
        "EBIT": 2,
        "Net Income": 0
    },
    "2015-09-30": {
        "Diluted EPS": -1.62,
        "Total Revenue": 18,
        "Gross Profit": 5,
        "Operating Income": -4,
        "EBIT": -3,
        "Net Income": -4
    },
    "2015-06-30": {
        "Diluted EPS": -1.56,
        "Total Revenue": 3,
        "Gross Profit": 1,
        "Operating Income": -4,
        "EBIT": -4,
        "Net Income": -4
    },
    "2015-03-31": {
        "Diluted EPS": -0.42,
        "Total Revenue": 4,
        "Gross Profit": 2,
        "Operating Income": -1,
        "EBIT": -1,
        "Net Income": -1
    },
    "2014-12-31": {
        "Diluted EPS": -1.98,
        "Total Revenue": 8,
        "Gross Profit": 3,
        "Operating Income": -1,
        "EBIT": -1,
        "Net Income": -5
    },
    "2014-09-30": {
        "Diluted EPS": -0.78,
        "Total Revenue": 3,
        "Gross Profit": 1,
        "Operating Income": -2,
        "EBIT": -1,
        "Net Income": -2
    },
    "2014-06-30": {
        "Diluted EPS": -0.66,
        "Total Revenue": 3,
        "Gross Profit": 0,
        "Operating Income": -1,
        "EBIT": -1,
        "Net Income": -2
    },
    "2014-03-31": {
        "Diluted EPS": -0.42,
        "Total Revenue": 1,
        "Gross Profit": 0,
        "Operating Income": -1,
        "EBIT": -1,
        "Net Income": -1
    },
    "2013-12-31": {
        "Diluted EPS": -0.24,
        "Total Revenue": 1,
        "Gross Profit": 0,
        "Operating Income": 0,
        "EBIT": 0,
        "Net Income": 0
    },
    "2013-09-30": {
        "Diluted EPS": -0.3,
        "Total Revenue": 1,
        "Gross Profit": 0,
        "Operating Income": -1,
        "EBIT": -1,
        "Net Income": -1
    },
    "2013-06-30": {
        "Diluted EPS": -0.3,
        "Total Revenue": 1,
        "Gross Profit": 0,
        "Operating Income": -1,
        "EBIT": 0,
        "Net Income": -1
    },
    "2013-03-31": {
        "Diluted EPS": -2.28,
        "Total Revenue": 1,
        "Gross Profit": 0,
        "Operating Income": -1,
        "EBIT": -1,
        "Net Income": -3
    },
    "2012-12-31": {
        "Diluted EPS": -0.78,
        "Total Revenue": 1,
        "Gross Profit": 0,
        "Operating Income": 0,
        "EBIT": 0,
        "Net Income": -1
    },
    "2012-09-30": {
        "Diluted EPS": -0.7,
        "Total Revenue": 1,
        "Gross Profit": 0,
        "Operating Income": 0,
        "EBIT": 0,
        "Net Income": -1
    },
    "2012-06-30": {
        "Diluted EPS": -0.24,
        "Total Revenue": 1,
        "Gross Profit": 1,
        "Operating Income": 0,
        "EBIT": 0,
        "Net Income": 0
    },
    "2012-03-31": {
        "Diluted EPS": -0.22,
        "Total Revenue": 1,
        "Gross Profit": 1,
        "Operating Income": 0,
        "EBIT": 0,
        "Net Income": 0
    },
    "2011-12-31": {
        "Diluted EPS": -0.36,
        "Total Revenue": 1,
        "Gross Profit": 1,
        "Operating Income": 0,
        "EBIT": 0,
        "Net Income": 0
    },
    "2011-09-30": {
        "Diluted EPS": -0.94,
        "Total Revenue": 1,
        "Gross Profit": 1,
        "Operating Income": 0,
        "EBIT": 0,
        "Net Income": 0
    },
    "2011-06-30": {
        "Diluted EPS": -3.36,
        "Total Revenue": 1,
        "Gross Profit": 0,
        "Operating Income": -1,
        "EBIT": -1,
        "Net Income": -1
    },
    "2011-03-31": {
        "Diluted EPS": -7.02,
        "Total Revenue": 1,
        "Gross Profit": 0,
        "Operating Income": -2,
        "EBIT": -2,
        "Net Income": -2
    },
    "2010-12-31": {
        "Diluted EPS": -5.44,
        "Total Revenue": 1,
        "Gross Profit": 0,
        "Operating Income": -2,
        "EBIT": -2,
        "Net Income": -2
    },
    "2010-09-30": {
        "Diluted EPS": -5.76,
        "Total Revenue": 1,
        "Gross Profit": 2,
        "Operating Income": 0,
        "EBIT": 0,
        "Net Income": -2
    },
    "2010-06-30": {
        "Diluted EPS": -0.42,
        "Total Revenue": 2,
        "Gross Profit": 1,
        "Operating Income": -1,
        "EBIT": -1,
        "Net Income": -1
    },
    "2010-03-31": {
        "Diluted EPS": -5.7,
        "Total Revenue": 2,
        "Gross Profit": 1,
        "Operating Income": -2,
        "EBIT": -2,
        "Net Income": -2
    },
    "2009-12-31": {
        "Diluted EPS": 0.0,
        "Total Revenue": 2,
        "Gross Profit": 2,
        "Operating Income": -2,
        "EBIT": -2,
        "Net Income": -3
    },
    "2009-09-30": {
        "Diluted EPS": -7.07,
        "Total Revenue": 2,
        "Gross Profit": 0,
        "Operating Income": -11,
        "EBIT": -11,
        "Net Income": -2
    },
    "2009-06-30": {
        "Diluted EPS": -6.65,
        "Total Revenue": 2,
        "Gross Profit": 2,
        "Operating Income": -2,
        "EBIT": -2,
        "Net Income": -2
    },
    "2009-03-31": {
        "Diluted EPS": -60.6,
        "Total Revenue": 4,
        "Gross Profit": 2,
        "Operating Income": -3,
        "EBIT": -2,
        "Net Income": -19
    },
    "2023-06-30": {
        "Tax Effect Of Unusual Items": NaN,
        "Tax Rate For Calcs": NaN,
        "Normalized EBITDA": NaN,
        "Total Unusual Items": NaN,
        "Total Unusual Items Excluding Goodwill": NaN,
        "Net Income From Continuing Operation Net Minority Interest": NaN,
        "Reconciled Depreciation": NaN,
        "Reconciled Cost Of Revenue": NaN,
        "EBITDA": NaN,
        "EBIT": NaN,
        "Net Interest Income": NaN,
        "Interest Expense": NaN,
        "Normalized Income": NaN,
        "Net Income From Continuing And Discontinued Operation": NaN,
        "Total Expenses": NaN,
        "Total Operating Income As Reported": NaN,
        "Diluted Average Shares": 3186904.0,
        "Basic Average Shares": 3166842.0,
        "Diluted EPS": 0.33,
        "Basic EPS": 0.33,
        "Diluted NI Availto Com Stockholders": NaN,
        "Average Dilution Earnings": 0.0,
        "Net Income Common Stockholders": NaN,
        "Net Income": NaN,
        "Net Income Including Noncontrolling Interests": NaN,
        "Net Income Continuous Operations": NaN,
        "Tax Provision": NaN,
        "Pretax Income": NaN,
        "Other Income Expense": NaN,
        "Other Non Operating Income Expenses": NaN,
        "Special Income Charges": NaN,
        "Gain On Sale Of Ppe": -29000.0,
        "Gain On Sale Of Business": -696000.0,
        "Other Special Charges": NaN,
        "Impairment Of Capital Assets": 0.0,
        "Net Non Operating Interest Income Expense": NaN,
        "Interest Expense Non Operating": NaN,
        "Operating Income": NaN,
        "Operating Expense": NaN,
        "Selling General And Administration": NaN,
        "Selling And Marketing Expense": NaN,
        "General And Administrative Expense": NaN,
        "Other Gand A": NaN,
        "Gross Profit": NaN,
        "Cost Of Revenue": NaN,
        "Total Revenue": NaN,
        "Operating Revenue": NaN
    },
    "2023-09-30": {
        "Tax Effect Of Unusual Items": NaN,
        "Tax Rate For Calcs": NaN,
        "Normalized EBITDA": NaN,
        "Total Unusual Items": NaN,
        "Total Unusual Items Excluding Goodwill": NaN,
        "Net Income From Continuing Operation Net Minority Interest": NaN,
        "Reconciled Depreciation": NaN,
        "Reconciled Cost Of Revenue": NaN,
        "EBITDA": NaN,
        "EBIT": NaN,
        "Net Interest Income": NaN,
        "Interest Expense": NaN,
        "Normalized Income": NaN,
        "Net Income From Continuing And Discontinued Operation": NaN,
        "Total Expenses": NaN,
        "Total Operating Income As Reported": NaN,
        "Diluted Average Shares": NaN,
        "Basic Average Shares": NaN,
        "Diluted EPS": NaN,
        "Basic EPS": NaN,
        "Diluted NI Availto Com Stockholders": NaN,
        "Average Dilution Earnings": 0.0,
        "Net Income Common Stockholders": NaN,
        "Net Income": NaN,
        "Net Income Including Noncontrolling Interests": NaN,
        "Net Income Continuous Operations": NaN,
        "Tax Provision": NaN,
        "Pretax Income": NaN,
        "Other Income Expense": NaN,
        "Other Non Operating Income Expenses": NaN,
        "Special Income Charges": NaN,
        "Gain On Sale Of Business": 750000.0,
        "Other Special Charges": NaN,
        "Impairment Of Capital Assets": 0.0,
        "Net Non Operating Interest Income Expense": NaN,
        "Interest Expense Non Operating": NaN,
        "Operating Income": NaN,
        "Operating Expense": NaN,
        "Selling General And Administration": NaN,
        "Selling And Marketing Expense": NaN,
        "General And Administrative Expense": NaN,
        "Other Gand A": NaN,
        "Gross Profit": NaN,
        "Cost Of Revenue": NaN,
        "Total Revenue": NaN,
        "Operating Revenue": NaN
    },
    "2023-12-31": {
        "Tax Effect Of Unusual Items": NaN,
        "Tax Rate For Calcs": NaN,
        "Normalized EBITDA": NaN,
        "Total Unusual Items": NaN,
        "Total Unusual Items Excluding Goodwill": NaN,
        "Net Income From Continuing Operation Net Minority Interest": NaN,
        "Reconciled Depreciation": NaN,
        "Reconciled Cost Of Revenue": NaN,
        "EBITDA": NaN,
        "EBIT": NaN,
        "Net Interest Income": NaN,
        "Interest Expense": NaN,
        "Normalized Income": NaN,
        "Net Income From Continuing And Discontinued Operation": NaN,
        "Total Expenses": NaN,
        "Total Operating Income As Reported": NaN,
        "Diluted Average Shares": 3163541.0,
        "Basic Average Shares": 3163541.0,
        "Diluted EPS": -0.22,
        "Basic EPS": -0.22,
        "Diluted NI Availto Com Stockholders": NaN,
        "Average Dilution Earnings": NaN,
        "Net Income Common Stockholders": NaN,
        "Net Income": NaN,
        "Net Income Including Noncontrolling Interests": NaN,
        "Net Income Continuous Operations": NaN,
        "Tax Provision": NaN,
        "Pretax Income": NaN,
        "Other Income Expense": NaN,
        "Other Non Operating Income Expenses": NaN,
        "Special Income Charges": NaN,
        "Gain On Sale Of Business": NaN,
        "Other Special Charges": NaN,
        "Net Non Operating Interest Income Expense": NaN,
        "Interest Expense Non Operating": NaN,
        "Operating Income": NaN,
        "Operating Expense": NaN,
        "Selling General And Administration": NaN,
        "Selling And Marketing Expense": NaN,
        "General And Administrative Expense": NaN,
        "Other Gand A": NaN,
        "Gross Profit": NaN,
        "Cost Of Revenue": NaN,
        "Total Revenue": NaN,
        "Operating Revenue": NaN
    },
    "2024-03-31": {
        "Tax Effect Of Unusual Items": NaN,
        "Tax Rate For Calcs": NaN,
        "Normalized EBITDA": NaN,
        "Total Unusual Items": NaN,
        "Total Unusual Items Excluding Goodwill": NaN,
        "Net Income From Continuing Operation Net Minority Interest": NaN,
        "Reconciled Depreciation": NaN,
        "Reconciled Cost Of Revenue": NaN,
        "EBITDA": NaN,
        "EBIT": NaN,
        "Net Interest Income": NaN,
        "Interest Expense": NaN,
        "Normalized Income": NaN,
        "Net Income From Continuing And Discontinued Operation": NaN,
        "Total Expenses": NaN,
        "Total Operating Income As Reported": NaN,
        "Diluted Average Shares": 3154771.0,
        "Basic Average Shares": 3154771.0,
        "Diluted EPS": -1.04,
        "Basic EPS": -1.04,
        "Diluted NI Availto Com Stockholders": NaN,
        "Average Dilution Earnings": 0.0,
        "Net Income Common Stockholders": NaN,
        "Net Income": NaN,
        "Net Income Including Noncontrolling Interests": NaN,
        "Net Income Continuous Operations": NaN,
        "Tax Provision": NaN,
        "Pretax Income": NaN,
        "Other Income Expense": NaN,
        "Other Non Operating Income Expenses": NaN,
        "Special Income Charges": NaN,
        "Gain On Sale Of Business": NaN,
        "Other Special Charges": NaN,
        "Restructuring And Mergern Acquisition": 0.0,
        "Net Non Operating Interest Income Expense": NaN,
        "Interest Expense Non Operating": NaN,
        "Operating Income": NaN,
        "Operating Expense": NaN,
        "Other Taxes": NaN,
        "Selling General And Administration": NaN,
        "Selling And Marketing Expense": NaN,
        "General And Administrative Expense": NaN,
        "Other Gand A": NaN,
        "Gross Profit": NaN,
        "Cost Of Revenue": NaN,
        "Total Revenue": NaN,
        "Operating Revenue": NaN
    },
    "2024-06-30": {
        "Tax Effect Of Unusual Items": -76214.491237,
        "Tax Rate For Calcs": 0.253204,
        "Normalized EBITDA": 5965000.0,
        "Total Unusual Items": -301000.0,
        "Total Unusual Items Excluding Goodwill": -301000.0,
        "Net Income From Continuing Operation Net Minority Interest": -2855000.0,
        "Reconciled Depreciation": 5254000.0,
        "Reconciled Cost Of Revenue": 86833000.0,
        "EBITDA": 5664000.0,
        "EBIT": 410000.0,
        "Net Interest Income": -4233000.0,
        "Interest Expense": 4233000.0,
        "Normalized Income": -2630214.491237,
        "Net Income From Continuing And Discontinued Operation": -2855000.0,
        "Total Expenses": 122747000.0,
        "Total Operating Income As Reported": 1131000.0,
        "Diluted Average Shares": 3140191.0,
        "Basic Average Shares": 3140191.0,
        "Diluted EPS": -0.91,
        "Basic EPS": -0.91,
        "Diluted NI Availto Com Stockholders": -2855000.0,
        "Average Dilution Earnings": 0.0,
        "Net Income Common Stockholders": -2855000.0,
        "Net Income": -2855000.0,
        "Net Income Including Noncontrolling Interests": -2855000.0,
        "Net Income Continuous Operations": -2855000.0,
        "Tax Provision": -968000.0,
        "Pretax Income": -3823000.0,
        "Other Income Expense": -721000.0,
        "Other Non Operating Income Expenses": -420000.0,
        "Special Income Charges": -301000.0,
        "Gain On Sale Of Business": -301000.0,
        "Other Special Charges": NaN,
        "Restructuring And Mergern Acquisition": 0.0,
        "Net Non Operating Interest Income Expense": -4233000.0,
        "Interest Expense Non Operating": 4233000.0,
        "Operating Income": 1131000.0,
        "Operating Expense": 35914000.0,
        "Other Taxes": 0.0,
        "Selling General And Administration": 35914000.0,
        "Selling And Marketing Expense": 5852000.0,
        "General And Administrative Expense": 30062000.0,
        "Other Gand A": 30062000.0,
        "Gross Profit": 37045000.0,
        "Cost Of Revenue": 86833000.0,
        "Total Revenue": 123878000.0,
        "Operating Revenue": 123878000.0
    },
    "2024-09-30": {
        "Tax Effect Of Unusual Items": -1805525.185386,
        "Tax Rate For Calcs": 0.101691,
        "Normalized EBITDA": 8167000.0,
        "Total Unusual Items": -17755000.0,
        "Total Unusual Items Excluding Goodwill": -17755000.0,
        "Net Income From Continuing Operation Net Minority Interest": -19867000.0,
        "Reconciled Depreciation": 8244000.0,
        "Reconciled Cost Of Revenue": 76758000.0,
        "EBITDA": -9588000.0,
        "EBIT": -17832000.0,
        "Net Interest Income": -4284000.0,
        "Interest Expense": 4284000.0,
        "Normalized Income": -3917525.185386,
        "Net Income From Continuing And Discontinued Operation": -19867000.0,
        "Total Expenses": 112165000.0,
        "Total Operating Income As Reported": -17478000.0,
        "Diluted Average Shares": NaN,
        "Basic Average Shares": NaN,
        "Diluted EPS": NaN,
        "Basic EPS": NaN,
        "Diluted NI Availto Com Stockholders": -19867000.0,
        "Average Dilution Earnings": NaN,
        "Net Income Common Stockholders": -19867000.0,
        "Net Income": -19867000.0,
        "Net Income Including Noncontrolling Interests": -19867000.0,
        "Net Income Continuous Operations": -19867000.0,
        "Tax Provision": -2249000.0,
        "Pretax Income": -22116000.0,
        "Other Income Expense": -18410000.0,
        "Other Non Operating Income Expenses": -655000.0,
        "Special Income Charges": -17755000.0,
        "Gain On Sale Of Business": 301000.0,
        "Other Special Charges": NaN,
        "Restructuring And Mergern Acquisition": NaN,
        "Net Non Operating Interest Income Expense": -4284000.0,
        "Interest Expense Non Operating": 4284000.0,
        "Operating Income": 578000.0,
        "Operating Expense": 35407000.0,
        "Other Taxes": NaN,
        "Selling General And Administration": 35407000.0,
        "Selling And Marketing Expense": 4932000.0,
        "General And Administrative Expense": 30475000.0,
        "Other Gand A": 30475000.0,
        "Gross Profit": 35985000.0,
        "Cost Of Revenue": 76758000.0,
        "Total Revenue": 112743000.0,
        "Operating Revenue": 112743000.0
    },
    "2024-12-31": {
        "Tax Effect Of Unusual Items": 502256.544503,
        "Tax Rate For Calcs": 0.141361,
        "Normalized EBITDA": 6628000.0,
        "Total Unusual Items": 3553000.0,
        "Total Unusual Items Excluding Goodwill": 3553000.0,
        "Net Income From Continuing Operation Net Minority Interest": 492000.0,
        "Reconciled Depreciation": 5446000.0,
        "Reconciled Cost Of Revenue": 76146000.0,
        "EBITDA": 10181000.0,
        "EBIT": 4735000.0,
        "Net Interest Income": -4162000.0,
        "Interest Expense": 4162000.0,
        "Normalized Income": -2558743.455497,
        "Net Income From Continuing And Discontinued Operation": 492000.0,
        "Total Expenses": 110746000.0,
        "Total Operating Income As Reported": 762000.0,
        "Diluted Average Shares": 3124820.0,
        "Basic Average Shares": 3124581.0,
        "Diluted EPS": 0.16,
        "Basic EPS": 0.16,
        "Diluted NI Availto Com Stockholders": 492000.0,
        "Average Dilution Earnings": NaN,
        "Net Income Common Stockholders": 492000.0,
        "Net Income": 492000.0,
        "Net Income Including Noncontrolling Interests": 492000.0,
        "Net Income Continuous Operations": 492000.0,
        "Tax Provision": 81000.0,
        "Pretax Income": 573000.0,
        "Other Income Expense": 3973000.0,
        "Other Non Operating Income Expenses": 420000.0,
        "Special Income Charges": 3553000.0,
        "Gain On Sale Of Business": NaN,
        "Other Special Charges": -713000.0,
        "Restructuring And Mergern Acquisition": -2840000.0,
        "Net Non Operating Interest Income Expense": -4162000.0,
        "Interest Expense Non Operating": 4162000.0,
        "Operating Income": 762000.0,
        "Operating Expense": 34600000.0,
        "Other Taxes": NaN,
        "Selling General And Administration": 34600000.0,
        "Selling And Marketing Expense": 4529000.0,
        "General And Administrative Expense": 30071000.0,
        "Other Gand A": 30071000.0,
        "Gross Profit": 35362000.0,
        "Cost Of Revenue": 76146000.0,
        "Total Revenue": 111508000.0,
        "Operating Revenue": 111508000.0
    },
    "2025-03-31": {
        "Tax Effect Of Unusual Items": 5654163.294318,
        "Tax Rate For Calcs": 0.248164,
        "Normalized EBITDA": 7709000.0,
        "Total Unusual Items": 22784000.0,
        "Total Unusual Items Excluding Goodwill": 22784000.0,
        "Net Income From Continuing Operation Net Minority Interest": 15866000.0,
        "Reconciled Depreciation": 5457000.0,
        "Reconciled Cost Of Revenue": 71865000.0,
        "EBITDA": 30493000.0,
        "EBIT": 25036000.0,
        "Net Interest Income": -3933000.0,
        "Interest Expense": 3933000.0,
        "Normalized Income": -1263836.705682,
        "Net Income From Continuing And Discontinued Operation": 15866000.0,
        "Total Expenses": 104921000.0,
        "Total Operating Income As Reported": 2092000.0,
        "Diluted Average Shares": 3138711.0,
        "Basic Average Shares": 3109362.0,
        "Diluted EPS": 5.05,
        "Basic EPS": 5.1,
        "Diluted NI Availto Com Stockholders": 15866000.0,
        "Average Dilution Earnings": NaN,
        "Net Income Common Stockholders": 15866000.0,
        "Net Income": 15866000.0,
        "Net Income Including Noncontrolling Interests": 15866000.0,
        "Net Income Continuous Operations": 15866000.0,
        "Tax Provision": 5237000.0,
        "Pretax Income": 21103000.0,
        "Other Income Expense": 22944000.0,
        "Other Non Operating Income Expenses": 160000.0,
        "Special Income Charges": 22784000.0,
        "Gain On Sale Of Business": NaN,
        "Other Special Charges": NaN,
        "Restructuring And Mergern Acquisition": -22784000.0,
        "Net Non Operating Interest Income Expense": -3933000.0,
        "Interest Expense Non Operating": 3933000.0,
        "Operating Income": 2092000.0,
        "Operating Expense": 33056000.0,
        "Other Taxes": NaN,
        "Selling General And Administration": 33056000.0,
        "Selling And Marketing Expense": 4735000.0,
        "General And Administrative Expense": 28321000.0,
        "Other Gand A": 28321000.0,
        "Gross Profit": 35148000.0,
        "Cost Of Revenue": 71865000.0,
        "Total Revenue": 107013000.0,
        "Operating Revenue": 107013000.0
    },
    "2025-06-30": {
        "Tax Effect Of Unusual Items": 355451.911469,
        "Tax Rate For Calcs": 0.277264,
        "Normalized EBITDA": 15423000.0,
        "Total Unusual Items": 1282000.0,
        "Total Unusual Items Excluding Goodwill": 1282000.0,
        "Net Income From Continuing Operation Net Minority Interest": 5388000.0,
        "Reconciled Depreciation": 5396000.0,
        "Reconciled Cost Of Revenue": 74243000.0,
        "EBITDA": 16705000.0,
        "EBIT": 11309000.0,
        "Net Interest Income": -3854000.0,
        "Interest Expense": 3854000.0,
        "Normalized Income": 4461451.911469,
        "Net Income From Continuing And Discontinued Operation": 5388000.0,
        "Total Expenses": 103058000.0,
        "Total Operating Income As Reported": 8003000.0,
        "Diluted Average Shares": 4356355.0,
        "Basic Average Shares": 3081970.0,
        "Diluted EPS": 1.24,
        "Basic EPS": 1.75,
        "Diluted NI Availto Com Stockholders": 5388000.0,
        "Average Dilution Earnings": NaN,
        "Net Income Common Stockholders": 5388000.0,
        "Net Income": 5388000.0,
        "Net Income Including Noncontrolling Interests": 5388000.0,
        "Net Income Continuous Operations": 5388000.0,
        "Tax Provision": 2067000.0,
        "Pretax Income": 7455000.0,
        "Other Income Expense": 1837000.0,
        "Other Non Operating Income Expenses": 555000.0,
        "Special Income Charges": 1282000.0,
        "Gain On Sale Of Business": 0.0,
        "Other Special Charges": NaN,
        "Restructuring And Mergern Acquisition": -1282000.0,
        "Net Non Operating Interest Income Expense": -3854000.0,
        "Interest Expense Non Operating": 3854000.0,
        "Operating Income": 9472000.0,
        "Operating Expense": 28815000.0,
        "Other Taxes": -1469000.0,
        "Selling General And Administration": 30284000.0,
        "Selling And Marketing Expense": 4009000.0,
        "General And Administrative Expense": 26275000.0,
        "Other Gand A": 26275000.0,
        "Gross Profit": 38287000.0,
        "Cost Of Revenue": 74243000.0,
        "Total Revenue": 112530000.0,
        "Operating Revenue": 112530000.0
    }
}