{
    "2023-06-30": {
        "Tax Effect Of Unusual Items": NaN,
        "Tax Rate For Calcs": NaN,
        "Normalized EBITDA": NaN,
        "Total Unusual Items": NaN,
        "Total Unusual Items Excluding Goodwill": NaN,
        "Net Income From Continuing Operation Net Minority Interest": NaN,
        "Reconciled Depreciation": NaN,
        "Reconciled Cost Of Revenue": NaN,
        "EBITDA": NaN,
        "EBIT": NaN,
        "Net Interest Income": NaN,
        "Interest Expense": NaN,
        "Interest Income": NaN,
        "Normalized Income": NaN,
        "Net Income From Continuing And Discontinued Operation": NaN,
        "Total Expenses": NaN,
        "Total Operating Income As Reported": NaN,
        "Diluted Average Shares": NaN,
        "Basic Average Shares": NaN,
        "Diluted EPS": NaN,
        "Basic EPS": NaN,
        "Diluted NI Availto Com Stockholders": NaN,
        "Net Income Common Stockholders": NaN,
        "Net Income": NaN,
        "Net Income Including Noncontrolling Interests": NaN,
        "Net Income Continuous Operations": NaN,
        "Earnings From Equity Interest Net Of Tax": NaN,
        "Tax Provision": NaN,
        "Pretax Income": NaN,
        "Other Income Expense": NaN,
        "Other Non Operating Income Expenses": -185000.0,
        "Special Income Charges": NaN,
        "Other Special Charges": NaN,
        "Write Off": NaN,
        "Impairment Of Capital Assets": NaN,
        "Gain On Sale Of Security": NaN,
        "Net Non Operating Interest Income Expense": NaN,
        "Interest Expense Non Operating": NaN,
        "Interest Income Non Operating": NaN,
        "Operating Income": NaN,
        "Operating Expense": NaN,
        "Other Operating Expenses": NaN,
        "Research And Development": NaN,
        "Selling General And Administration": NaN,
        "Gross Profit": NaN,
        "Cost Of Revenue": NaN,
        "Total Revenue": NaN,
        "Operating Revenue": NaN
    },
    "2023-03-31": {
        "Tax Effect Of Unusual Items": NaN,
        "Tax Rate For Calcs": NaN,
        "Normalized EBITDA": NaN,
        "Total Unusual Items": NaN,
        "Total Unusual Items Excluding Goodwill": NaN,
        "Net Income From Continuing Operation Net Minority Interest": NaN,
        "Reconciled Depreciation": NaN,
        "Reconciled Cost Of Revenue": NaN,
        "EBITDA": NaN,
        "EBIT": NaN,
        "Net Interest Income": NaN,
        "Interest Expense": NaN,
        "Interest Income": NaN,
        "Normalized Income": NaN,
        "Net Income From Continuing And Discontinued Operation": NaN,
        "Total Expenses": NaN,
        "Total Operating Income As Reported": NaN,
        "Diluted Average Shares": NaN,
        "Basic Average Shares": NaN,
        "Diluted EPS": NaN,
        "Basic EPS": NaN,
        "Diluted NI Availto Com Stockholders": NaN,
        "Net Income Common Stockholders": NaN,
        "Net Income": NaN,
        "Net Income Including Noncontrolling Interests": NaN,
        "Net Income Continuous Operations": NaN,
        "Earnings From Equity Interest Net Of Tax": NaN,
        "Tax Provision": NaN,
        "Pretax Income": NaN,
        "Other Income Expense": NaN,
        "Other Non Operating Income Expenses": NaN,
        "Special Income Charges": 0.0,
        "Other Special Charges": NaN,
        "Impairment Of Capital Assets": NaN,
        "Gain On Sale Of Security": NaN,
        "Net Non Operating Interest Income Expense": NaN,
        "Interest Expense Non Operating": NaN,
        "Interest Income Non Operating": NaN,
        "Operating Income": NaN,
        "Operating Expense": NaN,
        "Other Operating Expenses": NaN,
        "Research And Development": NaN,
        "Selling General And Administration": NaN,
        "Gross Profit": NaN,
        "Cost Of Revenue": NaN,
        "Total Revenue": NaN,
        "Operating Revenue": NaN
    },
    "2022-12-31": {
        "Tax Effect Of Unusual Items": NaN,
        "Tax Rate For Calcs": NaN,
        "Normalized EBITDA": NaN,
        "Total Unusual Items": NaN,
        "Total Unusual Items Excluding Goodwill": NaN,
        "Net Income From Continuing Operation Net Minority Interest": NaN,
        "Reconciled Depreciation": NaN,
        "Reconciled Cost Of Revenue": NaN,
        "EBITDA": NaN,
        "EBIT": NaN,
        "Net Interest Income": NaN,
        "Interest Expense": NaN,
        "Interest Income": NaN,
        "Normalized Income": NaN,
        "Net Income From Continuing And Discontinued Operation": NaN,
        "Total Expenses": NaN,
        "Total Operating Income As Reported": NaN,
        "Diluted Average Shares": NaN,
        "Basic Average Shares": NaN,
        "Diluted EPS": NaN,
        "Basic EPS": NaN,
        "Diluted NI Availto Com Stockholders": NaN,
        "Net Income Common Stockholders": NaN,
        "Net Income": NaN,
        "Net Income Including Noncontrolling Interests": NaN,
        "Net Income Continuous Operations": NaN,
        "Earnings From Equity Interest Net Of Tax": NaN,
        "Tax Provision": NaN,
        "Pretax Income": NaN,
        "Other Income Expense": NaN,
        "Other Non Operating Income Expenses": 1411000.0,
        "Special Income Charges": NaN,
        "Other Special Charges": NaN,
        "Impairment Of Capital Assets": 0.0,
        "Gain On Sale Of Security": NaN,
        "Net Non Operating Interest Income Expense": NaN,
        "Interest Expense Non Operating": NaN,
        "Interest Income Non Operating": NaN,
        "Operating Income": NaN,
        "Operating Expense": NaN,
        "Other Operating Expenses": NaN,
        "Research And Development": NaN,
        "Selling General And Administration": NaN,
        "Gross Profit": NaN,
        "Cost Of Revenue": NaN,
        "Total Revenue": NaN,
        "Operating Revenue": NaN
    },
    "2022-09-30": {
        "Tax Effect Of Unusual Items": NaN,
        "Tax Rate For Calcs": NaN,
        "Normalized EBITDA": NaN,
        "Total Unusual Items": NaN,
        "Total Unusual Items Excluding Goodwill": NaN,
        "Net Income From Continuing Operation Net Minority Interest": NaN,
        "Reconciled Depreciation": NaN,
        "Reconciled Cost Of Revenue": NaN,
        "EBITDA": NaN,
        "EBIT": NaN,
        "Net Interest Income": NaN,
        "Interest Expense": NaN,
        "Interest Income": NaN,
        "Normalized Income": NaN,
        "Net Income From Continuing And Discontinued Operation": NaN,
        "Total Expenses": NaN,
        "Total Operating Income As Reported": NaN,
        "Diluted Average Shares": NaN,
        "Basic Average Shares": NaN,
        "Diluted EPS": NaN,
        "Basic EPS": NaN,
        "Diluted NI Availto Com Stockholders": NaN,
        "Net Income Common Stockholders": NaN,
        "Net Income": NaN,
        "Net Income Including Noncontrolling Interests": NaN,
        "Net Income Continuous Operations": NaN,
        "Earnings From Equity Interest Net Of Tax": NaN,
        "Tax Provision": NaN,
        "Pretax Income": NaN,
        "Other Income Expense": NaN,
        "Other Non Operating Income Expenses": -459000.0,
        "Special Income Charges": NaN,
        "Other Special Charges": NaN,
        "Impairment Of Capital Assets": 129396000.0,
        "Earnings From Equity Interest": 0.0,
        "Gain On Sale Of Security": NaN,
        "Net Non Operating Interest Income Expense": NaN,
        "Interest Expense Non Operating": NaN,
        "Interest Income Non Operating": NaN,
        "Operating Income": NaN,
        "Operating Expense": NaN,
        "Other Operating Expenses": NaN,
        "Research And Development": NaN,
        "Selling General And Administration": NaN,
        "Gross Profit": NaN,
        "Cost Of Revenue": NaN,
        "Total Revenue": NaN,
        "Operating Revenue": NaN
    },
    "2022-06-30": {
        "Tax Effect Of Unusual Items": 211200.0,
        "Tax Rate For Calcs": 0.132,
        "Normalized EBITDA": 31800000.0,
        "Total Unusual Items": 1600000.0,
        "Total Unusual Items Excluding Goodwill": 1600000.0,
        "Net Income From Continuing Operation Net Minority Interest": 16400000.0,
        "Reconciled Depreciation": 14156000.0,
        "Reconciled Cost Of Revenue": 69800000.0,
        "EBITDA": 33400000.0,
        "EBIT": 33400000.0,
        "Net Interest Income": -14400000.0,
        "Interest Expense": 14400000.0,
        "Interest Income": 57000.0,
        "Normalized Income": 15011200.0,
        "Net Income From Continuing And Discontinued Operation": 16400000.0,
        "Total Expenses": 222400000.0,
        "Total Operating Income As Reported": 31800000.0,
        "Diluted Average Shares": 54080000.0,
        "Basic Average Shares": 53506000.0,
        "Diluted EPS": 0.3,
        "Basic EPS": 0.31,
        "Diluted NI Availto Com Stockholders": 16400000.0,
        "Net Income Common Stockholders": 16400000.0,
        "Net Income": 16400000.0,
        "Net Income Including Noncontrolling Interests": 16400000.0,
        "Net Income Continuous Operations": 16500000.0,
        "Earnings From Equity Interest Net Of Tax": -42000.0,
        "Tax Provision": 2500000.0,
        "Pretax Income": 19000000.0,
        "Other Income Expense": 1600000.0,
        "Other Non Operating Income Expenses": -226000.0,
        "Special Income Charges": NaN,
        "Impairment Of Capital Assets": NaN,
        "Earnings From Equity Interest": NaN,
        "Gain On Sale Of Security": 1600000.0,
        "Net Non Operating Interest Income Expense": -14400000.0,
        "Interest Expense Non Operating": 14400000.0,
        "Interest Income Non Operating": 57000.0,
        "Operating Income": 31800000.0,
        "Operating Expense": 152600000.0,
        "Other Operating Expenses": 1900000.0,
        "Research And Development": 34200000.0,
        "Selling General And Administration": 116500000.0,
        "Gross Profit": 184400000.0,
        "Cost Of Revenue": 69800000.0,
        "Total Revenue": 254200000.0,
        "Operating Revenue": 254200000.0
    },
    "2022-03-31": {
        "Diluted EPS": 0.06,
        "Total Revenue": 240,
        "Gross Profit": 168,
        "Operating Income": 10,
        "EBIT": 29,
        "Net Income": 3
    },
    "2021-12-31": {
        "Diluted EPS": -0.06,
        "Total Revenue": 270,
        "Gross Profit": 202,
        "Operating Income": 25,
        "EBIT": 46,
        "Net Income": -5
    },
    "2021-09-30": {
        "Diluted EPS": -0.84,
        "Total Revenue": 253,
        "Gross Profit": 169,
        "Operating Income": 16,
        "EBIT": 37,
        "Net Income": -43
    },
    "2021-06-30": {
        "Diluted EPS": -1.15,
        "Total Revenue": 264,
        "Gross Profit": 172,
        "Operating Income": -36,
        "EBIT": -15,
        "Net Income": -56
    },
    "2021-03-31": {
        "Diluted EPS": -0.63,
        "Total Revenue": 248,
        "Gross Profit": 163,
        "Operating Income": -6,
        "EBIT": 17,
        "Net Income": -31
    },
    "2020-12-31": {
        "Diluted EPS": -5.84,
        "Total Revenue": 270,
        "Gross Profit": 159,
        "Operating Income": -252,
        "EBIT": -206,
        "Net Income": -284
    },
    "2020-09-30": {
        "Diluted EPS": -0.3,
        "Total Revenue": 240,
        "Gross Profit": 148,
        "Operating Income": -8,
        "EBIT": 19,
        "Net Income": -15
    },
    "2020-06-30": {
        "Diluted EPS": -1.81,
        "Total Revenue": 182,
        "Gross Profit": 116,
        "Operating Income": -15,
        "EBIT": 5,
        "Net Income": -88
    },
    "2020-03-31": {
        "Diluted EPS": 0.77,
        "Total Revenue": 242,
        "Gross Profit": 172,
        "Operating Income": 1,
        "EBIT": 21,
        "Net Income": 38
    },
    "2019-12-31": {
        "Diluted EPS": -3.01,
        "Total Revenue": 288,
        "Gross Profit": 184,
        "Operating Income": -147,
        "EBIT": -81,
        "Net Income": -146
    },
    "2019-09-30": {
        "Diluted EPS": 0.66,
        "Total Revenue": 269,
        "Gross Profit": 179,
        "Operating Income": 26,
        "EBIT": 47,
        "Net Income": 32
    },
    "2019-06-30": {
        "Diluted EPS": -0.6,
        "Total Revenue": 277,
        "Gross Profit": 197,
        "Operating Income": -30,
        "EBIT": -7,
        "Net Income": -29
    },
    "2019-03-31": {
        "Diluted EPS": -0.31,
        "Total Revenue": 251,
        "Gross Profit": 164,
        "Operating Income": -21,
        "EBIT": -4,
        "Net Income": -15
    },
    "2018-12-31": {
        "Diluted EPS": -4.34,
        "Total Revenue": 297,
        "Gross Profit": 205,
        "Operating Income": -276,
        "EBIT": -250,
        "Net Income": -211
    },
    "2018-09-30": {
        "Diluted EPS": -0.15,
        "Total Revenue": 272,
        "Gross Profit": 174,
        "Operating Income": -6,
        "EBIT": 11,
        "Net Income": -7
    },
    "2018-06-30": {
        "Diluted EPS": 0.31,
        "Total Revenue": 287,
        "Gross Profit": 194,
        "Operating Income": 22,
        "EBIT": 43,
        "Net Income": 15
    },
    "2018-03-31": {
        "Diluted EPS": 0.27,
        "Total Revenue": 250,
        "Gross Profit": 162,
        "Operating Income": 13,
        "EBIT": 32,
        "Net Income": 13
    },
    "2017-12-31": {
        "Diluted EPS": -2.3,
        "Total Revenue": 278,
        "Gross Profit": 172,
        "Operating Income": 19,
        "EBIT": 47,
        "Net Income": -112
    },
    "2017-09-30": {
        "Diluted EPS": 0.57,
        "Total Revenue": 251,
        "Gross Profit": 162,
        "Operating Income": 30,
        "EBIT": 58,
        "Net Income": 28
    },
    "2017-06-30": {
        "Diluted EPS": 0.98,
        "Total Revenue": 256,
        "Gross Profit": 170,
        "Operating Income": 28,
        "EBIT": 60,
        "Net Income": 47
    },
    "2017-03-31": {
        "Diluted EPS": 0.23,
        "Total Revenue": 227,
        "Gross Profit": 148,
        "Operating Income": 20,
        "EBIT": 46,
        "Net Income": 11
    },
    "2016-12-31": {
        "Diluted EPS": -0.6,
        "Total Revenue": 62,
        "Gross Profit": 19,
        "Operating Income": 25,
        "EBIT": 73,
        "Net Income": -30
    },
    "2016-09-30": {
        "Diluted EPS": -0.03,
        "Total Revenue": 295,
        "Gross Profit": 188,
        "Operating Income": 23,
        "EBIT": 54,
        "Net Income": -2
    },
    "2016-06-30": {
        "Diluted EPS": 0.18,
        "Total Revenue": 321,
        "Gross Profit": 190,
        "Operating Income": 22,
        "EBIT": 45,
        "Net Income": 9
    },
    "2016-03-31": {
        "Diluted EPS": -0.83,
        "Total Revenue": 287,
        "Gross Profit": 163,
        "Operating Income": -36,
        "EBIT": -9,
        "Net Income": -40
    },
    "2015-12-31": {
        "Diluted EPS": 0.0,
        "Total Revenue": NaN,
        "Gross Profit": NaN,
        "Operating Income": NaN,
        "EBIT": NaN,
        "Net Income": NaN
    },
    "2015-10-31": {
        "Diluted EPS": -0.96,
        "Total Revenue": 68,
        "Gross Profit": 58,
        "Operating Income": -26,
        "EBIT": -24,
        "Net Income": -25
    },
    "2015-09-30": {
        "Diluted EPS": -0.96,
        "Total Revenue": 68,
        "Gross Profit": 58,
        "Operating Income": -26,
        "EBIT": -28,
        "Net Income": -25
    },
    "2015-07-31": {
        "Diluted EPS": 0.47,
        "Total Revenue": 81,
        "Gross Profit": 72,
        "Operating Income": 21,
        "EBIT": 19,
        "Net Income": 12
    },
    "2015-06-30": {
        "Diluted EPS": 0.47,
        "Total Revenue": 81,
        "Gross Profit": 72,
        "Operating Income": 21,
        "EBIT": 23,
        "Net Income": 12
    },
    "2015-04-30": {
        "Diluted EPS": 0.0,
        "Total Revenue": NaN,
        "Gross Profit": NaN,
        "Operating Income": NaN,
        "EBIT": NaN,
        "Net Income": NaN
    },
    "2015-03-31": {
        "Diluted EPS": 0.4,
        "Total Revenue": 74,
        "Gross Profit": 66,
        "Operating Income": 17,
        "EBIT": 19,
        "Net Income": 11
    },
    "2015-01-31": {
        "Diluted EPS": 0.62,
        "Total Revenue": 72,
        "Gross Profit": 66,
        "Operating Income": 24,
        "EBIT": 26,
        "Net Income": 17
    },
    "2014-10-31": {
        "Diluted EPS": 0.64,
        "Total Revenue": 73,
        "Gross Profit": 67,
        "Operating Income": 26,
        "EBIT": 29,
        "Net Income": 17
    },
    "2014-07-31": {
        "Diluted EPS": 0.5,
        "Total Revenue": 72,
        "Gross Profit": 66,
        "Operating Income": 22,
        "EBIT": 22,
        "Net Income": 14
    },
    "2014-04-30": {
        "Diluted EPS": 0.0,
        "Total Revenue": NaN,
        "Gross Profit": NaN,
        "Operating Income": NaN,
        "EBIT": NaN,
        "Net Income": NaN
    },
    "2014-01-31": {
        "Diluted EPS": 0.51,
        "Total Revenue": 68,
        "Gross Profit": 62,
        "Operating Income": 21,
        "EBIT": 24,
        "Net Income": 14
    },
    "2013-10-31": {
        "Diluted EPS": 0.5,
        "Total Revenue": 70,
        "Gross Profit": 63,
        "Operating Income": 22,
        "EBIT": 24,
        "Net Income": 14
    },
    "2013-07-31": {
        "Diluted EPS": 0.31,
        "Total Revenue": 69,
        "Gross Profit": 62,
        "Operating Income": 14,
        "EBIT": 14,
        "Net Income": 9
    },
    "2013-04-30": {
        "Diluted EPS": 0.0,
        "Total Revenue": NaN,
        "Gross Profit": NaN,
        "Operating Income": NaN,
        "EBIT": NaN,
        "Net Income": NaN
    },
    "2013-01-31": {
        "Diluted EPS": 0.47,
        "Total Revenue": 63,
        "Gross Profit": 57,
        "Operating Income": 20,
        "EBIT": 23,
        "Net Income": 13
    },
    "2012-10-31": {
        "Diluted EPS": 0.48,
        "Total Revenue": 63,
        "Gross Profit": 58,
        "Operating Income": 20,
        "EBIT": 22,
        "Net Income": 14
    },
    "2012-07-31": {
        "Diluted EPS": 0.29,
        "Total Revenue": 60,
        "Gross Profit": 55,
        "Operating Income": 17,
        "EBIT": 17,
        "Net Income": 8
    },
    "2012-04-30": {
        "Diluted EPS": 0.0,
        "Total Revenue": NaN,
        "Gross Profit": NaN,
        "Operating Income": NaN,
        "EBIT": NaN,
        "Net Income": NaN
    },
    "2012-01-31": {
        "Diluted EPS": 0.34,
        "Total Revenue": 55,
        "Gross Profit": 50,
        "Operating Income": 16,
        "EBIT": 18,
        "Net Income": 10
    },
    "2011-10-31": {
        "Diluted EPS": 0.32,
        "Total Revenue": 54,
        "Gross Profit": 50,
        "Operating Income": 15,
        "EBIT": 16,
        "Net Income": 9
    },
    "2011-07-31": {
        "Diluted EPS": 0.24,
        "Total Revenue": 53,
        "Gross Profit": 46,
        "Operating Income": 12,
        "EBIT": 12,
        "Net Income": 7
    },
    "2011-04-30": {
        "Diluted EPS": 0.0,
        "Total Revenue": NaN,
        "Gross Profit": NaN,
        "Operating Income": NaN,
        "EBIT": NaN,
        "Net Income": NaN
    },
    "2011-01-31": {
        "Diluted EPS": 0.25,
        "Total Revenue": 47,
        "Gross Profit": 41,
        "Operating Income": 12,
        "EBIT": 13,
        "Net Income": 7
    },
    "2010-10-31": {
        "Diluted EPS": 0.88,
        "Total Revenue": 47,
        "Gross Profit": 42,
        "Operating Income": 13,
        "EBIT": 14,
        "Net Income": 25
    },
    "2010-07-31": {
        "Diluted EPS": 0.25,
        "Total Revenue": 45,
        "Gross Profit": 39,
        "Operating Income": 12,
        "EBIT": 12,
        "Net Income": 7
    },
    "2010-04-30": {
        "Diluted EPS": 0.0,
        "Total Revenue": NaN,
        "Gross Profit": NaN,
        "Operating Income": NaN,
        "EBIT": NaN,
        "Net Income": NaN
    },
    "2010-01-31": {
        "Diluted EPS": 0.29,
        "Total Revenue": 41,
        "Gross Profit": 36,
        "Operating Income": 9,
        "EBIT": 10,
        "Net Income": 9
    },
    "2009-10-31": {
        "Diluted EPS": 1.73,
        "Total Revenue": 41,
        "Gross Profit": 36,
        "Operating Income": 9,
        "EBIT": 10,
        "Net Income": 50
    },
    "2009-07-31": {
        "Diluted EPS": 0.23,
        "Total Revenue": 39,
        "Gross Profit": 33,
        "Operating Income": 7,
        "EBIT": 7,
        "Net Income": 8
    },
    "2009-04-30": {
        "Diluted EPS": 0.0,
        "Total Revenue": NaN,
        "Gross Profit": NaN,
        "Operating Income": NaN,
        "EBIT": NaN,
        "Net Income": NaN
    },
    "2009-01-31": {
        "Diluted EPS": 0.15,
        "Total Revenue": 35,
        "Gross Profit": 30,
        "Operating Income": 5,
        "EBIT": 6,
        "Net Income": 10
    },
    "2023-09-30": {
        "Tax Effect Of Unusual Items": NaN,
        "Tax Rate For Calcs": NaN,
        "Normalized EBITDA": NaN,
        "Total Unusual Items": NaN,
        "Total Unusual Items Excluding Goodwill": NaN,
        "Net Income From Continuing Operation Net Minority Interest": NaN,
        "Reconciled Depreciation": NaN,
        "Reconciled Cost Of Revenue": NaN,
        "EBITDA": NaN,
        "EBIT": NaN,
        "Net Interest Income": NaN,
        "Interest Expense": NaN,
        "Interest Income": NaN,
        "Normalized Income": NaN,
        "Net Income From Continuing And Discontinued Operation": NaN,
        "Total Expenses": NaN,
        "Total Operating Income As Reported": NaN,
        "Diluted Average Shares": NaN,
        "Basic Average Shares": NaN,
        "Diluted EPS": NaN,
        "Basic EPS": NaN,
        "Diluted NI Availto Com Stockholders": NaN,
        "Net Income Common Stockholders": NaN,
        "Net Income": NaN,
        "Net Income Including Noncontrolling Interests": NaN,
        "Net Income Continuous Operations": NaN,
        "Earnings From Equity Interest Net Of Tax": NaN,
        "Tax Provision": NaN,
        "Pretax Income": NaN,
        "Other Income Expense": NaN,
        "Other Non Operating Income Expenses": NaN,
        "Special Income Charges": NaN,
        "Other Special Charges": NaN,
        "Write Off": 0.0,
        "Impairment Of Capital Assets": 0.0,
        "Gain On Sale Of Security": NaN,
        "Net Non Operating Interest Income Expense": NaN,
        "Interest Expense Non Operating": NaN,
        "Interest Income Non Operating": NaN,
        "Operating Income": NaN,
        "Operating Expense": NaN,
        "Other Operating Expenses": NaN,
        "Research And Development": NaN,
        "Selling General And Administration": NaN,
        "Gross Profit": NaN,
        "Cost Of Revenue": NaN,
        "Total Revenue": NaN,
        "Operating Revenue": NaN
    },
    "2023-12-31": {
        "Tax Effect Of Unusual Items": NaN,
        "Tax Rate For Calcs": NaN,
        "Normalized EBITDA": NaN,
        "Total Unusual Items": NaN,
        "Total Unusual Items Excluding Goodwill": NaN,
        "Net Income From Continuing Operation Net Minority Interest": NaN,
        "Reconciled Depreciation": NaN,
        "Reconciled Cost Of Revenue": NaN,
        "EBITDA": NaN,
        "EBIT": NaN,
        "Net Interest Income": NaN,
        "Interest Expense": NaN,
        "Interest Income": NaN,
        "Normalized Income": NaN,
        "Net Income From Continuing And Discontinued Operation": NaN,
        "Total Expenses": NaN,
        "Total Operating Income As Reported": NaN,
        "Diluted Average Shares": NaN,
        "Basic Average Shares": NaN,
        "Diluted EPS": NaN,
        "Basic EPS": NaN,
        "Diluted NI Availto Com Stockholders": NaN,
        "Net Income Common Stockholders": NaN,
        "Net Income": NaN,
        "Net Income Including Noncontrolling Interests": NaN,
        "Net Income Continuous Operations": NaN,
        "Earnings From Equity Interest Net Of Tax": NaN,
        "Tax Provision": NaN,
        "Pretax Income": NaN,
        "Other Income Expense": NaN,
        "Other Non Operating Income Expenses": NaN,
        "Special Income Charges": NaN,
        "Other Special Charges": NaN,
        "Write Off": NaN,
        "Impairment Of Capital Assets": 89974000.0,
        "Gain On Sale Of Security": NaN,
        "Net Non Operating Interest Income Expense": NaN,
        "Interest Expense Non Operating": NaN,
        "Interest Income Non Operating": NaN,
        "Operating Income": NaN,
        "Operating Expense": NaN,
        "Other Operating Expenses": NaN,
        "Research And Development": NaN,
        "Selling General And Administration": NaN,
        "Gross Profit": NaN,
        "Cost Of Revenue": NaN,
        "Total Revenue": NaN,
        "Operating Revenue": NaN
    },
    "2024-03-31": {
        "Tax Effect Of Unusual Items": NaN,
        "Tax Rate For Calcs": NaN,
        "Normalized EBITDA": NaN,
        "Total Unusual Items": NaN,
        "Total Unusual Items Excluding Goodwill": NaN,
        "Net Income From Continuing Operation Net Minority Interest": NaN,
        "Reconciled Depreciation": NaN,
        "Reconciled Cost Of Revenue": NaN,
        "EBITDA": NaN,
        "EBIT": NaN,
        "Net Interest Income": NaN,
        "Interest Expense": NaN,
        "Interest Income": NaN,
        "Normalized Income": NaN,
        "Net Income From Continuing And Discontinued Operation": NaN,
        "Total Expenses": NaN,
        "Total Operating Income As Reported": NaN,
        "Diluted Average Shares": NaN,
        "Basic Average Shares": NaN,
        "Diluted EPS": NaN,
        "Basic EPS": NaN,
        "Diluted NI Availto Com Stockholders": NaN,
        "Net Income Common Stockholders": NaN,
        "Net Income": NaN,
        "Net Income Including Noncontrolling Interests": NaN,
        "Net Income Continuous Operations": NaN,
        "Earnings From Equity Interest Net Of Tax": NaN,
        "Tax Provision": NaN,
        "Pretax Income": NaN,
        "Other Income Expense": NaN,
        "Other Non Operating Income Expenses": NaN,
        "Special Income Charges": NaN,
        "Other Special Charges": 25482000.0,
        "Write Off": NaN,
        "Gain On Sale Of Security": NaN,
        "Net Non Operating Interest Income Expense": NaN,
        "Interest Expense Non Operating": NaN,
        "Interest Income Non Operating": NaN,
        "Operating Income": NaN,
        "Operating Expense": NaN,
        "Other Operating Expenses": NaN,
        "Research And Development": NaN,
        "Selling General And Administration": NaN,
        "Gross Profit": NaN,
        "Cost Of Revenue": NaN,
        "Total Revenue": NaN,
        "Operating Revenue": NaN
    },
    "2024-06-30": {
        "Tax Effect Of Unusual Items": NaN,
        "Tax Rate For Calcs": NaN,
        "Normalized EBITDA": NaN,
        "Total Unusual Items": NaN,
        "Total Unusual Items Excluding Goodwill": NaN,
        "Net Income From Continuing Operation Net Minority Interest": NaN,
        "Reconciled Depreciation": NaN,
        "Reconciled Cost Of Revenue": NaN,
        "EBITDA": NaN,
        "EBIT": NaN,
        "Net Interest Income": NaN,
        "Interest Expense": NaN,
        "Interest Income": NaN,
        "Normalized Income": NaN,
        "Net Income From Continuing And Discontinued Operation": NaN,
        "Total Expenses": NaN,
        "Total Operating Income As Reported": NaN,
        "Diluted Average Shares": NaN,
        "Basic Average Shares": NaN,
        "Diluted EPS": NaN,
        "Basic EPS": NaN,
        "Diluted NI Availto Com Stockholders": NaN,
        "Net Income Common Stockholders": NaN,
        "Net Income": NaN,
        "Net Income Including Noncontrolling Interests": NaN,
        "Net Income Continuous Operations": NaN,
        "Earnings From Equity Interest Net Of Tax": NaN,
        "Tax Provision": NaN,
        "Pretax Income": NaN,
        "Other Income Expense": NaN,
        "Other Non Operating Income Expenses": 104000.0,
        "Special Income Charges": NaN,
        "Other Special Charges": NaN,
        "Write Off": 5750000.0,
        "Gain On Sale Of Security": NaN,
        "Net Non Operating Interest Income Expense": NaN,
        "Interest Expense Non Operating": NaN,
        "Interest Income Non Operating": NaN,
        "Operating Income": NaN,
        "Operating Expense": NaN,
        "Other Operating Expenses": NaN,
        "Research And Development": NaN,
        "Selling General And Administration": NaN,
        "Gross Profit": NaN,
        "Cost Of Revenue": NaN,
        "Total Revenue": NaN,
        "Operating Revenue": NaN
    },
    "2024-09-30": {
        "Tax Effect Of Unusual Items": 4554399.09093,
        "Tax Rate For Calcs": 0.259333,
        "Normalized EBITDA": 55885000.0,
        "Total Unusual Items": 17562000.0,
        "Total Unusual Items Excluding Goodwill": 17562000.0,
        "Net Income From Continuing Operation Net Minority Interest": 32953000.0,
        "Reconciled Depreciation": 13128000.0,
        "Reconciled Cost Of Revenue": 97091000.0,
        "EBITDA": 73447000.0,
        "EBIT": 60319000.0,
        "Net Interest Income": -8739000.0,
        "Interest Expense": 15878000.0,
        "Interest Income": 7139000.0,
        "Normalized Income": 19945399.09093,
        "Net Income From Continuing And Discontinued Operation": 32953000.0,
        "Total Expenses": 282502000.0,
        "Total Operating Income As Reported": 35618000.0,
        "Diluted Average Shares": 54600000.0,
        "Basic Average Shares": 54400000.0,
        "Diluted EPS": 0.6,
        "Basic EPS": 0.61,
        "Diluted NI Availto Com Stockholders": 32953000.0,
        "Net Income Common Stockholders": 32953000.0,
        "Net Income": 32953000.0,
        "Net Income Including Noncontrolling Interests": 32953000.0,
        "Net Income Continuous Operations": 32953000.0,
        "Earnings From Equity Interest Net Of Tax": 37000.0,
        "Tax Provision": 11525000.0,
        "Pretax Income": 44441000.0,
        "Other Income Expense": 17562000.0,
        "Other Non Operating Income Expenses": NaN,
        "Special Income Charges": 0.0,
        "Other Special Charges": NaN,
        "Write Off": 0.0,
        "Gain On Sale Of Security": 17562000.0,
        "Net Non Operating Interest Income Expense": -8739000.0,
        "Interest Expense Non Operating": 15878000.0,
        "Interest Income Non Operating": 7139000.0,
        "Operating Income": 35618000.0,
        "Operating Expense": 185411000.0,
        "Other Operating Expenses": 9180000.0,
        "Research And Development": 48805000.0,
        "Selling General And Administration": 127426000.0,
        "Gross Profit": 221029000.0,
        "Cost Of Revenue": 97091000.0,
        "Total Revenue": 318120000.0,
        "Operating Revenue": 318120000.0
    },
    "2024-12-31": {
        "Tax Effect Of Unusual Items": 267323.406516,
        "Tax Rate For Calcs": 0.010428,
        "Normalized EBITDA": 59196000.0,
        "Total Unusual Items": 25634000.0,
        "Total Unusual Items Excluding Goodwill": 25634000.0,
        "Net Income From Continuing Operation Net Minority Interest": 55891000.0,
        "Reconciled Depreciation": 12583000.0,
        "Reconciled Cost Of Revenue": 102476000.0,
        "EBITDA": 84830000.0,
        "EBIT": 72247000.0,
        "Net Interest Income": -7189000.0,
        "Interest Expense": 15767000.0,
        "Interest Income": 8578000.0,
        "Normalized Income": 30524323.406516,
        "Net Income From Continuing And Discontinued Operation": 55891000.0,
        "Total Expenses": 284809000.0,
        "Total Operating Income As Reported": 37021000.0,
        "Diluted Average Shares": 54700000.0,
        "Basic Average Shares": 54400000.0,
        "Diluted EPS": 1.02,
        "Basic EPS": 1.03,
        "Diluted NI Availto Com Stockholders": 55891000.0,
        "Net Income Common Stockholders": 55891000.0,
        "Net Income": 55891000.0,
        "Net Income Including Noncontrolling Interests": 55891000.0,
        "Net Income Continuous Operations": 55891000.0,
        "Earnings From Equity Interest Net Of Tax": 0.0,
        "Tax Provision": 589000.0,
        "Pretax Income": 56480000.0,
        "Other Income Expense": 26648000.0,
        "Other Non Operating Income Expenses": NaN,
        "Special Income Charges": 0.0,
        "Other Special Charges": 0.0,
        "Write Off": 0.0,
        "Gain On Sale Of Security": 25634000.0,
        "Net Non Operating Interest Income Expense": -7189000.0,
        "Interest Expense Non Operating": 15767000.0,
        "Interest Income Non Operating": 8578000.0,
        "Operating Income": 37021000.0,
        "Operating Expense": 182333000.0,
        "Other Operating Expenses": 3402000.0,
        "Research And Development": 43308000.0,
        "Selling General And Administration": 135623000.0,
        "Gross Profit": 219354000.0,
        "Cost Of Revenue": 102476000.0,
        "Total Revenue": 321830000.0,
        "Operating Revenue": 321830000.0
    },
    "2025-03-31": {
        "Tax Effect Of Unusual Items": -74638200.0,
        "Tax Rate For Calcs": 0.21,
        "Normalized EBITDA": 69731000.0,
        "Total Unusual Items": -355420000.0,
        "Total Unusual Items Excluding Goodwill": -355420000.0,
        "Net Income From Continuing Operation Net Minority Interest": -327322000.0,
        "Reconciled Depreciation": 14671000.0,
        "Reconciled Cost Of Revenue": 96080000.0,
        "EBITDA": -285689000.0,
        "EBIT": -300360000.0,
        "Net Interest Income": -8843000.0,
        "Interest Expense": 15286000.0,
        "Interest Income": 6443000.0,
        "Normalized Income": -46540200.0,
        "Net Income From Continuing And Discontinued Operation": -327322000.0,
        "Total Expenses": 268238000.0,
        "Total Operating Income As Reported": 48617000.0,
        "Diluted Average Shares": 54400000.0,
        "Basic Average Shares": 54400000.0,
        "Diluted EPS": -6.01,
        "Basic EPS": -6.01,
        "Diluted NI Availto Com Stockholders": -327322000.0,
        "Net Income Common Stockholders": -327322000.0,
        "Net Income": -327322000.0,
        "Net Income Including Noncontrolling Interests": -327322000.0,
        "Net Income Continuous Operations": -327322000.0,
        "Earnings From Equity Interest Net Of Tax": -20000.0,
        "Tax Provision": 11656000.0,
        "Pretax Income": -315646000.0,
        "Other Income Expense": -355420000.0,
        "Other Non Operating Income Expenses": NaN,
        "Special Income Charges": -360393000.0,
        "Other Special Charges": 360393000.0,
        "Write Off": NaN,
        "Gain On Sale Of Security": 4973000.0,
        "Net Non Operating Interest Income Expense": -8843000.0,
        "Interest Expense Non Operating": 15286000.0,
        "Interest Income Non Operating": 6443000.0,
        "Operating Income": 48617000.0,
        "Operating Expense": 172158000.0,
        "Other Operating Expenses": 612000.0,
        "Research And Development": 37879000.0,
        "Selling General And Administration": 133667000.0,
        "Gross Profit": 220775000.0,
        "Cost Of Revenue": 96080000.0,
        "Total Revenue": 316855000.0,
        "Operating Revenue": 316855000.0
    },
    "2025-06-30": {
        "Tax Effect Of Unusual Items": -2393573.409364,
        "Tax Rate For Calcs": 0.184604,
        "Normalized EBITDA": 73606000.0,
        "Total Unusual Items": -12966000.0,
        "Total Unusual Items Excluding Goodwill": -12966000.0,
        "Net Income From Continuing Operation Net Minority Interest": 27161000.0,
        "Reconciled Depreciation": 15040000.0,
        "Reconciled Cost Of Revenue": 113536000.0,
        "EBITDA": 60640000.0,
        "EBIT": 45600000.0,
        "Net Interest Income": -8097000.0,
        "Interest Expense": 12280000.0,
        "Interest Income": 4183000.0,
        "Normalized Income": 37733426.590636,
        "Net Income From Continuing And Discontinued Operation": 27161000.0,
        "Total Expenses": 298341000.0,
        "Total Operating Income As Reported": 54183000.0,
        "Diluted Average Shares": 54700000.0,
        "Basic Average Shares": 54600000.0,
        "Diluted EPS": 0.5,
        "Basic EPS": 0.5,
        "Diluted NI Availto Com Stockholders": 27161000.0,
        "Net Income Common Stockholders": 27161000.0,
        "Net Income": 27161000.0,
        "Net Income Including Noncontrolling Interests": 27161000.0,
        "Net Income Continuous Operations": 27161000.0,
        "Earnings From Equity Interest Net Of Tax": -8000.0,
        "Tax Provision": 6151000.0,
        "Pretax Income": 33320000.0,
        "Other Income Expense": -12766000.0,
        "Other Non Operating Income Expenses": 200000.0,
        "Special Income Charges": -4328000.0,
        "Other Special Charges": 4328000.0,
        "Write Off": 0.0,
        "Gain On Sale Of Security": -8638000.0,
        "Net Non Operating Interest Income Expense": -8097000.0,
        "Interest Expense Non Operating": 12280000.0,
        "Interest Income Non Operating": 4183000.0,
        "Operating Income": 54183000.0,
        "Operating Expense": 184805000.0,
        "Other Operating Expenses": -160000.0,
        "Research And Development": 47185000.0,
        "Selling General And Administration": 137780000.0,
        "Gross Profit": 238988000.0,
        "Cost Of Revenue": 113536000.0,
        "Total Revenue": 352524000.0,
        "Operating Revenue": 352524000.0
    },
    "2025-09-30": {
        "Tax Effect Of Unusual Items": -2755938.13217,
        "Tax Rate For Calcs": 0.209784,
        "Normalized EBITDA": 73126000.0,
        "Total Unusual Items": -13137000.0,
        "Total Unusual Items Excluding Goodwill": -13137000.0,
        "Net Income From Continuing Operation Net Minority Interest": 26784000.0,
        "Reconciled Depreciation": 15215000.0,
        "Reconciled Cost Of Revenue": 112898000.0,
        "EBITDA": 59989000.0,
        "EBIT": 44774000.0,
        "Net Interest Income": -6964000.0,
        "Interest Expense": 10863000.0,
        "Interest Income": 3899000.0,
        "Normalized Income": 37165061.86783,
        "Net Income From Continuing And Discontinued Operation": 26784000.0,
        "Total Expenses": 303741000.0,
        "Total Operating Income As Reported": 54012000.0,
        "Diluted Average Shares": 55200000.0,
        "Basic Average Shares": 54600000.0,
        "Diluted EPS": 0.49,
        "Basic EPS": 0.49,
        "Diluted NI Availto Com Stockholders": 26784000.0,
        "Net Income Common Stockholders": 26784000.0,
        "Net Income": 26784000.0,
        "Net Income Including Noncontrolling Interests": 26784000.0,
        "Net Income Continuous Operations": 26784000.0,
        "Earnings From Equity Interest Net Of Tax": -13000.0,
        "Tax Provision": 7114000.0,
        "Pretax Income": 33911000.0,
        "Other Income Expense": -13137000.0,
        "Other Non Operating Income Expenses": NaN,
        "Special Income Charges": -2857000.0,
        "Other Special Charges": 1745000.0,
        "Write Off": 1112000.0,
        "Gain On Sale Of Security": -10280000.0,
        "Net Non Operating Interest Income Expense": -6964000.0,
        "Interest Expense Non Operating": 10863000.0,
        "Interest Income Non Operating": 3899000.0,
        "Operating Income": 54012000.0,
        "Operating Expense": 190843000.0,
        "Other Operating Expenses": 3744000.0,
        "Research And Development": 48577000.0,
        "Selling General And Administration": 138522000.0,
        "Gross Profit": 244855000.0,
        "Cost Of Revenue": 112898000.0,
        "Total Revenue": 357753000.0,
        "Operating Revenue": 357753000.0
    }
}