{
    "2023-03-31": {
        "Tax Effect Of Unusual Items": 1088.529606,
        "Tax Rate For Calcs": 0.000806,
        "Normalized EBITDA": 44544000.0,
        "Total Unusual Items": 1350000.0,
        "Total Unusual Items Excluding Goodwill": 1350000.0,
        "Net Income From Continuing Operation Net Minority Interest": 49362000.0,
        "Reconciled Cost Of Revenue": 434559000.0,
        "EBITDA": 45894000.0,
        "EBIT": 45894000.0,
        "Net Interest Income": 856000.0,
        "Interest Expense": NaN,
        "Interest Income": NaN,
        "Normalized Income": 48013088.529606,
        "Net Income From Continuing And Discontinued Operation": 49362000.0,
        "Total Expenses": 585097000.0,
        "Total Operating Income As Reported": 42705000.0,
        "Diluted Average Shares": 5338610.0,
        "Basic Average Shares": 5294370.0,
        "Diluted EPS": 10.0,
        "Basic EPS": 10.0,
        "Diluted NI Availto Com Stockholders": 49362000.0,
        "Net Income Common Stockholders": 49362000.0,
        "Net Income": 49362000.0,
        "Minority Interests": 1033000.0,
        "Net Income Including Noncontrolling Interests": 48329000.0,
        "Net Income Continuous Operations": 48329000.0,
        "Tax Provision": 39000.0,
        "Pretax Income": 48368000.0,
        "Other Income Expense": 1618000.0,
        "Other Non Operating Income Expenses": 268000.0,
        "Gain On Sale Of Security": 1350000.0,
        "Net Non Operating Interest Income Expense": 856000.0,
        "Total Other Finance Cost": -856000.0,
        "Interest Expense Non Operating": NaN,
        "Interest Income Non Operating": NaN,
        "Operating Income": 45894000.0,
        "Operating Expense": 150538000.0,
        "Other Operating Expenses": -3189000.0,
        "Research And Development": 71911000.0,
        "Selling General And Administration": 81816000.0,
        "Selling And Marketing Expense": 58848000.0,
        "General And Administrative Expense": 22968000.0,
        "Other Gand A": 22968000.0,
        "Salaries And Wages": NaN,
        "Gross Profit": 196432000.0,
        "Cost Of Revenue": 434559000.0,
        "Total Revenue": 630991000.0,
        "Operating Revenue": 630991000.0
    },
    "2022-12-31": {
        "Tax Effect Of Unusual Items": 5284.984451,
        "Tax Rate For Calcs": 0.003268,
        "Normalized EBITDA": 27258000.0,
        "Total Unusual Items": 1617000.0,
        "Total Unusual Items Excluding Goodwill": 1617000.0,
        "Net Income From Continuing Operation Net Minority Interest": 31420000.0,
        "Reconciled Cost Of Revenue": 404078000.0,
        "EBITDA": 28875000.0,
        "EBIT": 28875000.0,
        "Net Interest Income": 865000.0,
        "Interest Expense": NaN,
        "Interest Income": NaN,
        "Normalized Income": 29808284.984451,
        "Net Income From Continuing And Discontinued Operation": 31420000.0,
        "Total Expenses": 558756000.0,
        "Total Operating Income As Reported": 25488000.0,
        "Diluted Average Shares": 5255797.0,
        "Basic Average Shares": 5255797.0,
        "Diluted EPS": 6.0,
        "Basic EPS": 6.0,
        "Diluted NI Availto Com Stockholders": 31420000.0,
        "Net Income Common Stockholders": 31420000.0,
        "Net Income": 31420000.0,
        "Minority Interests": 9000.0,
        "Net Income Including Noncontrolling Interests": 31411000.0,
        "Net Income Continuous Operations": 31411000.0,
        "Tax Provision": 103000.0,
        "Pretax Income": 31514000.0,
        "Other Income Expense": 1774000.0,
        "Other Non Operating Income Expenses": 157000.0,
        "Gain On Sale Of Security": 1617000.0,
        "Net Non Operating Interest Income Expense": 865000.0,
        "Total Other Finance Cost": -865000.0,
        "Interest Expense Non Operating": NaN,
        "Interest Income Non Operating": NaN,
        "Operating Income": 28875000.0,
        "Operating Expense": 154678000.0,
        "Other Operating Expenses": -3387000.0,
        "Research And Development": 63673000.0,
        "Selling General And Administration": 94392000.0,
        "Selling And Marketing Expense": 67686000.0,
        "General And Administrative Expense": 26706000.0,
        "Other Gand A": 26706000.0,
        "Salaries And Wages": NaN,
        "Gross Profit": 183553000.0,
        "Cost Of Revenue": 404078000.0,
        "Total Revenue": 587631000.0,
        "Operating Revenue": 587631000.0
    },
    "2022-09-30": {
        "Tax Effect Of Unusual Items": 0.0,
        "Tax Rate For Calcs": 0.0,
        "Normalized EBITDA": 16569000.0,
        "Total Unusual Items": 98000.0,
        "Total Unusual Items Excluding Goodwill": 98000.0,
        "Net Income From Continuing Operation Net Minority Interest": 19823000.0,
        "Reconciled Cost Of Revenue": 376159000.0,
        "EBITDA": 16667000.0,
        "EBIT": 16667000.0,
        "Net Interest Income": 1321000.0,
        "Interest Expense": NaN,
        "Interest Income": NaN,
        "Normalized Income": 19725000.0,
        "Net Income From Continuing And Discontinued Operation": 19823000.0,
        "Total Expenses": 548561000.0,
        "Total Operating Income As Reported": 12489000.0,
        "Diluted Average Shares": 5229315.0,
        "Basic Average Shares": 5202976.0,
        "Diluted EPS": 4.0,
        "Basic EPS": 4.0,
        "Diluted NI Availto Com Stockholders": 19823000.0,
        "Net Income Common Stockholders": 19823000.0,
        "Net Income": 19823000.0,
        "Minority Interests": 1000.0,
        "Net Income Including Noncontrolling Interests": 19822000.0,
        "Net Income Continuous Operations": 19822000.0,
        "Tax Provision": 0.0,
        "Pretax Income": 19822000.0,
        "Other Income Expense": 1834000.0,
        "Other Non Operating Income Expenses": 1736000.0,
        "Gain On Sale Of Security": 98000.0,
        "Net Non Operating Interest Income Expense": 1321000.0,
        "Total Other Finance Cost": -1321000.0,
        "Interest Expense Non Operating": NaN,
        "Interest Income Non Operating": NaN,
        "Operating Income": 16667000.0,
        "Operating Expense": 172402000.0,
        "Other Operating Expenses": -4178000.0,
        "Research And Development": 78320000.0,
        "Selling General And Administration": 98260000.0,
        "Selling And Marketing Expense": 71167000.0,
        "General And Administrative Expense": 27093000.0,
        "Other Gand A": 27093000.0,
        "Salaries And Wages": NaN,
        "Gross Profit": 189069000.0,
        "Cost Of Revenue": 376159000.0,
        "Total Revenue": 565228000.0,
        "Operating Revenue": 565228000.0
    },
    "2022-06-30": {
        "Tax Effect Of Unusual Items": -896.584541,
        "Tax Rate For Calcs": 0.003225,
        "Normalized EBITDA": 18510000.0,
        "Total Unusual Items": -278000.0,
        "Total Unusual Items Excluding Goodwill": -278000.0,
        "Net Income From Continuing Operation Net Minority Interest": 18846000.0,
        "Reconciled Cost Of Revenue": 340063000.0,
        "EBITDA": 18232000.0,
        "EBIT": 18232000.0,
        "Net Interest Income": 480000.0,
        "Interest Income": NaN,
        "Normalized Income": 19123103.415459,
        "Net Income From Continuing And Discontinued Operation": 18846000.0,
        "Total Expenses": 497462000.0,
        "Total Operating Income As Reported": 14063000.0,
        "Diluted Average Shares": 51756522.0,
        "Basic Average Shares": 51551826.0,
        "Diluted EPS": 0.4,
        "Basic EPS": 0.4,
        "Diluted NI Availto Com Stockholders": 18846000.0,
        "Net Income Common Stockholders": 18846000.0,
        "Net Income": 18846000.0,
        "Minority Interests": -7000.0,
        "Net Income Including Noncontrolling Interests": 18853000.0,
        "Net Income Continuous Operations": 18853000.0,
        "Tax Provision": 61000.0,
        "Pretax Income": 18914000.0,
        "Other Income Expense": 202000.0,
        "Other Non Operating Income Expenses": 480000.0,
        "Gain On Sale Of Security": -278000.0,
        "Net Non Operating Interest Income Expense": 480000.0,
        "Total Other Finance Cost": -480000.0,
        "Interest Income Non Operating": NaN,
        "Operating Income": 18232000.0,
        "Operating Expense": 157399000.0,
        "Other Operating Expenses": -4169000.0,
        "Research And Development": 70262000.0,
        "Selling General And Administration": 91306000.0,
        "Selling And Marketing Expense": 60489000.0,
        "General And Administrative Expense": 30817000.0,
        "Other Gand A": 27906000.0,
        "Salaries And Wages": 2911000.0,
        "Gross Profit": 175631000.0,
        "Cost Of Revenue": 340063000.0,
        "Total Revenue": 515694000.0,
        "Operating Revenue": 515694000.0
    },
    "2022-03-31": {
        "Diluted EPS": 0.05,
        "Total Revenue": 82,
        "Gross Profit": 27,
        "Operating Income": 2,
        "EBIT": 2,
        "Net Income": 3
    },
    "2021-12-31": {
        "Diluted EPS": 0.03,
        "Total Revenue": 92,
        "Gross Profit": 30,
        "Operating Income": 0,
        "EBIT": 0,
        "Net Income": 1
    },
    "2021-09-30": {
        "Diluted EPS": -0.11,
        "Total Revenue": 78,
        "Gross Profit": 23,
        "Operating Income": -6,
        "EBIT": -6,
        "Net Income": -6
    },
    "2021-06-30": {
        "Diluted EPS": -0.09,
        "Total Revenue": 87,
        "Gross Profit": 25,
        "Operating Income": -5,
        "EBIT": -5,
        "Net Income": -4
    },
    "2021-03-31": {
        "Diluted EPS": -0.23,
        "Total Revenue": 76,
        "Gross Profit": 19,
        "Operating Income": -11,
        "EBIT": -11,
        "Net Income": -11
    },
    "2020-12-31": {
        "Diluted EPS": 0.02,
        "Total Revenue": 75,
        "Gross Profit": 21,
        "Operating Income": -2,
        "EBIT": -2,
        "Net Income": -4
    },
    "2020-09-30": {
        "Diluted EPS": -0.02,
        "Total Revenue": 53,
        "Gross Profit": 13,
        "Operating Income": -1,
        "EBIT": -1,
        "Net Income": -1
    },
    "2020-06-30": {
        "Diluted EPS": -0.07,
        "Total Revenue": 50,
        "Gross Profit": 12,
        "Operating Income": -4,
        "EBIT": -4,
        "Net Income": -3
    },
    "2020-03-31": {
        "Diluted EPS": -0.75,
        "Total Revenue": 52,
        "Gross Profit": 10,
        "Operating Income": -7,
        "EBIT": -7,
        "Net Income": -29
    },
    "2019-12-31": {
        "Diluted EPS": -0.17,
        "Total Revenue": 52,
        "Gross Profit": 52,
        "Operating Income": 52,
        "EBIT": 53,
        "Net Income": -4
    },
    "2019-09-30": {
        "Diluted EPS": 0.0,
        "Total Revenue": NaN,
        "Gross Profit": NaN,
        "Operating Income": NaN,
        "Net Income": NaN
    },
    "2018-12-31": {
        "Diluted EPS": 0.0,
        "Total Revenue": NaN,
        "Gross Profit": NaN,
        "Operating Income": NaN,
        "EBIT": NaN,
        "Net Income": NaN
    },
    "2023-06-30": {
        "Tax Effect Of Unusual Items": 36969.545265,
        "Tax Rate For Calcs": 0.035378,
        "Normalized EBITDA": 8731000.0,
        "Total Unusual Items": 1045000.0,
        "Total Unusual Items Excluding Goodwill": 1045000.0,
        "Net Income From Continuing Operation Net Minority Interest": 13207000.0,
        "Reconciled Cost Of Revenue": 418446000.0,
        "EBITDA": 9776000.0,
        "EBIT": 9776000.0,
        "Net Interest Income": 1022000.0,
        "Interest Expense": NaN,
        "Interest Income": 1022000.0,
        "Normalized Income": 12198969.545265,
        "Net Income From Continuing And Discontinued Operation": 13207000.0,
        "Total Expenses": 583081000.0,
        "Total Operating Income As Reported": 7771000.0,
        "Diluted Average Shares": 5398099.0,
        "Basic Average Shares": 5370263.0,
        "Diluted EPS": 2.0,
        "Basic EPS": 2.0,
        "Diluted NI Availto Com Stockholders": 13207000.0,
        "Net Income Common Stockholders": 13207000.0,
        "Net Income": 13207000.0,
        "Minority Interests": 1646000.0,
        "Net Income Including Noncontrolling Interests": 11561000.0,
        "Net Income Continuous Operations": 11561000.0,
        "Tax Provision": 424000.0,
        "Pretax Income": 11985000.0,
        "Other Income Expense": 1187000.0,
        "Other Non Operating Income Expenses": 142000.0,
        "Gain On Sale Of Security": 1045000.0,
        "Net Non Operating Interest Income Expense": 1022000.0,
        "Total Other Finance Cost": NaN,
        "Interest Expense Non Operating": NaN,
        "Interest Income Non Operating": 1022000.0,
        "Operating Income": 9776000.0,
        "Operating Expense": 164635000.0,
        "Other Operating Expenses": -2005000.0,
        "Research And Development": 75184000.0,
        "Selling General And Administration": 91456000.0,
        "Selling And Marketing Expense": 67522000.0,
        "General And Administrative Expense": 23934000.0,
        "Other Gand A": 23934000.0,
        "Salaries And Wages": 2368000.0,
        "Gross Profit": 174411000.0,
        "Cost Of Revenue": 418446000.0,
        "Total Revenue": 592857000.0,
        "Operating Revenue": 592857000.0
    },
    "2023-09-30": {
        "Tax Effect Of Unusual Items": -70750.0,
        "Tax Rate For Calcs": 0.25,
        "Normalized EBITDA": -61611000.0,
        "Total Unusual Items": -283000.0,
        "Total Unusual Items Excluding Goodwill": -283000.0,
        "Net Income From Continuing Operation Net Minority Interest": -59885000.0,
        "Reconciled Cost Of Revenue": 317302000.0,
        "EBITDA": -61894000.0,
        "EBIT": -61894000.0,
        "Net Interest Income": 2020000.0,
        "Interest Expense": 70000.0,
        "Interest Income": 2090000.0,
        "Normalized Income": -59672750.0,
        "Net Income From Continuing And Discontinued Operation": -59885000.0,
        "Total Expenses": 482952000.0,
        "Total Operating Income As Reported": -60140000.0,
        "Diluted Average Shares": 5439514.0,
        "Basic Average Shares": 5439514.0,
        "Diluted EPS": -12.0,
        "Basic EPS": -12.0,
        "Diluted NI Availto Com Stockholders": -59885000.0,
        "Net Income Common Stockholders": -59885000.0,
        "Net Income": -59885000.0,
        "Minority Interests": 2116000.0,
        "Net Income Including Noncontrolling Interests": -62001000.0,
        "Net Income Continuous Operations": -62001000.0,
        "Tax Provision": 37000.0,
        "Pretax Income": -61964000.0,
        "Other Income Expense": -6134000.0,
        "Other Non Operating Income Expenses": -5851000.0,
        "Gain On Sale Of Security": -283000.0,
        "Net Non Operating Interest Income Expense": 2020000.0,
        "Total Other Finance Cost": NaN,
        "Interest Expense Non Operating": 70000.0,
        "Interest Income Non Operating": 2090000.0,
        "Operating Income": -57850000.0,
        "Operating Expense": 165650000.0,
        "Other Operating Expenses": -2290000.0,
        "Research And Development": 83767000.0,
        "Selling General And Administration": 84173000.0,
        "Selling And Marketing Expense": 59098000.0,
        "General And Administrative Expense": 25075000.0,
        "Other Gand A": 25075000.0,
        "Salaries And Wages": NaN,
        "Gross Profit": 107800000.0,
        "Cost Of Revenue": 317302000.0,
        "Total Revenue": 425102000.0,
        "Operating Revenue": 425102000.0
    }
}