{
    "2023-03-31": {
        "Tax Effect Of Unusual Items": 0.0,
        "Tax Rate For Calcs": 0.263,
        "Normalized EBITDA": -8516000.0,
        "Net Income From Continuing Operation Net Minority Interest": -10585000.0,
        "Reconciled Depreciation": 4669000.0,
        "Reconciled Cost Of Revenue": 152698000.0,
        "EBITDA": -8516000.0,
        "EBIT": -13185000.0,
        "Normalized Income": -10585000.0,
        "Net Income From Continuing And Discontinued Operation": -10585000.0,
        "Total Expenses": 253883000.0,
        "Total Operating Income As Reported": -13185000.0,
        "Diluted Average Shares": 28717000.0,
        "Basic Average Shares": 28717000.0,
        "Diluted EPS": -0.37,
        "Basic EPS": -0.37,
        "Diluted NI Availto Com Stockholders": -10585000.0,
        "Net Income Common Stockholders": -10585000.0,
        "Net Income": -10585000.0,
        "Net Income Including Noncontrolling Interests": -10585000.0,
        "Net Income Continuous Operations": -10585000.0,
        "Tax Provision": -3759000.0,
        "Pretax Income": -14344000.0,
        "Other Income Expense": -1159000.0,
        "Other Non Operating Income Expenses": -1159000.0,
        "Operating Income": -13185000.0,
        "Operating Expense": 101185000.0,
        "Selling General And Administration": 101185000.0,
        "Gross Profit": 88000000.0,
        "Cost Of Revenue": 152698000.0,
        "Total Revenue": 240698000.0,
        "Operating Revenue": 240698000.0
    },
    "2022-12-31": {
        "Tax Effect Of Unusual Items": NaN,
        "Tax Rate For Calcs": NaN,
        "Normalized EBITDA": NaN,
        "Net Income From Continuing Operation Net Minority Interest": NaN,
        "Reconciled Depreciation": NaN,
        "Reconciled Cost Of Revenue": NaN,
        "EBITDA": NaN,
        "EBIT": NaN,
        "Normalized Income": NaN,
        "Net Income From Continuing And Discontinued Operation": NaN,
        "Total Expenses": NaN,
        "Total Operating Income As Reported": NaN,
        "Diluted Average Shares": 28691000.0,
        "Basic Average Shares": 28691000.0,
        "Diluted EPS": -0.53,
        "Basic EPS": -0.53,
        "Diluted NI Availto Com Stockholders": NaN,
        "Net Income Common Stockholders": NaN,
        "Net Income": NaN,
        "Net Income Including Noncontrolling Interests": NaN,
        "Net Income Continuous Operations": NaN,
        "Tax Provision": NaN,
        "Pretax Income": NaN,
        "Other Income Expense": NaN,
        "Other Non Operating Income Expenses": NaN,
        "Operating Income": NaN,
        "Operating Expense": NaN,
        "Selling General And Administration": NaN,
        "Gross Profit": NaN,
        "Cost Of Revenue": NaN,
        "Total Revenue": NaN,
        "Operating Revenue": NaN
    },
    "2022-09-30": {
        "Tax Effect Of Unusual Items": 0.0,
        "Tax Rate For Calcs": 0.206,
        "Normalized EBITDA": 566000.0,
        "Net Income From Continuing Operation Net Minority Interest": -3774000.0,
        "Reconciled Depreciation": 4676000.0,
        "Reconciled Cost Of Revenue": 173239000.0,
        "EBITDA": 566000.0,
        "EBIT": -4110000.0,
        "Normalized Income": -3774000.0,
        "Net Income From Continuing And Discontinued Operation": -3774000.0,
        "Total Expenses": 272931000.0,
        "Total Operating Income As Reported": -4110000.0,
        "Diluted Average Shares": 28668000.0,
        "Basic Average Shares": 28668000.0,
        "Diluted EPS": -0.13,
        "Basic EPS": -0.13,
        "Diluted NI Availto Com Stockholders": -3774000.0,
        "Net Income Common Stockholders": -3774000.0,
        "Net Income": -3774000.0,
        "Net Income Including Noncontrolling Interests": -3774000.0,
        "Net Income Continuous Operations": -3774000.0,
        "Tax Provision": -982000.0,
        "Pretax Income": -4756000.0,
        "Other Income Expense": -646000.0,
        "Other Non Operating Income Expenses": -646000.0,
        "Operating Income": -4110000.0,
        "Operating Expense": 99692000.0,
        "Selling General And Administration": 99692000.0,
        "Gross Profit": 95582000.0,
        "Cost Of Revenue": 173239000.0,
        "Total Revenue": 268821000.0,
        "Operating Revenue": 268821000.0
    },
    "2022-06-30": {
        "Tax Effect Of Unusual Items": 0.0,
        "Tax Rate For Calcs": 0.387,
        "Normalized EBITDA": 9218000.0,
        "Net Income From Continuing Operation Net Minority Interest": 2736000.0,
        "Reconciled Depreciation": 4555000.0,
        "Reconciled Cost Of Revenue": 192207000.0,
        "EBITDA": 9218000.0,
        "EBIT": 4663000.0,
        "Normalized Income": 2736000.0,
        "Net Income From Continuing And Discontinued Operation": 2736000.0,
        "Total Expenses": 294294000.0,
        "Total Operating Income As Reported": 4663000.0,
        "Diluted Average Shares": 29065000.0,
        "Basic Average Shares": 28927000.0,
        "Diluted EPS": 0.09,
        "Basic EPS": 0.09,
        "Diluted NI Availto Com Stockholders": 2736000.0,
        "Net Income Common Stockholders": 2736000.0,
        "Net Income": 2736000.0,
        "Net Income Including Noncontrolling Interests": 2736000.0,
        "Net Income Continuous Operations": 2736000.0,
        "Tax Provision": 1728000.0,
        "Pretax Income": 4464000.0,
        "Other Income Expense": -199000.0,
        "Other Non Operating Income Expenses": -199000.0,
        "Operating Income": 4663000.0,
        "Operating Expense": 102087000.0,
        "Selling General And Administration": 102087000.0,
        "Gross Profit": 106750000.0,
        "Cost Of Revenue": 192207000.0,
        "Total Revenue": 298957000.0,
        "Operating Revenue": 298957000.0
    },
    "2023-06-30": {
        "Tax Effect Of Unusual Items": 0.0,
        "Tax Rate For Calcs": 0.21,
        "Normalized EBITDA": -15682000.0,
        "Net Income From Continuing Operation Net Minority Interest": -39002000.0,
        "Reconciled Depreciation": 4787000.0,
        "Reconciled Cost Of Revenue": 151891000.0,
        "EBITDA": -15682000.0,
        "EBIT": -20469000.0,
        "Normalized Income": -39002000.0,
        "Net Income From Continuing And Discontinued Operation": -39002000.0,
        "Total Expenses": 256891000.0,
        "Total Operating Income As Reported": -20469000.0,
        "Diluted Average Shares": 28820000.0,
        "Basic Average Shares": 28820000.0,
        "Diluted EPS": -1.35,
        "Basic EPS": -1.35,
        "Diluted NI Availto Com Stockholders": -39002000.0,
        "Net Income Common Stockholders": -39002000.0,
        "Net Income": -39002000.0,
        "Net Income Including Noncontrolling Interests": -39002000.0,
        "Net Income Continuous Operations": -39002000.0,
        "Tax Provision": 17858000.0,
        "Pretax Income": -21144000.0,
        "Other Income Expense": -675000.0,
        "Other Non Operating Income Expenses": -675000.0,
        "Operating Income": -20469000.0,
        "Operating Expense": 105000000.0,
        "Selling General And Administration": 105000000.0,
        "Gross Profit": 84531000.0,
        "Cost Of Revenue": 151891000.0,
        "Total Revenue": 236422000.0,
        "Operating Revenue": 236422000.0
    },
    "2023-09-30": {
        "Tax Effect Of Unusual Items": 0.0,
        "Tax Rate For Calcs": 0.001,
        "Normalized EBITDA": -24460000.0,
        "Net Income From Continuing Operation Net Minority Interest": -35962000.0,
        "Reconciled Depreciation": 5141000.0,
        "Reconciled Cost Of Revenue": 147338000.0,
        "EBITDA": -24460000.0,
        "EBIT": -29601000.0,
        "Normalized Income": -35962000.0,
        "Net Income From Continuing And Discontinued Operation": -35962000.0,
        "Total Expenses": 245447000.0,
        "Total Operating Income As Reported": -29601000.0,
        "Diluted Average Shares": 28839000.0,
        "Basic Average Shares": 28839000.0,
        "Diluted EPS": -1.25,
        "Basic EPS": -1.25,
        "Diluted NI Availto Com Stockholders": -35962000.0,
        "Net Income Common Stockholders": -35962000.0,
        "Net Income": -35962000.0,
        "Net Income Including Noncontrolling Interests": -35962000.0,
        "Net Income Continuous Operations": -35962000.0,
        "Tax Provision": -30000.0,
        "Pretax Income": -35992000.0,
        "Other Income Expense": -6391000.0,
        "Other Non Operating Income Expenses": -6391000.0,
        "Operating Income": -29601000.0,
        "Operating Expense": 98109000.0,
        "Selling General And Administration": 98109000.0,
        "Gross Profit": 68508000.0,
        "Cost Of Revenue": 147338000.0,
        "Total Revenue": 215846000.0,
        "Operating Revenue": 215846000.0
    },
    "2023-12-31": {
        "Tax Effect Of Unusual Items": 0.0,
        "Tax Rate For Calcs": 0.035889,
        "Normalized EBITDA": -13481000.0,
        "Net Income From Continuing Operation Net Minority Interest": -17945000.0,
        "Reconciled Depreciation": 4050000.0,
        "Reconciled Cost Of Revenue": 130106000.0,
        "EBITDA": -13481000.0,
        "EBIT": -17531000.0,
        "Normalized Income": -17945000.0,
        "Net Income From Continuing And Discontinued Operation": -17945000.0,
        "Total Expenses": 229311000.0,
        "Total Operating Income As Reported": -17531000.0,
        "Diluted Average Shares": NaN,
        "Basic Average Shares": NaN,
        "Diluted EPS": NaN,
        "Basic EPS": NaN,
        "Diluted NI Availto Com Stockholders": -17945000.0,
        "Net Income Common Stockholders": -17945000.0,
        "Net Income": -17945000.0,
        "Net Income Including Noncontrolling Interests": -17945000.0,
        "Net Income Continuous Operations": -17945000.0,
        "Tax Provision": -668000.0,
        "Pretax Income": -18613000.0,
        "Other Income Expense": -1082000.0,
        "Other Non Operating Income Expenses": -1082000.0,
        "Operating Income": -17531000.0,
        "Operating Expense": 99205000.0,
        "Selling General And Administration": 99205000.0,
        "Gross Profit": 81674000.0,
        "Cost Of Revenue": 130106000.0,
        "Total Revenue": 211780000.0,
        "Operating Revenue": 211780000.0
    },
    "2024-03-31": {
        "Tax Effect Of Unusual Items": 0.0,
        "Tax Rate For Calcs": 0.4,
        "Normalized EBITDA": -22631000.0,
        "Net Income From Continuing Operation Net Minority Interest": -28970000.0,
        "Reconciled Depreciation": 4761000.0,
        "Reconciled Cost Of Revenue": 117317000.0,
        "EBITDA": -22631000.0,
        "EBIT": -27392000.0,
        "Normalized Income": -28970000.0,
        "Net Income From Continuing And Discontinued Operation": -28970000.0,
        "Total Expenses": 215882000.0,
        "Total Operating Income As Reported": -27392000.0,
        "Diluted Average Shares": 28896000.0,
        "Basic Average Shares": 28896000.0,
        "Diluted EPS": -1.0,
        "Basic EPS": -1.0,
        "Diluted NI Availto Com Stockholders": -28970000.0,
        "Net Income Common Stockholders": -28970000.0,
        "Net Income": -28970000.0,
        "Net Income Including Noncontrolling Interests": -28970000.0,
        "Net Income Continuous Operations": -28970000.0,
        "Tax Provision": 52000.0,
        "Pretax Income": -28918000.0,
        "Other Income Expense": -1526000.0,
        "Other Non Operating Income Expenses": -1526000.0,
        "Operating Income": -27392000.0,
        "Operating Expense": 98565000.0,
        "Selling General And Administration": 98565000.0,
        "Gross Profit": 71173000.0,
        "Cost Of Revenue": 117317000.0,
        "Total Revenue": 188490000.0,
        "Operating Revenue": 188490000.0
    }
}