{
    "2023-03-31": {
        "Tax Effect Of Unusual Items": NaN,
        "Tax Rate For Calcs": NaN,
        "Normalized EBITDA": NaN,
        "Total Unusual Items": NaN,
        "Total Unusual Items Excluding Goodwill": NaN,
        "Net Income From Continuing Operation Net Minority Interest": NaN,
        "Reconciled Depreciation": NaN,
        "Reconciled Cost Of Revenue": NaN,
        "EBITDA": NaN,
        "EBIT": NaN,
        "Net Interest Income": NaN,
        "Interest Expense": NaN,
        "Normalized Income": NaN,
        "Net Income From Continuing And Discontinued Operation": NaN,
        "Total Expenses": NaN,
        "Total Operating Income As Reported": NaN,
        "Diluted Average Shares": 144062103.0,
        "Basic Average Shares": 144062103.0,
        "Diluted EPS": -0.38,
        "Basic EPS": -0.38,
        "Diluted NI Availto Com Stockholders": NaN,
        "Net Income Common Stockholders": NaN,
        "Net Income": NaN,
        "Net Income Including Noncontrolling Interests": NaN,
        "Net Income Continuous Operations": NaN,
        "Tax Provision": NaN,
        "Pretax Income": NaN,
        "Other Income Expense": NaN,
        "Other Non Operating Income Expenses": NaN,
        "Special Income Charges": 0.0,
        "Gain On Sale Of Security": NaN,
        "Net Non Operating Interest Income Expense": NaN,
        "Interest Expense Non Operating": NaN,
        "Operating Income": NaN,
        "Operating Expense": NaN,
        "Selling General And Administration": NaN,
        "Gross Profit": NaN,
        "Cost Of Revenue": NaN,
        "Total Revenue": NaN,
        "Operating Revenue": NaN
    },
    "2022-12-31": {
        "Tax Effect Of Unusual Items": NaN,
        "Tax Rate For Calcs": NaN,
        "Normalized EBITDA": NaN,
        "Total Unusual Items": NaN,
        "Total Unusual Items Excluding Goodwill": NaN,
        "Net Income From Continuing Operation Net Minority Interest": NaN,
        "Reconciled Depreciation": NaN,
        "Reconciled Cost Of Revenue": NaN,
        "EBITDA": NaN,
        "EBIT": NaN,
        "Net Interest Income": NaN,
        "Interest Expense": NaN,
        "Normalized Income": NaN,
        "Net Income From Continuing And Discontinued Operation": NaN,
        "Total Expenses": NaN,
        "Total Operating Income As Reported": NaN,
        "Diluted Average Shares": NaN,
        "Basic Average Shares": NaN,
        "Diluted EPS": NaN,
        "Basic EPS": NaN,
        "Diluted NI Availto Com Stockholders": NaN,
        "Net Income Common Stockholders": NaN,
        "Net Income": NaN,
        "Net Income Including Noncontrolling Interests": NaN,
        "Net Income Continuous Operations": NaN,
        "Tax Provision": NaN,
        "Pretax Income": NaN,
        "Other Income Expense": NaN,
        "Other Non Operating Income Expenses": NaN,
        "Special Income Charges": -23694000.0,
        "Other Special Charges": 0.0,
        "Gain On Sale Of Security": NaN,
        "Net Non Operating Interest Income Expense": NaN,
        "Interest Expense Non Operating": NaN,
        "Operating Income": NaN,
        "Operating Expense": NaN,
        "Selling General And Administration": NaN,
        "Gross Profit": NaN,
        "Cost Of Revenue": NaN,
        "Total Revenue": NaN,
        "Operating Revenue": NaN
    },
    "2022-09-30": {
        "Tax Effect Of Unusual Items": NaN,
        "Tax Rate For Calcs": NaN,
        "Normalized EBITDA": NaN,
        "Total Unusual Items": NaN,
        "Total Unusual Items Excluding Goodwill": NaN,
        "Net Income From Continuing Operation Net Minority Interest": NaN,
        "Reconciled Depreciation": NaN,
        "Reconciled Cost Of Revenue": NaN,
        "EBITDA": NaN,
        "EBIT": NaN,
        "Net Interest Income": NaN,
        "Interest Expense": NaN,
        "Normalized Income": NaN,
        "Net Income From Continuing And Discontinued Operation": NaN,
        "Total Expenses": NaN,
        "Total Operating Income As Reported": NaN,
        "Diluted Average Shares": NaN,
        "Basic Average Shares": NaN,
        "Diluted EPS": NaN,
        "Basic EPS": NaN,
        "Diluted NI Availto Com Stockholders": NaN,
        "Net Income Common Stockholders": NaN,
        "Net Income": NaN,
        "Net Income Including Noncontrolling Interests": NaN,
        "Net Income Continuous Operations": NaN,
        "Tax Provision": NaN,
        "Pretax Income": NaN,
        "Other Income Expense": NaN,
        "Other Non Operating Income Expenses": NaN,
        "Special Income Charges": NaN,
        "Other Special Charges": NaN,
        "Gain On Sale Of Security": NaN,
        "Net Non Operating Interest Income Expense": NaN,
        "Interest Expense Non Operating": NaN,
        "Operating Income": NaN,
        "Operating Expense": NaN,
        "Selling General And Administration": NaN,
        "General And Administrative Expense": 24696000.0,
        "Other Gand A": 18207000.0,
        "Salaries And Wages": 6489000.0,
        "Gross Profit": NaN,
        "Cost Of Revenue": NaN,
        "Total Revenue": NaN,
        "Operating Revenue": NaN
    },
    "2022-06-30": {
        "Tax Effect Of Unusual Items": 3270800.0,
        "Tax Rate For Calcs": 0.4,
        "Normalized EBITDA": -33512000.0,
        "Total Unusual Items": 8177000.0,
        "Total Unusual Items Excluding Goodwill": 8177000.0,
        "Net Income From Continuing Operation Net Minority Interest": -32274000.0,
        "Reconciled Depreciation": 1243000.0,
        "Reconciled Cost Of Revenue": 25038000.0,
        "EBITDA": -25335000.0,
        "EBIT": -25335000.0,
        "Net Interest Income": -6937000.0,
        "Interest Expense": 6937000.0,
        "Normalized Income": -37180200.0,
        "Net Income From Continuing And Discontinued Operation": -32274000.0,
        "Total Expenses": 54408000.0,
        "Total Operating Income As Reported": -33044000.0,
        "Diluted Average Shares": 142378037.0,
        "Basic Average Shares": 142378037.0,
        "Diluted EPS": -0.23,
        "Basic EPS": -0.23,
        "Diluted NI Availto Com Stockholders": -32274000.0,
        "Net Income Common Stockholders": -32274000.0,
        "Net Income": -32274000.0,
        "Net Income Including Noncontrolling Interests": -32274000.0,
        "Net Income Continuous Operations": -32274000.0,
        "Tax Provision": 2000.0,
        "Pretax Income": -32272000.0,
        "Other Income Expense": 7709000.0,
        "Other Non Operating Income Expenses": -468000.0,
        "Special Income Charges": 0.0,
        "Other Special Charges": NaN,
        "Write Off": NaN,
        "Gain On Sale Of Security": 8177000.0,
        "Net Non Operating Interest Income Expense": -6937000.0,
        "Interest Expense Non Operating": 6937000.0,
        "Operating Income": -33044000.0,
        "Operating Expense": 29370000.0,
        "Selling General And Administration": 29370000.0,
        "General And Administrative Expense": 29370000.0,
        "Other Gand A": 20784000.0,
        "Salaries And Wages": 8586000.0,
        "Gross Profit": -3674000.0,
        "Cost Of Revenue": 25038000.0,
        "Total Revenue": 21364000.0,
        "Operating Revenue": 21364000.0
    },
    "2022-03-31": {
        "Diluted EPS": -0.85,
        "Total Revenue": 13,
        "Gross Profit": -3,
        "Operating Income": -33,
        "EBIT": -32,
        "Net Income": -71
    },
    "2021-12-31": {
        "Diluted EPS": -0.46,
        "Total Revenue": 11,
        "Gross Profit": 1,
        "Operating Income": -12,
        "EBIT": -12,
        "Net Income": -40
    },
    "2021-09-30": {
        "Diluted EPS": -0.16,
        "Total Revenue": 10,
        "Gross Profit": 1,
        "Operating Income": -10,
        "EBIT": -9,
        "Net Income": -12
    },
    "2021-06-30": {
        "Diluted EPS": -0.11,
        "Total Revenue": 9,
        "Gross Profit": 4,
        "Operating Income": -8,
        "EBIT": -8,
        "Net Income": -9
    },
    "2021-03-31": {
        "Diluted EPS": -1.08,
        "Total Revenue": 10,
        "Gross Profit": 1,
        "Operating Income": -6,
        "EBIT": -5,
        "Net Income": -77
    },
    "2020-12-31": {
        "Diluted EPS": 0.0,
        "Total Revenue": NaN,
        "Gross Profit": NaN,
        "Operating Income": NaN,
        "EBIT": NaN,
        "Net Income": NaN
    },
    "2023-06-30": {
        "Tax Effect Of Unusual Items": 11486.0,
        "Tax Rate For Calcs": 0.001,
        "Normalized EBITDA": -25818000.0,
        "Total Unusual Items": 11486000.0,
        "Total Unusual Items Excluding Goodwill": 11486000.0,
        "Net Income From Continuing Operation Net Minority Interest": -28130000.0,
        "Reconciled Depreciation": 2086000.0,
        "Reconciled Cost Of Revenue": 31430000.0,
        "EBITDA": -14332000.0,
        "EBIT": -16418000.0,
        "Net Interest Income": -11729000.0,
        "Interest Expense": 11729000.0,
        "Normalized Income": -39604514.0,
        "Net Income From Continuing And Discontinued Operation": -28130000.0,
        "Total Expenses": 60162000.0,
        "Total Operating Income As Reported": -27930000.0,
        "Diluted Average Shares": 156502662.0,
        "Basic Average Shares": 156502662.0,
        "Diluted EPS": -0.18,
        "Basic EPS": -0.18,
        "Diluted NI Availto Com Stockholders": -28130000.0,
        "Net Income Common Stockholders": -28130000.0,
        "Net Income": -28130000.0,
        "Net Income Including Noncontrolling Interests": -28130000.0,
        "Net Income Continuous Operations": -28130000.0,
        "Tax Provision": -17000.0,
        "Pretax Income": -28147000.0,
        "Other Income Expense": 11512000.0,
        "Other Non Operating Income Expenses": 26000.0,
        "Special Income Charges": 0.0,
        "Gain On Sale Of Security": 11486000.0,
        "Net Non Operating Interest Income Expense": -11729000.0,
        "Interest Expense Non Operating": 11729000.0,
        "Operating Income": -27930000.0,
        "Operating Expense": 28732000.0,
        "Selling General And Administration": 28732000.0,
        "Gross Profit": 802000.0,
        "Cost Of Revenue": 31430000.0,
        "Total Revenue": 32232000.0,
        "Operating Revenue": 32232000.0
    },
    "2023-09-30": {
        "Tax Effect Of Unusual Items": 5503.0,
        "Tax Rate For Calcs": 0.001,
        "Normalized EBITDA": -16633000.0,
        "Total Unusual Items": 5503000.0,
        "Total Unusual Items Excluding Goodwill": 5503000.0,
        "Net Income From Continuing Operation Net Minority Interest": -26429000.0,
        "Reconciled Depreciation": 2620000.0,
        "Reconciled Cost Of Revenue": 34194000.0,
        "EBITDA": -11130000.0,
        "EBIT": -13750000.0,
        "Net Interest Income": -12657000.0,
        "Interest Expense": 12657000.0,
        "Normalized Income": -31926497.0,
        "Net Income From Continuing And Discontinued Operation": -26429000.0,
        "Total Expenses": 63197000.0,
        "Total Operating Income As Reported": -19312000.0,
        "Diluted Average Shares": 178624492.0,
        "Basic Average Shares": 178624492.0,
        "Diluted EPS": -0.15,
        "Basic EPS": -0.15,
        "Diluted NI Availto Com Stockholders": -26429000.0,
        "Net Income Common Stockholders": -26429000.0,
        "Net Income": -26429000.0,
        "Net Income Including Noncontrolling Interests": -26429000.0,
        "Net Income Continuous Operations": -26429000.0,
        "Tax Provision": 22000.0,
        "Pretax Income": -26407000.0,
        "Other Income Expense": 5562000.0,
        "Other Non Operating Income Expenses": 59000.0,
        "Special Income Charges": 0.0,
        "Gain On Sale Of Security": 5503000.0,
        "Net Non Operating Interest Income Expense": -12657000.0,
        "Interest Expense Non Operating": 12657000.0,
        "Operating Income": -19312000.0,
        "Operating Expense": 29003000.0,
        "Selling General And Administration": 29003000.0,
        "Gross Profit": 9691000.0,
        "Cost Of Revenue": 34194000.0,
        "Total Revenue": 43885000.0,
        "Operating Revenue": 43885000.0
    },
    "2023-12-31": {
        "Tax Effect Of Unusual Items": -429660.0,
        "Tax Rate For Calcs": 0.21,
        "Normalized EBITDA": -24437000.0,
        "Total Unusual Items": -2046000.0,
        "Total Unusual Items Excluding Goodwill": -2046000.0,
        "Net Income From Continuing Operation Net Minority Interest": -42839000.0,
        "Reconciled Depreciation": 3163000.0,
        "Reconciled Cost Of Revenue": 32134000.0,
        "EBITDA": -26483000.0,
        "EBIT": -29646000.0,
        "Net Interest Income": -13182000.0,
        "Interest Expense": 13182000.0,
        "Normalized Income": -41222660.0,
        "Net Income From Continuing And Discontinued Operation": -42839000.0,
        "Total Expenses": 59327000.0,
        "Total Operating Income As Reported": -27727000.0,
        "Diluted Average Shares": NaN,
        "Basic Average Shares": NaN,
        "Diluted EPS": NaN,
        "Basic EPS": NaN,
        "Diluted NI Availto Com Stockholders": -42839000.0,
        "Net Income Common Stockholders": -42839000.0,
        "Net Income": -42839000.0,
        "Net Income Including Noncontrolling Interests": -42839000.0,
        "Net Income Continuous Operations": -42839000.0,
        "Tax Provision": 11000.0,
        "Pretax Income": -42828000.0,
        "Other Income Expense": -1919000.0,
        "Other Non Operating Income Expenses": 127000.0,
        "Special Income Charges": 0.0,
        "Gain On Sale Of Security": -2046000.0,
        "Net Non Operating Interest Income Expense": -13182000.0,
        "Interest Expense Non Operating": 13182000.0,
        "Operating Income": -27727000.0,
        "Operating Expense": 27193000.0,
        "Selling General And Administration": 27193000.0,
        "Gross Profit": -534000.0,
        "Cost Of Revenue": 32134000.0,
        "Total Revenue": 31600000.0,
        "Operating Revenue": 31600000.0
    },
    "2024-03-31": {
        "Tax Effect Of Unusual Items": -1059030.0,
        "Tax Rate For Calcs": 0.21,
        "Normalized EBITDA": -31684000.0,
        "Total Unusual Items": -5043000.0,
        "Total Unusual Items Excluding Goodwill": -5043000.0,
        "Net Income From Continuing Operation Net Minority Interest": -53244000.0,
        "Reconciled Depreciation": 2769000.0,
        "Reconciled Cost Of Revenue": 33391000.0,
        "EBITDA": -36727000.0,
        "EBIT": -39496000.0,
        "Net Interest Income": -13696000.0,
        "Interest Expense": 13696000.0,
        "Normalized Income": -49260030.0,
        "Net Income From Continuing And Discontinued Operation": -53244000.0,
        "Total Expenses": 61699000.0,
        "Total Operating Income As Reported": -34464000.0,
        "Diluted Average Shares": 201442209.0,
        "Basic Average Shares": 201442209.0,
        "Diluted EPS": -0.26,
        "Basic EPS": -0.26,
        "Diluted NI Availto Com Stockholders": -53244000.0,
        "Net Income Common Stockholders": -53244000.0,
        "Net Income": -53244000.0,
        "Net Income Including Noncontrolling Interests": -53244000.0,
        "Net Income Continuous Operations": -53244000.0,
        "Tax Provision": 52000.0,
        "Pretax Income": -53192000.0,
        "Other Income Expense": -5032000.0,
        "Other Non Operating Income Expenses": 11000.0,
        "Special Income Charges": NaN,
        "Gain On Sale Of Security": -5043000.0,
        "Net Non Operating Interest Income Expense": -13696000.0,
        "Interest Expense Non Operating": 13696000.0,
        "Operating Income": -34464000.0,
        "Operating Expense": 28308000.0,
        "Selling General And Administration": 28308000.0,
        "Gross Profit": -6156000.0,
        "Cost Of Revenue": 33391000.0,
        "Total Revenue": 27235000.0,
        "Operating Revenue": 27235000.0
    },
    "2024-06-30": {
        "Tax Effect Of Unusual Items": 1048530.0,
        "Tax Rate For Calcs": 0.21,
        "Normalized EBITDA": -22287000.0,
        "Total Unusual Items": 4993000.0,
        "Total Unusual Items Excluding Goodwill": 4993000.0,
        "Net Income From Continuing Operation Net Minority Interest": -35378000.0,
        "Reconciled Depreciation": 3426000.0,
        "Reconciled Cost Of Revenue": 27565000.0,
        "EBITDA": -17294000.0,
        "EBIT": -20720000.0,
        "Net Interest Income": -14607000.0,
        "Interest Expense": 14607000.0,
        "Normalized Income": -39322470.0,
        "Net Income From Continuing And Discontinued Operation": -35378000.0,
        "Total Expenses": 56104000.0,
        "Total Operating Income As Reported": -25717000.0,
        "Diluted Average Shares": 203477086.0,
        "Basic Average Shares": 203477086.0,
        "Diluted EPS": -0.17,
        "Basic EPS": -0.17,
        "Diluted NI Availto Com Stockholders": -35378000.0,
        "Net Income Common Stockholders": -35378000.0,
        "Net Income": -35378000.0,
        "Net Income Including Noncontrolling Interests": -35378000.0,
        "Net Income Continuous Operations": -35378000.0,
        "Tax Provision": 51000.0,
        "Pretax Income": -35327000.0,
        "Other Income Expense": 4997000.0,
        "Other Non Operating Income Expenses": 4000.0,
        "Special Income Charges": NaN,
        "Gain On Sale Of Security": 4993000.0,
        "Net Non Operating Interest Income Expense": -14607000.0,
        "Interest Expense Non Operating": 14607000.0,
        "Operating Income": -25717000.0,
        "Operating Expense": 28539000.0,
        "Selling General And Administration": 28539000.0,
        "Gross Profit": 2822000.0,
        "Cost Of Revenue": 27565000.0,
        "Total Revenue": 30387000.0,
        "Operating Revenue": 30387000.0
    }
}