{
    "2023-03-31": {
        "Tax Effect Of Unusual Items": NaN,
        "Tax Rate For Calcs": NaN,
        "Normalized EBITDA": NaN,
        "Total Unusual Items": NaN,
        "Total Unusual Items Excluding Goodwill": NaN,
        "Net Income From Continuing Operation Net Minority Interest": NaN,
        "Reconciled Depreciation": NaN,
        "Reconciled Cost Of Revenue": NaN,
        "EBITDA": NaN,
        "EBIT": NaN,
        "Net Interest Income": NaN,
        "Interest Income": NaN,
        "Normalized Income": NaN,
        "Net Income From Continuing And Discontinued Operation": NaN,
        "Total Expenses": NaN,
        "Total Operating Income As Reported": NaN,
        "Diluted Average Shares": NaN,
        "Basic Average Shares": NaN,
        "Diluted EPS": NaN,
        "Basic EPS": NaN,
        "Diluted NI Availto Com Stockholders": NaN,
        "Net Income Common Stockholders": NaN,
        "Net Income": NaN,
        "Net Income Including Noncontrolling Interests": NaN,
        "Net Income Continuous Operations": NaN,
        "Tax Provision": NaN,
        "Pretax Income": NaN,
        "Other Income Expense": NaN,
        "Special Income Charges": NaN,
        "Restructuring And Mergern Acquisition": NaN,
        "Gain On Sale Of Security": -425000.0,
        "Net Non Operating Interest Income Expense": NaN,
        "Interest Income Non Operating": NaN,
        "Operating Income": NaN,
        "Operating Expense": NaN,
        "Research And Development": NaN,
        "Selling General And Administration": NaN,
        "Selling And Marketing Expense": NaN,
        "General And Administrative Expense": NaN,
        "Other Gand A": NaN,
        "Gross Profit": NaN,
        "Cost Of Revenue": NaN,
        "Total Revenue": NaN,
        "Operating Revenue": NaN
    },
    "2022-12-31": {
        "Tax Effect Of Unusual Items": NaN,
        "Tax Rate For Calcs": NaN,
        "Normalized EBITDA": NaN,
        "Total Unusual Items": NaN,
        "Total Unusual Items Excluding Goodwill": NaN,
        "Net Income From Continuing Operation Net Minority Interest": NaN,
        "Reconciled Depreciation": NaN,
        "Reconciled Cost Of Revenue": NaN,
        "EBITDA": NaN,
        "EBIT": NaN,
        "Net Interest Income": NaN,
        "Interest Expense": 0.0,
        "Interest Income": NaN,
        "Normalized Income": NaN,
        "Net Income From Continuing And Discontinued Operation": NaN,
        "Total Expenses": NaN,
        "Total Operating Income As Reported": NaN,
        "Diluted Average Shares": NaN,
        "Basic Average Shares": NaN,
        "Diluted EPS": NaN,
        "Basic EPS": NaN,
        "Diluted NI Availto Com Stockholders": NaN,
        "Net Income Common Stockholders": NaN,
        "Net Income": NaN,
        "Net Income Including Noncontrolling Interests": NaN,
        "Net Income Continuous Operations": NaN,
        "Tax Provision": NaN,
        "Pretax Income": NaN,
        "Other Income Expense": NaN,
        "Special Income Charges": NaN,
        "Restructuring And Mergern Acquisition": NaN,
        "Gain On Sale Of Security": NaN,
        "Net Non Operating Interest Income Expense": NaN,
        "Interest Expense Non Operating": 0.0,
        "Interest Income Non Operating": NaN,
        "Operating Income": NaN,
        "Operating Expense": NaN,
        "Research And Development": NaN,
        "Selling General And Administration": NaN,
        "Selling And Marketing Expense": NaN,
        "General And Administrative Expense": NaN,
        "Other Gand A": NaN,
        "Gross Profit": NaN,
        "Cost Of Revenue": NaN,
        "Total Revenue": NaN,
        "Operating Revenue": NaN
    },
    "2022-09-30": {
        "Tax Effect Of Unusual Items": NaN,
        "Tax Rate For Calcs": NaN,
        "Normalized EBITDA": NaN,
        "Total Unusual Items": NaN,
        "Total Unusual Items Excluding Goodwill": NaN,
        "Net Income From Continuing Operation Net Minority Interest": NaN,
        "Reconciled Depreciation": NaN,
        "Reconciled Cost Of Revenue": NaN,
        "EBITDA": NaN,
        "EBIT": NaN,
        "Net Interest Income": NaN,
        "Interest Expense": 0.0,
        "Interest Income": NaN,
        "Normalized Income": NaN,
        "Net Income From Continuing And Discontinued Operation": NaN,
        "Total Expenses": NaN,
        "Total Operating Income As Reported": NaN,
        "Diluted Average Shares": NaN,
        "Basic Average Shares": NaN,
        "Diluted EPS": NaN,
        "Basic EPS": NaN,
        "Diluted NI Availto Com Stockholders": NaN,
        "Net Income Common Stockholders": NaN,
        "Net Income": NaN,
        "Net Income Including Noncontrolling Interests": NaN,
        "Net Income Continuous Operations": NaN,
        "Tax Provision": NaN,
        "Pretax Income": NaN,
        "Other Income Expense": NaN,
        "Special Income Charges": NaN,
        "Restructuring And Mergern Acquisition": NaN,
        "Gain On Sale Of Security": -266000.0,
        "Net Non Operating Interest Income Expense": NaN,
        "Interest Expense Non Operating": 0.0,
        "Interest Income Non Operating": NaN,
        "Operating Income": NaN,
        "Operating Expense": NaN,
        "Research And Development": NaN,
        "Selling General And Administration": NaN,
        "Selling And Marketing Expense": NaN,
        "General And Administrative Expense": NaN,
        "Other Gand A": NaN,
        "Gross Profit": NaN,
        "Cost Of Revenue": NaN,
        "Total Revenue": NaN,
        "Operating Revenue": NaN
    },
    "2022-06-30": {
        "Tax Effect Of Unusual Items": -1286198.630137,
        "Tax Rate For Calcs": 0.366438,
        "Normalized EBITDA": 9058000.0,
        "Total Unusual Items": -3510000.0,
        "Total Unusual Items Excluding Goodwill": -3510000.0,
        "Net Income From Continuing Operation Net Minority Interest": 3515000.0,
        "Reconciled Depreciation": 2444000.0,
        "Reconciled Cost Of Revenue": 14298000.0,
        "EBITDA": 5548000.0,
        "EBIT": 5548000.0,
        "Net Interest Income": 167000.0,
        "Interest Expense": 0.0,
        "Interest Income": 167000.0,
        "Normalized Income": 5738801.369863,
        "Net Income From Continuing And Discontinued Operation": 3515000.0,
        "Total Expenses": 33217000.0,
        "Total Operating Income As Reported": 5784000.0,
        "Diluted Average Shares": 22129000.0,
        "Basic Average Shares": 21958000.0,
        "Diluted EPS": 0.16,
        "Basic EPS": 0.16,
        "Diluted NI Availto Com Stockholders": 3515000.0,
        "Net Income Common Stockholders": 3515000.0,
        "Net Income": 3515000.0,
        "Net Income Including Noncontrolling Interests": 3515000.0,
        "Net Income Continuous Operations": 3515000.0,
        "Tax Provision": 2033000.0,
        "Pretax Income": 5548000.0,
        "Other Income Expense": -3510000.0,
        "Other Non Operating Income Expenses": NaN,
        "Special Income Charges": -3107000.0,
        "Restructuring And Mergern Acquisition": 3107000.0,
        "Gain On Sale Of Security": -403000.0,
        "Net Non Operating Interest Income Expense": 167000.0,
        "Interest Expense Non Operating": 0.0,
        "Interest Income Non Operating": 167000.0,
        "Operating Income": 8891000.0,
        "Operating Expense": 18919000.0,
        "Research And Development": 3346000.0,
        "Selling General And Administration": 15573000.0,
        "Selling And Marketing Expense": 8242000.0,
        "General And Administrative Expense": 7331000.0,
        "Other Gand A": 7331000.0,
        "Gross Profit": 27810000.0,
        "Cost Of Revenue": 14298000.0,
        "Total Revenue": 42108000.0,
        "Operating Revenue": 42108000.0
    },
    "2023-06-30": {
        "Tax Effect Of Unusual Items": NaN,
        "Tax Rate For Calcs": NaN,
        "Normalized EBITDA": NaN,
        "Total Unusual Items": NaN,
        "Total Unusual Items Excluding Goodwill": NaN,
        "Net Income From Continuing Operation Net Minority Interest": NaN,
        "Reconciled Depreciation": NaN,
        "Reconciled Cost Of Revenue": NaN,
        "EBITDA": NaN,
        "EBIT": NaN,
        "Net Interest Income": NaN,
        "Interest Income": NaN,
        "Normalized Income": NaN,
        "Net Income From Continuing And Discontinued Operation": NaN,
        "Total Expenses": NaN,
        "Total Operating Income As Reported": NaN,
        "Diluted Average Shares": NaN,
        "Basic Average Shares": NaN,
        "Diluted EPS": NaN,
        "Basic EPS": NaN,
        "Diluted NI Availto Com Stockholders": NaN,
        "Net Income Common Stockholders": NaN,
        "Net Income": NaN,
        "Net Income Including Noncontrolling Interests": NaN,
        "Net Income Continuous Operations": NaN,
        "Tax Provision": NaN,
        "Pretax Income": NaN,
        "Other Income Expense": NaN,
        "Special Income Charges": NaN,
        "Restructuring And Mergern Acquisition": NaN,
        "Gain On Sale Of Security": 185000.0,
        "Net Non Operating Interest Income Expense": NaN,
        "Interest Income Non Operating": NaN,
        "Operating Income": NaN,
        "Operating Expense": NaN,
        "Research And Development": NaN,
        "Selling General And Administration": NaN,
        "Selling And Marketing Expense": NaN,
        "General And Administrative Expense": NaN,
        "Other Gand A": NaN,
        "Gross Profit": NaN,
        "Cost Of Revenue": NaN,
        "Total Revenue": NaN,
        "Operating Revenue": NaN
    },
    "2022-03-31": {
        "Diluted EPS": 0.27,
        "Total Revenue": 40,
        "Gross Profit": 26,
        "Operating Income": 8,
        "EBIT": 10,
        "Net Income": 6
    },
    "2021-12-31": {
        "Diluted EPS": 0.27,
        "Total Revenue": 40,
        "Gross Profit": 26,
        "Operating Income": 8,
        "EBIT": 11,
        "Net Income": 6
    },
    "2021-09-30": {
        "Diluted EPS": 0.3,
        "Total Revenue": 38,
        "Gross Profit": 25,
        "Operating Income": 9,
        "EBIT": 12,
        "Net Income": 7
    },
    "2021-06-30": {
        "Diluted EPS": 0.4,
        "Total Revenue": 41,
        "Gross Profit": 27,
        "Operating Income": 11,
        "EBIT": 14,
        "Net Income": 8
    },
    "2021-03-31": {
        "Diluted EPS": 0.28,
        "Total Revenue": 36,
        "Gross Profit": 24,
        "Operating Income": 8,
        "EBIT": 11,
        "Net Income": 6
    },
    "2020-12-31": {
        "Diluted EPS": 0.34,
        "Total Revenue": 38,
        "Gross Profit": 24,
        "Operating Income": 10,
        "EBIT": 12,
        "Net Income": 7
    },
    "2020-09-30": {
        "Diluted EPS": 0.37,
        "Total Revenue": 36,
        "Gross Profit": 23,
        "Operating Income": 10,
        "EBIT": 13,
        "Net Income": 8
    },
    "2020-06-30": {
        "Diluted EPS": 0.17,
        "Total Revenue": 25,
        "Gross Profit": 17,
        "Operating Income": 5,
        "EBIT": 7,
        "Net Income": 4
    },
    "2020-03-31": {
        "Diluted EPS": 0.16,
        "Total Revenue": 31,
        "Gross Profit": 20,
        "Operating Income": 4,
        "EBIT": 6,
        "Net Income": 3
    },
    "2019-12-31": {
        "Diluted EPS": 0.23,
        "Total Revenue": 30,
        "Gross Profit": 20,
        "Operating Income": 5,
        "EBIT": 6,
        "Net Income": 5
    },
    "2019-09-30": {
        "Diluted EPS": 0.25,
        "Total Revenue": 29,
        "Gross Profit": 20,
        "Operating Income": 6,
        "EBIT": 7,
        "Net Income": 5
    },
    "2019-06-30": {
        "Diluted EPS": 0.23,
        "Total Revenue": 29,
        "Gross Profit": 20,
        "Operating Income": 6,
        "EBIT": 7,
        "Net Income": 5
    },
    "2019-03-31": {
        "Diluted EPS": 0.17,
        "Total Revenue": 28,
        "Gross Profit": 19,
        "Operating Income": 4,
        "EBIT": 6,
        "Net Income": 4
    },
    "2018-12-31": {
        "Diluted EPS": 0.3,
        "Total Revenue": 28,
        "Gross Profit": 19,
        "Operating Income": 7,
        "EBIT": 8,
        "Net Income": 6
    },
    "2018-09-30": {
        "Diluted EPS": 0.21,
        "Total Revenue": 24,
        "Gross Profit": 17,
        "Operating Income": 5,
        "EBIT": 6,
        "Net Income": 4
    },
    "2018-06-30": {
        "Diluted EPS": 0.43,
        "Total Revenue": 27,
        "Gross Profit": 19,
        "Operating Income": 12,
        "EBIT": 13,
        "Net Income": 9
    },
    "2018-03-31": {
        "Diluted EPS": 0.19,
        "Total Revenue": 26,
        "Gross Profit": 18,
        "Operating Income": 5,
        "EBIT": 6,
        "Net Income": 4
    },
    "2017-12-31": {
        "Diluted EPS": 0.22,
        "Total Revenue": 26,
        "Gross Profit": 18,
        "Operating Income": 6,
        "EBIT": 7,
        "Net Income": 4
    },
    "2017-09-30": {
        "Diluted EPS": 0.25,
        "Total Revenue": 25,
        "Gross Profit": 18,
        "Operating Income": 5,
        "EBIT": 6,
        "Net Income": 5
    },
    "2017-06-30": {
        "Diluted EPS": 0.23,
        "Total Revenue": 26,
        "Gross Profit": 18,
        "Operating Income": 6,
        "EBIT": 7,
        "Net Income": 5
    },
    "2017-03-31": {
        "Diluted EPS": 0.16,
        "Total Revenue": 24,
        "Gross Profit": 17,
        "Operating Income": 4,
        "EBIT": 5,
        "Net Income": 3
    },
    "2016-12-31": {
        "Diluted EPS": 0.13,
        "Total Revenue": 23,
        "Gross Profit": 16,
        "Operating Income": 4,
        "EBIT": 5,
        "Net Income": 3
    },
    "2016-09-30": {
        "Diluted EPS": 0.17,
        "Total Revenue": 23,
        "Gross Profit": 17,
        "Operating Income": 5,
        "EBIT": 6,
        "Net Income": 3
    },
    "2016-06-30": {
        "Diluted EPS": 0.14,
        "Total Revenue": 22,
        "Gross Profit": 15,
        "Operating Income": 4,
        "EBIT": 5,
        "Net Income": 3
    },
    "2016-03-31": {
        "Diluted EPS": 0.11,
        "Total Revenue": 20,
        "Gross Profit": 14,
        "Operating Income": 3,
        "EBIT": 4,
        "Net Income": 2
    },
    "2015-12-31": {
        "Diluted EPS": 0.13,
        "Total Revenue": 20,
        "Gross Profit": 14,
        "Operating Income": 3,
        "EBIT": 4,
        "Net Income": 3
    },
    "2015-09-30": {
        "Diluted EPS": 0.11,
        "Total Revenue": 19,
        "Gross Profit": 14,
        "Operating Income": 3,
        "EBIT": 4,
        "Net Income": 2
    },
    "2015-06-30": {
        "Diluted EPS": 0.1,
        "Total Revenue": 20,
        "Gross Profit": 13,
        "Operating Income": 3,
        "EBIT": 4,
        "Net Income": 2
    },
    "2015-03-31": {
        "Diluted EPS": 0.08,
        "Total Revenue": 19,
        "Gross Profit": 13,
        "Operating Income": 2,
        "EBIT": 3,
        "Net Income": 1
    },
    "2014-12-31": {
        "Diluted EPS": 0.11,
        "Total Revenue": 19,
        "Gross Profit": 13,
        "Operating Income": 3,
        "EBIT": 4,
        "Net Income": 2
    },
    "2014-09-30": {
        "Diluted EPS": 0.05,
        "Total Revenue": 18,
        "Gross Profit": 12,
        "Operating Income": 2,
        "EBIT": 3,
        "Net Income": 1
    },
    "2014-06-30": {
        "Diluted EPS": 0.08,
        "Total Revenue": 18,
        "Gross Profit": 12,
        "Operating Income": 2,
        "EBIT": 3,
        "Net Income": 1
    },
    "2014-03-31": {
        "Diluted EPS": -0.01,
        "Total Revenue": 17,
        "Gross Profit": 11,
        "Operating Income": 0,
        "EBIT": 1,
        "Net Income": 0
    },
    "2013-12-31": {
        "Diluted EPS": 0.04,
        "Total Revenue": 18,
        "Gross Profit": 12,
        "Operating Income": 1,
        "EBIT": 2,
        "Net Income": 1
    },
    "2013-09-30": {
        "Diluted EPS": 0.05,
        "Total Revenue": 15,
        "Gross Profit": 11,
        "Operating Income": 1,
        "EBIT": 1,
        "Net Income": 1
    },
    "2013-06-30": {
        "Diluted EPS": 0.06,
        "Total Revenue": 16,
        "Gross Profit": 11,
        "Operating Income": 1,
        "EBIT": 2,
        "Net Income": 1
    },
    "2013-03-31": {
        "Diluted EPS": 0.05,
        "Total Revenue": 15,
        "Gross Profit": 11,
        "Operating Income": 1,
        "EBIT": 2,
        "Net Income": 1
    },
    "2012-12-31": {
        "Diluted EPS": 0.05,
        "Total Revenue": 15,
        "Gross Profit": 10,
        "Operating Income": 1,
        "EBIT": 2,
        "Net Income": 1
    },
    "2012-09-30": {
        "Diluted EPS": 0.04,
        "Total Revenue": 14,
        "Gross Profit": 10,
        "Operating Income": 1,
        "EBIT": 2,
        "Net Income": 1
    },
    "2012-06-30": {
        "Diluted EPS": 0.05,
        "Total Revenue": 14,
        "Gross Profit": 11,
        "Operating Income": 1,
        "EBIT": 2,
        "Net Income": 1
    },
    "2012-03-31": {
        "Diluted EPS": 0.02,
        "Total Revenue": 14,
        "Gross Profit": 10,
        "Operating Income": 1,
        "EBIT": 1,
        "Net Income": 0
    },
    "2011-12-31": {
        "Diluted EPS": 0.02,
        "Total Revenue": 13,
        "Gross Profit": 10,
        "Operating Income": 1,
        "EBIT": 1,
        "Net Income": 0
    },
    "2011-09-30": {
        "Diluted EPS": 0.08,
        "Total Revenue": 15,
        "Gross Profit": 10,
        "Operating Income": 2,
        "EBIT": 3,
        "Net Income": 1
    },
    "2011-06-30": {
        "Diluted EPS": 0.03,
        "Total Revenue": 15,
        "Gross Profit": 10,
        "Operating Income": 1,
        "EBIT": 1,
        "Net Income": 1
    },
    "2011-03-31": {
        "Diluted EPS": 0.0,
        "Total Revenue": 15,
        "Gross Profit": 10,
        "Operating Income": 0,
        "EBIT": 0,
        "Net Income": 0
    },
    "2010-12-31": {
        "Diluted EPS": 0.13,
        "Total Revenue": 14,
        "Gross Profit": 10,
        "Operating Income": -1,
        "EBIT": -1,
        "Net Income": 2
    },
    "2010-09-30": {
        "Diluted EPS": 0.09,
        "Total Revenue": 14,
        "Gross Profit": 10,
        "Operating Income": 2,
        "EBIT": 2,
        "Net Income": 2
    },
    "2010-06-30": {
        "Diluted EPS": 0.09,
        "Total Revenue": 14,
        "Gross Profit": 11,
        "Operating Income": 2,
        "EBIT": 2,
        "Net Income": 2
    },
    "2010-03-31": {
        "Diluted EPS": 0.06,
        "Total Revenue": 14,
        "Gross Profit": 10,
        "Operating Income": 1,
        "EBIT": 2,
        "Net Income": 1
    },
    "2009-12-31": {
        "Diluted EPS": 0.08,
        "Total Revenue": 14,
        "Gross Profit": 10,
        "Operating Income": 1,
        "EBIT": 2,
        "Net Income": 1
    },
    "2009-09-30": {
        "Diluted EPS": 0.08,
        "Total Revenue": 13,
        "Gross Profit": 10,
        "Operating Income": 1,
        "EBIT": 2,
        "Net Income": 1
    },
    "2009-06-30": {
        "Diluted EPS": 0.06,
        "Total Revenue": 13,
        "Gross Profit": 9,
        "Operating Income": 1,
        "EBIT": 1,
        "Net Income": 1
    },
    "2009-03-31": {
        "Diluted EPS": -0.12,
        "Total Revenue": 11,
        "Gross Profit": 8,
        "Operating Income": -2,
        "EBIT": -1,
        "Net Income": -2
    },
    "2023-09-30": {
        "Tax Effect Of Unusual Items": NaN,
        "Tax Rate For Calcs": NaN,
        "Normalized EBITDA": NaN,
        "Total Unusual Items": NaN,
        "Total Unusual Items Excluding Goodwill": NaN,
        "Net Income From Continuing Operation Net Minority Interest": NaN,
        "Reconciled Depreciation": NaN,
        "Reconciled Cost Of Revenue": NaN,
        "EBITDA": NaN,
        "EBIT": NaN,
        "Net Interest Income": NaN,
        "Interest Expense": NaN,
        "Interest Income": NaN,
        "Normalized Income": NaN,
        "Net Income From Continuing And Discontinued Operation": NaN,
        "Total Expenses": NaN,
        "Total Operating Income As Reported": NaN,
        "Diluted Average Shares": NaN,
        "Basic Average Shares": NaN,
        "Diluted EPS": NaN,
        "Basic EPS": NaN,
        "Diluted NI Availto Com Stockholders": NaN,
        "Net Income Common Stockholders": NaN,
        "Net Income": NaN,
        "Net Income Including Noncontrolling Interests": NaN,
        "Net Income Continuous Operations": NaN,
        "Tax Provision": NaN,
        "Pretax Income": NaN,
        "Other Income Expense": NaN,
        "Other Non Operating Income Expenses": NaN,
        "Special Income Charges": NaN,
        "Restructuring And Mergern Acquisition": NaN,
        "Gain On Sale Of Security": -189000.0,
        "Net Non Operating Interest Income Expense": NaN,
        "Interest Expense Non Operating": NaN,
        "Interest Income Non Operating": NaN,
        "Operating Income": NaN,
        "Operating Expense": NaN,
        "Research And Development": NaN,
        "Selling General And Administration": NaN,
        "Selling And Marketing Expense": NaN,
        "General And Administrative Expense": NaN,
        "Other Gand A": NaN,
        "Gross Profit": NaN,
        "Cost Of Revenue": NaN,
        "Total Revenue": NaN,
        "Operating Revenue": NaN
    },
    "2023-12-31": {
        "Tax Effect Of Unusual Items": NaN,
        "Tax Rate For Calcs": NaN,
        "Normalized EBITDA": NaN,
        "Total Unusual Items": 429000.0,
        "Total Unusual Items Excluding Goodwill": 429000.0,
        "Net Income From Continuing Operation Net Minority Interest": NaN,
        "Reconciled Depreciation": NaN,
        "Reconciled Cost Of Revenue": NaN,
        "EBITDA": NaN,
        "EBIT": NaN,
        "Net Interest Income": NaN,
        "Interest Expense": NaN,
        "Interest Income": NaN,
        "Normalized Income": NaN,
        "Net Income From Continuing And Discontinued Operation": NaN,
        "Total Expenses": NaN,
        "Total Operating Income As Reported": NaN,
        "Diluted Average Shares": NaN,
        "Basic Average Shares": NaN,
        "Diluted EPS": NaN,
        "Basic EPS": NaN,
        "Diluted NI Availto Com Stockholders": NaN,
        "Net Income Common Stockholders": NaN,
        "Net Income": NaN,
        "Net Income Including Noncontrolling Interests": NaN,
        "Net Income Continuous Operations": NaN,
        "Tax Provision": NaN,
        "Pretax Income": NaN,
        "Other Income Expense": NaN,
        "Other Non Operating Income Expenses": NaN,
        "Special Income Charges": 0.0,
        "Restructuring And Mergern Acquisition": 0.0,
        "Gain On Sale Of Security": NaN,
        "Net Non Operating Interest Income Expense": NaN,
        "Interest Expense Non Operating": NaN,
        "Interest Income Non Operating": NaN,
        "Operating Income": NaN,
        "Operating Expense": NaN,
        "Research And Development": NaN,
        "Selling General And Administration": NaN,
        "Selling And Marketing Expense": NaN,
        "General And Administrative Expense": NaN,
        "Other Gand A": NaN,
        "Gross Profit": NaN,
        "Cost Of Revenue": NaN,
        "Total Revenue": NaN,
        "Operating Revenue": NaN
    },
    "2024-03-31": {
        "Tax Effect Of Unusual Items": NaN,
        "Tax Rate For Calcs": NaN,
        "Normalized EBITDA": NaN,
        "Total Unusual Items": -78000.0,
        "Total Unusual Items Excluding Goodwill": -78000.0,
        "Net Income From Continuing Operation Net Minority Interest": NaN,
        "Reconciled Depreciation": NaN,
        "Reconciled Cost Of Revenue": NaN,
        "EBITDA": NaN,
        "EBIT": NaN,
        "Net Interest Income": NaN,
        "Interest Expense": 0.0,
        "Interest Income": NaN,
        "Normalized Income": NaN,
        "Net Income From Continuing And Discontinued Operation": NaN,
        "Total Expenses": NaN,
        "Total Operating Income As Reported": NaN,
        "Diluted Average Shares": NaN,
        "Basic Average Shares": NaN,
        "Diluted EPS": NaN,
        "Basic EPS": NaN,
        "Diluted NI Availto Com Stockholders": NaN,
        "Net Income Common Stockholders": NaN,
        "Net Income": NaN,
        "Net Income Including Noncontrolling Interests": NaN,
        "Net Income Continuous Operations": NaN,
        "Tax Provision": NaN,
        "Pretax Income": NaN,
        "Other Income Expense": NaN,
        "Other Non Operating Income Expenses": -78000.0,
        "Special Income Charges": 0.0,
        "Restructuring And Mergern Acquisition": 0.0,
        "Gain On Sale Of Security": -78000.0,
        "Net Non Operating Interest Income Expense": NaN,
        "Interest Expense Non Operating": 0.0,
        "Interest Income Non Operating": NaN,
        "Operating Income": NaN,
        "Operating Expense": NaN,
        "Research And Development": NaN,
        "Selling General And Administration": NaN,
        "Selling And Marketing Expense": NaN,
        "General And Administrative Expense": NaN,
        "Other Gand A": NaN,
        "Gross Profit": NaN,
        "Cost Of Revenue": NaN,
        "Total Revenue": NaN,
        "Operating Revenue": NaN
    },
    "2024-06-30": {
        "Tax Effect Of Unusual Items": 0.0,
        "Tax Rate For Calcs": 0.237327,
        "Normalized EBITDA": 17890000.0,
        "Total Unusual Items": -11000.0,
        "Total Unusual Items Excluding Goodwill": -11000.0,
        "Net Income From Continuing Operation Net Minority Interest": 11826000.0,
        "Reconciled Depreciation": 2384000.0,
        "Reconciled Cost Of Revenue": 17381000.0,
        "EBITDA": 17890000.0,
        "EBIT": 15506000.0,
        "Net Interest Income": 1137000.0,
        "Interest Expense": 0.0,
        "Interest Income": 1137000.0,
        "Normalized Income": 11826000.0,
        "Net Income From Continuing And Discontinued Operation": 11826000.0,
        "Total Expenses": 41469000.0,
        "Total Operating Income As Reported": 14380000.0,
        "Diluted Average Shares": 22725000.0,
        "Basic Average Shares": 22458000.0,
        "Diluted EPS": 0.52,
        "Basic EPS": 0.53,
        "Diluted NI Availto Com Stockholders": 11826000.0,
        "Net Income Common Stockholders": 11826000.0,
        "Net Income": 11826000.0,
        "Net Income Including Noncontrolling Interests": 11826000.0,
        "Net Income Continuous Operations": 11826000.0,
        "Tax Provision": 3680000.0,
        "Pretax Income": 15506000.0,
        "Other Income Expense": -11000.0,
        "Other Non Operating Income Expenses": -11000.0,
        "Special Income Charges": 0.0,
        "Restructuring And Mergern Acquisition": 0.0,
        "Gain On Sale Of Security": -11000.0,
        "Net Non Operating Interest Income Expense": 1137000.0,
        "Interest Expense Non Operating": 0.0,
        "Interest Income Non Operating": 1137000.0,
        "Operating Income": 14380000.0,
        "Operating Expense": 24088000.0,
        "Research And Development": 4284000.0,
        "Selling General And Administration": 19804000.0,
        "Selling And Marketing Expense": 10984000.0,
        "General And Administrative Expense": 8820000.0,
        "Other Gand A": 8820000.0,
        "Gross Profit": 38468000.0,
        "Cost Of Revenue": 17381000.0,
        "Total Revenue": 55849000.0,
        "Operating Revenue": 55849000.0
    },
    "2024-09-30": {
        "Tax Effect Of Unusual Items": 47268.0,
        "Tax Rate For Calcs": 0.234,
        "Normalized EBITDA": 15372000.0,
        "Total Unusual Items": 202000.0,
        "Total Unusual Items Excluding Goodwill": 202000.0,
        "Net Income From Continuing Operation Net Minority Interest": 11141000.0,
        "Reconciled Depreciation": 2426000.0,
        "Reconciled Cost Of Revenue": 17641000.0,
        "EBITDA": 15574000.0,
        "EBIT": 13148000.0,
        "Net Interest Income": 1201000.0,
        "Interest Expense": NaN,
        "Interest Income": 1201000.0,
        "Normalized Income": 10986268.0,
        "Net Income From Continuing And Discontinued Operation": 11141000.0,
        "Total Expenses": 41671000.0,
        "Total Operating Income As Reported": 13148000.0,
        "Diluted Average Shares": 22836000.0,
        "Basic Average Shares": 22476000.0,
        "Diluted EPS": 0.49,
        "Basic EPS": 0.5,
        "Diluted NI Availto Com Stockholders": 11141000.0,
        "Net Income Common Stockholders": 11141000.0,
        "Net Income": 11141000.0,
        "Net Income Including Noncontrolling Interests": 11141000.0,
        "Net Income Continuous Operations": 11141000.0,
        "Tax Provision": 3410000.0,
        "Pretax Income": 14551000.0,
        "Other Income Expense": 202000.0,
        "Other Non Operating Income Expenses": NaN,
        "Special Income Charges": 0.0,
        "Restructuring And Mergern Acquisition": 0.0,
        "Gain On Sale Of Security": 202000.0,
        "Net Non Operating Interest Income Expense": 1201000.0,
        "Interest Expense Non Operating": NaN,
        "Interest Income Non Operating": 1201000.0,
        "Operating Income": 13148000.0,
        "Operating Expense": 24030000.0,
        "Research And Development": 3656000.0,
        "Selling General And Administration": 20374000.0,
        "Selling And Marketing Expense": 11441000.0,
        "General And Administrative Expense": 8933000.0,
        "Other Gand A": 8933000.0,
        "Gross Profit": 37178000.0,
        "Cost Of Revenue": 17641000.0,
        "Total Revenue": 54819000.0,
        "Operating Revenue": 54819000.0
    },
    "2024-12-31": {
        "Tax Effect Of Unusual Items": -22864.346338,
        "Tax Rate For Calcs": 0.202339,
        "Normalized EBITDA": 20269000.0,
        "Total Unusual Items": -113000.0,
        "Total Unusual Items Excluding Goodwill": -113000.0,
        "Net Income From Continuing Operation Net Minority Interest": 11184000.0,
        "Reconciled Depreciation": 2478000.0,
        "Reconciled Cost Of Revenue": 17127000.0,
        "EBITDA": 20156000.0,
        "EBIT": 17678000.0,
        "Net Interest Income": 1405000.0,
        "Interest Expense": NaN,
        "Interest Income": 1610000.0,
        "Normalized Income": 11274135.653662,
        "Net Income From Continuing And Discontinued Operation": 11184000.0,
        "Total Expenses": 42863000.0,
        "Total Operating Income As Reported": 12854000.0,
        "Diluted Average Shares": 22902000.0,
        "Basic Average Shares": 22506000.0,
        "Diluted EPS": 0.49,
        "Basic EPS": 0.5,
        "Diluted NI Availto Com Stockholders": 11184000.0,
        "Net Income Common Stockholders": 11184000.0,
        "Net Income": 11184000.0,
        "Net Income Including Noncontrolling Interests": 11184000.0,
        "Net Income Continuous Operations": 11184000.0,
        "Tax Provision": 2837000.0,
        "Pretax Income": 14021000.0,
        "Other Income Expense": -238000.0,
        "Other Non Operating Income Expenses": NaN,
        "Special Income Charges": 0.0,
        "Restructuring And Mergern Acquisition": 0.0,
        "Gain On Sale Of Security": NaN,
        "Net Non Operating Interest Income Expense": 1405000.0,
        "Interest Expense Non Operating": NaN,
        "Interest Income Non Operating": 1610000.0,
        "Operating Income": 12854000.0,
        "Operating Expense": 25736000.0,
        "Research And Development": 3618000.0,
        "Selling General And Administration": 22118000.0,
        "Selling And Marketing Expense": 12626000.0,
        "General And Administrative Expense": 9492000.0,
        "Other Gand A": 9492000.0,
        "Gross Profit": 38590000.0,
        "Cost Of Revenue": 17127000.0,
        "Total Revenue": 55717000.0,
        "Operating Revenue": 55717000.0
    },
    "2025-03-31": {
        "Tax Effect Of Unusual Items": 0.0,
        "Tax Rate For Calcs": 0.227,
        "Normalized EBITDA": 18083000.0,
        "Total Unusual Items": NaN,
        "Total Unusual Items Excluding Goodwill": NaN,
        "Net Income From Continuing Operation Net Minority Interest": 11011000.0,
        "Reconciled Depreciation": 2552000.0,
        "Reconciled Cost Of Revenue": 18451000.0,
        "EBITDA": 18083000.0,
        "EBIT": 15531000.0,
        "Net Interest Income": 1613000.0,
        "Interest Expense": 1290000.0,
        "Interest Income": 2903000.0,
        "Normalized Income": 11011000.0,
        "Net Income From Continuing And Discontinued Operation": 11011000.0,
        "Total Expenses": 47245000.0,
        "Total Operating Income As Reported": 12626000.0,
        "Diluted Average Shares": 22899000.0,
        "Basic Average Shares": 22570000.0,
        "Diluted EPS": 0.48,
        "Basic EPS": 0.49,
        "Diluted NI Availto Com Stockholders": 11011000.0,
        "Net Income Common Stockholders": 11011000.0,
        "Net Income": 11011000.0,
        "Net Income Including Noncontrolling Interests": 11011000.0,
        "Net Income Continuous Operations": 11011000.0,
        "Tax Provision": 3230000.0,
        "Pretax Income": 14241000.0,
        "Other Income Expense": 2000.0,
        "Other Non Operating Income Expenses": 2000.0,
        "Special Income Charges": NaN,
        "Restructuring And Mergern Acquisition": NaN,
        "Gain On Sale Of Security": NaN,
        "Net Non Operating Interest Income Expense": 1613000.0,
        "Interest Expense Non Operating": 1290000.0,
        "Interest Income Non Operating": 2903000.0,
        "Operating Income": 12626000.0,
        "Operating Expense": 28794000.0,
        "Research And Development": 4095000.0,
        "Selling General And Administration": 24699000.0,
        "Selling And Marketing Expense": 14212000.0,
        "General And Administrative Expense": 10487000.0,
        "Other Gand A": 10487000.0,
        "Gross Profit": 41420000.0,
        "Cost Of Revenue": 18451000.0,
        "Total Revenue": 59871000.0,
        "Operating Revenue": 59871000.0
    },
    "2025-06-30": {
        "Tax Effect Of Unusual Items": 0.0,
        "Tax Rate For Calcs": 0.237465,
        "Normalized EBITDA": 22017000.0,
        "Total Unusual Items": NaN,
        "Total Unusual Items Excluding Goodwill": NaN,
        "Net Income From Continuing Operation Net Minority Interest": 13779000.0,
        "Reconciled Depreciation": 2648000.0,
        "Reconciled Cost Of Revenue": 19258000.0,
        "EBITDA": 22017000.0,
        "EBIT": 19369000.0,
        "Net Interest Income": 1681000.0,
        "Interest Expense": 1299000.0,
        "Interest Income": 2980000.0,
        "Normalized Income": 13779000.0,
        "Net Income From Continuing And Discontinued Operation": 13779000.0,
        "Total Expenses": 48090000.0,
        "Total Operating Income As Reported": 16142000.0,
        "Diluted Average Shares": 22892000.0,
        "Basic Average Shares": 22614000.0,
        "Diluted EPS": 0.6,
        "Basic EPS": 0.61,
        "Diluted NI Availto Com Stockholders": 13779000.0,
        "Net Income Common Stockholders": 13779000.0,
        "Net Income": 13779000.0,
        "Net Income Including Noncontrolling Interests": 13779000.0,
        "Net Income Continuous Operations": 13779000.0,
        "Tax Provision": 4291000.0,
        "Pretax Income": 18070000.0,
        "Other Income Expense": 247000.0,
        "Other Non Operating Income Expenses": 247000.0,
        "Special Income Charges": NaN,
        "Restructuring And Mergern Acquisition": NaN,
        "Gain On Sale Of Security": NaN,
        "Net Non Operating Interest Income Expense": 1681000.0,
        "Interest Expense Non Operating": 1299000.0,
        "Interest Income Non Operating": 2980000.0,
        "Operating Income": 16142000.0,
        "Operating Expense": 28832000.0,
        "Research And Development": 3541000.0,
        "Selling General And Administration": 25291000.0,
        "Selling And Marketing Expense": 14895000.0,
        "General And Administrative Expense": 10396000.0,
        "Other Gand A": 10396000.0,
        "Gross Profit": 44974000.0,
        "Cost Of Revenue": 19258000.0,
        "Total Revenue": 64232000.0,
        "Operating Revenue": 64232000.0
    }
}