{
    "2023-03-31": {
        "Tax Effect Of Unusual Items": NaN,
        "Tax Rate For Calcs": NaN,
        "Normalized EBITDA": NaN,
        "Total Unusual Items": NaN,
        "Total Unusual Items Excluding Goodwill": NaN,
        "Net Income From Continuing Operation Net Minority Interest": NaN,
        "Reconciled Depreciation": NaN,
        "Reconciled Cost Of Revenue": NaN,
        "EBITDA": NaN,
        "EBIT": NaN,
        "Net Interest Income": NaN,
        "Interest Expense": NaN,
        "Interest Income": NaN,
        "Normalized Income": NaN,
        "Net Income From Continuing And Discontinued Operation": NaN,
        "Total Expenses": NaN,
        "Total Operating Income As Reported": NaN,
        "Diluted Average Shares": 11040063.0,
        "Basic Average Shares": 10475364.0,
        "Diluted EPS": 0.27,
        "Basic EPS": 0.29,
        "Diluted NI Availto Com Stockholders": NaN,
        "Net Income Common Stockholders": NaN,
        "Net Income": NaN,
        "Net Income Including Noncontrolling Interests": NaN,
        "Net Income Continuous Operations": NaN,
        "Tax Provision": NaN,
        "Pretax Income": NaN,
        "Other Income Expense": NaN,
        "Special Income Charges": NaN,
        "Gain On Sale Of Ppe": NaN,
        "Other Special Charges": NaN,
        "Restructuring And Mergern Acquisition": NaN,
        "Gain On Sale Of Security": NaN,
        "Net Non Operating Interest Income Expense": NaN,
        "Interest Expense Non Operating": NaN,
        "Interest Income Non Operating": NaN,
        "Operating Income": NaN,
        "Operating Expense": NaN,
        "Depreciation Amortization Depletion Income Statement": NaN,
        "Depreciation And Amortization In Income Statement": NaN,
        "Amortization": NaN,
        "Amortization Of Intangibles Income Statement": NaN,
        "Selling General And Administration": NaN,
        "Gross Profit": NaN,
        "Cost Of Revenue": NaN,
        "Total Revenue": NaN,
        "Operating Revenue": NaN
    },
    "2022-12-31": {
        "Tax Effect Of Unusual Items": NaN,
        "Tax Rate For Calcs": NaN,
        "Normalized EBITDA": NaN,
        "Total Unusual Items": NaN,
        "Total Unusual Items Excluding Goodwill": NaN,
        "Net Income From Continuing Operation Net Minority Interest": NaN,
        "Reconciled Depreciation": NaN,
        "Reconciled Cost Of Revenue": NaN,
        "EBITDA": NaN,
        "EBIT": NaN,
        "Net Interest Income": NaN,
        "Interest Expense": NaN,
        "Interest Income": NaN,
        "Normalized Income": NaN,
        "Net Income From Continuing And Discontinued Operation": NaN,
        "Total Expenses": NaN,
        "Total Operating Income As Reported": NaN,
        "Diluted Average Shares": NaN,
        "Basic Average Shares": NaN,
        "Diluted EPS": NaN,
        "Basic EPS": NaN,
        "Diluted NI Availto Com Stockholders": NaN,
        "Net Income Common Stockholders": NaN,
        "Net Income": NaN,
        "Net Income Including Noncontrolling Interests": NaN,
        "Net Income Continuous Operations": NaN,
        "Tax Provision": NaN,
        "Pretax Income": NaN,
        "Other Income Expense": NaN,
        "Special Income Charges": NaN,
        "Gain On Sale Of Ppe": NaN,
        "Other Special Charges": 0.0,
        "Restructuring And Mergern Acquisition": NaN,
        "Gain On Sale Of Security": NaN,
        "Net Non Operating Interest Income Expense": NaN,
        "Interest Expense Non Operating": NaN,
        "Interest Income Non Operating": NaN,
        "Operating Income": NaN,
        "Operating Expense": NaN,
        "Depreciation Amortization Depletion Income Statement": NaN,
        "Depreciation And Amortization In Income Statement": NaN,
        "Amortization": NaN,
        "Amortization Of Intangibles Income Statement": NaN,
        "Selling General And Administration": NaN,
        "Gross Profit": NaN,
        "Cost Of Revenue": NaN,
        "Total Revenue": NaN,
        "Operating Revenue": NaN
    },
    "2022-09-30": {
        "Tax Effect Of Unusual Items": 19344.0,
        "Tax Rate For Calcs": 0.312,
        "Normalized EBITDA": 7805000.0,
        "Total Unusual Items": 62000.0,
        "Total Unusual Items Excluding Goodwill": 62000.0,
        "Net Income From Continuing Operation Net Minority Interest": 3641000.0,
        "Reconciled Depreciation": 2025000.0,
        "Reconciled Cost Of Revenue": 95864000.0,
        "EBITDA": 7867000.0,
        "EBIT": 5842000.0,
        "Net Interest Income": -547000.0,
        "Interest Expense": 547000.0,
        "Interest Income": NaN,
        "Normalized Income": 3598344.0,
        "Net Income From Continuing And Discontinued Operation": 3641000.0,
        "Total Expenses": 116577000.0,
        "Total Operating Income As Reported": 5394000.0,
        "Diluted Average Shares": 10690434.0,
        "Basic Average Shares": 10444987.0,
        "Diluted EPS": 0.34,
        "Basic EPS": 0.35,
        "Diluted NI Availto Com Stockholders": 3641000.0,
        "Net Income Common Stockholders": 3641000.0,
        "Net Income": 3641000.0,
        "Net Income Including Noncontrolling Interests": 3641000.0,
        "Net Income Continuous Operations": 3641000.0,
        "Tax Provision": 1654000.0,
        "Pretax Income": 5295000.0,
        "Other Income Expense": 62000.0,
        "Special Income Charges": -236000.0,
        "Gain On Sale Of Ppe": 150000.0,
        "Other Special Charges": NaN,
        "Restructuring And Mergern Acquisition": 386000.0,
        "Gain On Sale Of Security": 298000.0,
        "Net Non Operating Interest Income Expense": -547000.0,
        "Interest Expense Non Operating": 547000.0,
        "Interest Income Non Operating": NaN,
        "Operating Income": 5780000.0,
        "Operating Expense": 19074000.0,
        "Depreciation Amortization Depletion Income Statement": 386000.0,
        "Depreciation And Amortization In Income Statement": 386000.0,
        "Amortization": 386000.0,
        "Amortization Of Intangibles Income Statement": 386000.0,
        "Selling General And Administration": 18688000.0,
        "Gross Profit": 24854000.0,
        "Cost Of Revenue": 97503000.0,
        "Total Revenue": 122357000.0,
        "Operating Revenue": 122357000.0
    },
    "2022-06-30": {
        "Tax Effect Of Unusual Items": -139750.0,
        "Tax Rate For Calcs": 0.215,
        "Normalized EBITDA": 4317000.0,
        "Total Unusual Items": -650000.0,
        "Total Unusual Items Excluding Goodwill": -650000.0,
        "Net Income From Continuing Operation Net Minority Interest": 866000.0,
        "Reconciled Depreciation": 2086000.0,
        "Reconciled Cost Of Revenue": 93113000.0,
        "EBITDA": 3667000.0,
        "EBIT": 1581000.0,
        "Net Interest Income": -478000.0,
        "Interest Expense": 478000.0,
        "Interest Income": NaN,
        "Normalized Income": 1376250.0,
        "Net Income From Continuing And Discontinued Operation": 866000.0,
        "Total Expenses": 113889000.0,
        "Total Operating Income As Reported": 1466000.0,
        "Diluted Average Shares": 10567304.0,
        "Basic Average Shares": 10423068.0,
        "Diluted EPS": 0.08,
        "Basic EPS": 0.08,
        "Diluted NI Availto Com Stockholders": 866000.0,
        "Net Income Common Stockholders": 866000.0,
        "Net Income": 866000.0,
        "Net Income Including Noncontrolling Interests": 866000.0,
        "Net Income Continuous Operations": 866000.0,
        "Tax Provision": 237000.0,
        "Pretax Income": 1103000.0,
        "Other Income Expense": -650000.0,
        "Special Income Charges": -650000.0,
        "Gain On Sale Of Ppe": 147000.0,
        "Other Special Charges": 32000.0,
        "Restructuring And Mergern Acquisition": 765000.0,
        "Gain On Sale Of Security": NaN,
        "Net Non Operating Interest Income Expense": -478000.0,
        "Interest Expense Non Operating": 478000.0,
        "Interest Income Non Operating": NaN,
        "Operating Income": 2231000.0,
        "Operating Expense": 19089000.0,
        "Depreciation Amortization Depletion Income Statement": 399000.0,
        "Depreciation And Amortization In Income Statement": 399000.0,
        "Amortization": 399000.0,
        "Amortization Of Intangibles Income Statement": 399000.0,
        "Selling General And Administration": 18690000.0,
        "Gross Profit": 21320000.0,
        "Cost Of Revenue": 94800000.0,
        "Total Revenue": 116120000.0,
        "Operating Revenue": 116120000.0
    },
    "2022-03-31": {
        "Diluted EPS": -0.15,
        "Total Revenue": 115,
        "Gross Profit": 18,
        "Operating Income": -1,
        "EBIT": 1,
        "Net Income": -2
    },
    "2021-12-31": {
        "Diluted EPS": 0.46,
        "Total Revenue": 127,
        "Gross Profit": 26,
        "Operating Income": 7,
        "EBIT": 8,
        "Net Income": 4
    },
    "2021-09-30": {
        "Diluted EPS": 0.38,
        "Total Revenue": 129,
        "Gross Profit": 24,
        "Operating Income": 6,
        "EBIT": 7,
        "Net Income": 4
    },
    "2021-06-30": {
        "Diluted EPS": 0.07,
        "Total Revenue": 121,
        "Gross Profit": 19,
        "Operating Income": 1,
        "EBIT": 3,
        "Net Income": 1
    },
    "2021-03-31": {
        "Diluted EPS": -0.25,
        "Total Revenue": 113,
        "Gross Profit": 17,
        "Operating Income": 0,
        "EBIT": 2,
        "Net Income": -2
    },
    "2020-12-31": {
        "Diluted EPS": 0.05,
        "Total Revenue": 130,
        "Gross Profit": 19,
        "Operating Income": 3,
        "EBIT": 5,
        "Net Income": 0
    },
    "2020-09-30": {
        "Diluted EPS": 0.31,
        "Total Revenue": 164,
        "Gross Profit": 24,
        "Operating Income": 7,
        "EBIT": 9,
        "Net Income": 3
    },
    "2020-06-30": {
        "Diluted EPS": 0.37,
        "Total Revenue": 135,
        "Gross Profit": 20,
        "Operating Income": 6,
        "EBIT": 8,
        "Net Income": 3
    },
    "2020-03-31": {
        "Diluted EPS": -0.01,
        "Total Revenue": 139,
        "Gross Profit": 18,
        "Operating Income": 1,
        "EBIT": 3,
        "Net Income": 0
    },
    "2019-12-31": {
        "Diluted EPS": 0.09,
        "Total Revenue": 139,
        "Gross Profit": 16,
        "Operating Income": 3,
        "EBIT": 5,
        "Net Income": 1
    },
    "2019-09-30": {
        "Diluted EPS": -0.39,
        "Total Revenue": 148,
        "Gross Profit": 18,
        "Operating Income": 2,
        "EBIT": 3,
        "Net Income": -3
    },
    "2019-06-30": {
        "Diluted EPS": -0.17,
        "Total Revenue": 133,
        "Gross Profit": 18,
        "Operating Income": 0,
        "EBIT": 2,
        "Net Income": -1
    },
    "2019-03-31": {
        "Diluted EPS": 0.24,
        "Total Revenue": 134,
        "Gross Profit": 20,
        "Operating Income": 3,
        "EBIT": 5,
        "Net Income": 2
    },
    "2018-12-31": {
        "Diluted EPS": 0.45,
        "Total Revenue": 151,
        "Gross Profit": 20,
        "Operating Income": 5,
        "EBIT": 7,
        "Net Income": 3
    },
    "2018-09-30": {
        "Diluted EPS": -0.46,
        "Total Revenue": 135,
        "Gross Profit": 11,
        "Operating Income": -3,
        "EBIT": -1,
        "Net Income": -4
    },
    "2018-06-30": {
        "Diluted EPS": 0.09,
        "Total Revenue": 140,
        "Gross Profit": 16,
        "Operating Income": 2,
        "EBIT": 3,
        "Net Income": 1
    },
    "2018-03-31": {
        "Diluted EPS": -0.6,
        "Total Revenue": 121,
        "Gross Profit": 13,
        "Operating Income": -3,
        "EBIT": -1,
        "Net Income": -5
    },
    "2017-12-31": {
        "Diluted EPS": 0.13,
        "Total Revenue": 131,
        "Gross Profit": 21,
        "Operating Income": 5,
        "EBIT": 7,
        "Net Income": 1
    },
    "2017-09-30": {
        "Diluted EPS": -0.12,
        "Total Revenue": 121,
        "Gross Profit": 15,
        "Operating Income": 1,
        "EBIT": 3,
        "Net Income": -1
    },
    "2017-06-30": {
        "Diluted EPS": 0.05,
        "Total Revenue": 118,
        "Gross Profit": 16,
        "Operating Income": 2,
        "EBIT": 4,
        "Net Income": 0
    },
    "2017-03-31": {
        "Diluted EPS": -0.19,
        "Total Revenue": 115,
        "Gross Profit": 14,
        "Operating Income": -2,
        "EBIT": 1,
        "Net Income": -1
    },
    "2016-12-31": {
        "Diluted EPS": 0.13,
        "Total Revenue": 134,
        "Gross Profit": 15,
        "Operating Income": -1,
        "EBIT": 3,
        "Net Income": -3
    },
    "2016-09-30": {
        "Diluted EPS": 0.11,
        "Total Revenue": 119,
        "Gross Profit": 15,
        "Operating Income": 0,
        "EBIT": 3,
        "Net Income": 1
    },
    "2016-06-30": {
        "Diluted EPS": 0.0,
        "Total Revenue": 97,
        "Gross Profit": 13,
        "Operating Income": 3,
        "EBIT": 4,
        "Net Income": 2
    },
    "2016-03-31": {
        "Diluted EPS": 0.0,
        "Total Revenue": 98,
        "Gross Profit": 12,
        "Operating Income": 2,
        "EBIT": 3,
        "Net Income": 1
    },
    "2015-12-31": {
        "Diluted EPS": 0.0,
        "Total Revenue": 248,
        "Gross Profit": 34,
        "Operating Income": 6,
        "EBIT": 6,
        "Net Income": 3
    },
    "2015-09-30": {
        "Diluted EPS": 0.0,
        "Total Revenue": 83,
        "Gross Profit": 12,
        "Operating Income": 2,
        "EBIT": 2,
        "Net Income": 1
    },
    "2015-06-30": {
        "Diluted EPS": -0.04,
        "Total Revenue": NaN,
        "Gross Profit": NaN,
        "Operating Income": 0,
        "EBIT": 0,
        "Net Income": 0
    },
    "2015-03-31": {
        "Diluted EPS": -0.07,
        "Total Revenue": NaN,
        "Gross Profit": NaN,
        "Operating Income": 0,
        "EBIT": 0,
        "Net Income": 0
    },
    "2014-12-31": {
        "Diluted EPS": 0.0,
        "Total Revenue": NaN,
        "Gross Profit": NaN,
        "Operating Income": NaN,
        "EBIT": NaN,
        "Net Income": NaN
    },
    "2014-09-30": {
        "Diluted EPS": -0.05,
        "Total Revenue": NaN,
        "Gross Profit": NaN,
        "Operating Income": 0,
        "EBIT": 0,
        "Net Income": 0
    },
    "2014-06-30": {
        "Diluted EPS": -0.0,
        "Total Revenue": NaN,
        "Gross Profit": NaN,
        "Operating Income": 0,
        "EBIT": 0,
        "Net Income": 0
    },
    "2023-06-30": {
        "Tax Effect Of Unusual Items": NaN,
        "Tax Rate For Calcs": NaN,
        "Normalized EBITDA": NaN,
        "Total Unusual Items": NaN,
        "Total Unusual Items Excluding Goodwill": NaN,
        "Net Income From Continuing Operation Net Minority Interest": NaN,
        "Reconciled Depreciation": NaN,
        "Reconciled Cost Of Revenue": NaN,
        "EBITDA": NaN,
        "EBIT": NaN,
        "Net Interest Income": NaN,
        "Interest Expense": NaN,
        "Interest Income": NaN,
        "Normalized Income": NaN,
        "Net Income From Continuing And Discontinued Operation": NaN,
        "Total Expenses": NaN,
        "Total Operating Income As Reported": NaN,
        "Diluted Average Shares": NaN,
        "Basic Average Shares": NaN,
        "Diluted EPS": NaN,
        "Basic EPS": NaN,
        "Diluted NI Availto Com Stockholders": NaN,
        "Net Income Common Stockholders": NaN,
        "Net Income": NaN,
        "Net Income Including Noncontrolling Interests": NaN,
        "Net Income Continuous Operations": NaN,
        "Tax Provision": NaN,
        "Pretax Income": NaN,
        "Other Income Expense": NaN,
        "Special Income Charges": NaN,
        "Gain On Sale Of Ppe": NaN,
        "Other Special Charges": 311000.0,
        "Restructuring And Mergern Acquisition": NaN,
        "Gain On Sale Of Security": NaN,
        "Net Non Operating Interest Income Expense": NaN,
        "Interest Expense Non Operating": NaN,
        "Interest Income Non Operating": NaN,
        "Operating Income": NaN,
        "Operating Expense": NaN,
        "Depreciation Amortization Depletion Income Statement": NaN,
        "Depreciation And Amortization In Income Statement": NaN,
        "Amortization": NaN,
        "Amortization Of Intangibles Income Statement": NaN,
        "Selling General And Administration": NaN,
        "Gross Profit": NaN,
        "Cost Of Revenue": NaN,
        "Total Revenue": NaN,
        "Operating Revenue": NaN
    },
    "2023-09-30": {
        "Tax Effect Of Unusual Items": NaN,
        "Tax Rate For Calcs": NaN,
        "Normalized EBITDA": NaN,
        "Total Unusual Items": NaN,
        "Total Unusual Items Excluding Goodwill": NaN,
        "Net Income From Continuing Operation Net Minority Interest": NaN,
        "Reconciled Depreciation": NaN,
        "Reconciled Cost Of Revenue": NaN,
        "EBITDA": NaN,
        "EBIT": NaN,
        "Net Interest Income": NaN,
        "Interest Expense": NaN,
        "Interest Income": NaN,
        "Normalized Income": NaN,
        "Net Income From Continuing And Discontinued Operation": NaN,
        "Total Expenses": NaN,
        "Total Operating Income As Reported": NaN,
        "Diluted Average Shares": 11789137.0,
        "Basic Average Shares": 10962622.0,
        "Diluted EPS": 0.61,
        "Basic EPS": 0.66,
        "Diluted NI Availto Com Stockholders": NaN,
        "Net Income Common Stockholders": NaN,
        "Net Income": NaN,
        "Net Income Including Noncontrolling Interests": NaN,
        "Net Income Continuous Operations": NaN,
        "Tax Provision": NaN,
        "Pretax Income": NaN,
        "Other Income Expense": NaN,
        "Special Income Charges": NaN,
        "Gain On Sale Of Ppe": NaN,
        "Other Special Charges": NaN,
        "Restructuring And Mergern Acquisition": NaN,
        "Gain On Sale Of Security": NaN,
        "Net Non Operating Interest Income Expense": NaN,
        "Interest Expense Non Operating": NaN,
        "Interest Income Non Operating": NaN,
        "Operating Income": NaN,
        "Operating Expense": NaN,
        "Depreciation Amortization Depletion Income Statement": NaN,
        "Depreciation And Amortization In Income Statement": NaN,
        "Amortization": NaN,
        "Amortization Of Intangibles Income Statement": NaN,
        "Selling General And Administration": NaN,
        "Gross Profit": NaN,
        "Cost Of Revenue": NaN,
        "Total Revenue": NaN,
        "Operating Revenue": NaN
    },
    "2023-12-31": {
        "Tax Effect Of Unusual Items": NaN,
        "Tax Rate For Calcs": NaN,
        "Normalized EBITDA": NaN,
        "Total Unusual Items": NaN,
        "Total Unusual Items Excluding Goodwill": NaN,
        "Net Income From Continuing Operation Net Minority Interest": NaN,
        "Reconciled Depreciation": NaN,
        "Reconciled Cost Of Revenue": NaN,
        "EBITDA": NaN,
        "EBIT": NaN,
        "Net Interest Income": NaN,
        "Interest Expense": NaN,
        "Interest Income": NaN,
        "Normalized Income": NaN,
        "Net Income From Continuing And Discontinued Operation": NaN,
        "Total Expenses": NaN,
        "Total Operating Income As Reported": NaN,
        "Diluted Average Shares": NaN,
        "Basic Average Shares": NaN,
        "Diluted EPS": NaN,
        "Basic EPS": NaN,
        "Diluted NI Availto Com Stockholders": NaN,
        "Net Income Common Stockholders": NaN,
        "Net Income": NaN,
        "Net Income Including Noncontrolling Interests": NaN,
        "Net Income Continuous Operations": NaN,
        "Tax Provision": NaN,
        "Pretax Income": NaN,
        "Other Income Expense": NaN,
        "Special Income Charges": NaN,
        "Gain On Sale Of Ppe": NaN,
        "Other Special Charges": 0.0,
        "Restructuring And Mergern Acquisition": NaN,
        "Gain On Sale Of Security": NaN,
        "Net Non Operating Interest Income Expense": NaN,
        "Interest Expense Non Operating": NaN,
        "Interest Income Non Operating": NaN,
        "Operating Income": NaN,
        "Operating Expense": NaN,
        "Depreciation Amortization Depletion Income Statement": NaN,
        "Depreciation And Amortization In Income Statement": NaN,
        "Amortization": NaN,
        "Amortization Of Intangibles Income Statement": NaN,
        "Selling General And Administration": NaN,
        "Gross Profit": NaN,
        "Cost Of Revenue": NaN,
        "Total Revenue": NaN,
        "Operating Revenue": NaN
    },
    "2024-03-31": {
        "Tax Effect Of Unusual Items": 3570.0,
        "Tax Rate For Calcs": 0.21,
        "Normalized EBITDA": 10429000.0,
        "Total Unusual Items": 17000.0,
        "Total Unusual Items Excluding Goodwill": 17000.0,
        "Net Income From Continuing Operation Net Minority Interest": 7586000.0,
        "Reconciled Depreciation": 2712000.0,
        "Reconciled Cost Of Revenue": 86233000.0,
        "EBITDA": 10446000.0,
        "EBIT": 7734000.0,
        "Net Interest Income": 87000.0,
        "Interest Expense": 475000.0,
        "Interest Income": 562000.0,
        "Normalized Income": 7572570.0,
        "Net Income From Continuing And Discontinued Operation": 7586000.0,
        "Total Expenses": 111821000.0,
        "Total Operating Income As Reported": 6532000.0,
        "Diluted Average Shares": 11894747.0,
        "Basic Average Shares": 11159849.0,
        "Diluted EPS": 0.64,
        "Basic EPS": 0.68,
        "Diluted NI Availto Com Stockholders": 7586000.0,
        "Net Income Common Stockholders": 7586000.0,
        "Net Income": 7586000.0,
        "Net Income Including Noncontrolling Interests": 7586000.0,
        "Net Income Continuous Operations": 7586000.0,
        "Tax Provision": -327000.0,
        "Pretax Income": 7259000.0,
        "Other Income Expense": 17000.0,
        "Special Income Charges": -132000.0,
        "Gain On Sale Of Ppe": 491000.0,
        "Other Special Charges": NaN,
        "Restructuring And Mergern Acquisition": 623000.0,
        "Gain On Sale Of Security": 149000.0,
        "Net Non Operating Interest Income Expense": 87000.0,
        "Interest Expense Non Operating": 475000.0,
        "Interest Income Non Operating": 562000.0,
        "Operating Income": 7155000.0,
        "Operating Expense": 23933000.0,
        "Depreciation Amortization Depletion Income Statement": 1057000.0,
        "Depreciation And Amortization In Income Statement": 1057000.0,
        "Amortization": 1057000.0,
        "Amortization Of Intangibles Income Statement": 1057000.0,
        "Selling General And Administration": 22876000.0,
        "Gross Profit": 31088000.0,
        "Cost Of Revenue": 87888000.0,
        "Total Revenue": 118976000.0,
        "Operating Revenue": 118976000.0
    },
    "2024-06-30": {
        "Tax Effect Of Unusual Items": -302885.259631,
        "Tax Rate For Calcs": 0.286552,
        "Normalized EBITDA": 12655000.0,
        "Total Unusual Items": -1057000.0,
        "Total Unusual Items Excluding Goodwill": -1057000.0,
        "Net Income From Continuing Operation Net Minority Interest": 5963000.0,
        "Reconciled Depreciation": 2808000.0,
        "Reconciled Cost Of Revenue": 86950000.0,
        "EBITDA": 11598000.0,
        "EBIT": 8790000.0,
        "Net Interest Income": 114000.0,
        "Interest Expense": 432000.0,
        "Interest Income": 546000.0,
        "Normalized Income": 6717114.740369,
        "Net Income From Continuing And Discontinued Operation": 5963000.0,
        "Total Expenses": 112934000.0,
        "Total Operating Income As Reported": 8190000.0,
        "Diluted Average Shares": 11966917.0,
        "Basic Average Shares": 11268465.0,
        "Diluted EPS": 0.5,
        "Basic EPS": 0.53,
        "Diluted NI Availto Com Stockholders": 5963000.0,
        "Net Income Common Stockholders": 5963000.0,
        "Net Income": 5963000.0,
        "Net Income Including Noncontrolling Interests": 5963000.0,
        "Net Income Continuous Operations": 5963000.0,
        "Tax Provision": 2395000.0,
        "Pretax Income": 8358000.0,
        "Other Income Expense": -1057000.0,
        "Special Income Charges": -1045000.0,
        "Gain On Sale Of Ppe": 66000.0,
        "Other Special Charges": NaN,
        "Restructuring And Mergern Acquisition": 1111000.0,
        "Gain On Sale Of Security": -12000.0,
        "Net Non Operating Interest Income Expense": 114000.0,
        "Interest Expense Non Operating": 432000.0,
        "Interest Income Non Operating": 546000.0,
        "Operating Income": 9301000.0,
        "Operating Expense": 24207000.0,
        "Depreciation Amortization Depletion Income Statement": 1031000.0,
        "Depreciation And Amortization In Income Statement": 1031000.0,
        "Amortization": 1031000.0,
        "Amortization Of Intangibles Income Statement": 1031000.0,
        "Selling General And Administration": 23176000.0,
        "Gross Profit": 33508000.0,
        "Cost Of Revenue": 88727000.0,
        "Total Revenue": 122235000.0,
        "Operating Revenue": 122235000.0
    },
    "2024-09-30": {
        "Tax Effect Of Unusual Items": -242736.0,
        "Tax Rate For Calcs": 0.312,
        "Normalized EBITDA": 14865000.0,
        "Total Unusual Items": -778000.0,
        "Total Unusual Items Excluding Goodwill": -778000.0,
        "Net Income From Continuing Operation Net Minority Interest": 7484000.0,
        "Reconciled Depreciation": 2741000.0,
        "Reconciled Cost Of Revenue": 95933000.0,
        "EBITDA": 14087000.0,
        "EBIT": 11346000.0,
        "Net Interest Income": 158000.0,
        "Interest Expense": 468000.0,
        "Interest Income": 626000.0,
        "Normalized Income": 8019264.0,
        "Net Income From Continuing And Discontinued Operation": 7484000.0,
        "Total Expenses": 122422000.0,
        "Total Operating Income As Reported": 10888000.0,
        "Diluted Average Shares": 12027021.0,
        "Basic Average Shares": 11272798.0,
        "Diluted EPS": 0.62,
        "Basic EPS": 0.66,
        "Diluted NI Availto Com Stockholders": 7484000.0,
        "Net Income Common Stockholders": 7484000.0,
        "Net Income": 7484000.0,
        "Net Income Including Noncontrolling Interests": 7484000.0,
        "Net Income Continuous Operations": 7484000.0,
        "Tax Provision": 3394000.0,
        "Pretax Income": 10878000.0,
        "Other Income Expense": -778000.0,
        "Special Income Charges": -511000.0,
        "Gain On Sale Of Ppe": 99000.0,
        "Other Special Charges": NaN,
        "Restructuring And Mergern Acquisition": 610000.0,
        "Gain On Sale Of Security": -267000.0,
        "Net Non Operating Interest Income Expense": 158000.0,
        "Interest Expense Non Operating": 468000.0,
        "Interest Income Non Operating": 626000.0,
        "Operating Income": 11498000.0,
        "Operating Expense": 24616000.0,
        "Depreciation Amortization Depletion Income Statement": 868000.0,
        "Depreciation And Amortization In Income Statement": 868000.0,
        "Amortization": 868000.0,
        "Amortization Of Intangibles Income Statement": 868000.0,
        "Selling General And Administration": 23748000.0,
        "Gross Profit": 36114000.0,
        "Cost Of Revenue": 97806000.0,
        "Total Revenue": 133920000.0,
        "Operating Revenue": 133920000.0
    },
    "2024-12-31": {
        "Tax Effect Of Unusual Items": -260772.919605,
        "Tax Rate For Calcs": 0.269394,
        "Normalized EBITDA": 18560000.0,
        "Total Unusual Items": -968000.0,
        "Total Unusual Items Excluding Goodwill": -968000.0,
        "Net Income From Continuing Operation Net Minority Interest": 9842000.0,
        "Reconciled Depreciation": 3627000.0,
        "Reconciled Cost Of Revenue": 98184000.0,
        "EBITDA": 17592000.0,
        "EBIT": 13965000.0,
        "Net Interest Income": -1000.0,
        "Interest Expense": 494000.0,
        "Interest Income": 493000.0,
        "Normalized Income": 10549227.080395,
        "Net Income From Continuing And Discontinued Operation": 9842000.0,
        "Total Expenses": 129210000.0,
        "Total Operating Income As Reported": 13014000.0,
        "Diluted Average Shares": 12066569.0,
        "Basic Average Shares": 11273101.0,
        "Diluted EPS": 0.82,
        "Basic EPS": 0.87,
        "Diluted NI Availto Com Stockholders": 9842000.0,
        "Net Income Common Stockholders": 9842000.0,
        "Net Income": 9842000.0,
        "Net Income Including Noncontrolling Interests": 9842000.0,
        "Net Income Continuous Operations": 9842000.0,
        "Tax Provision": 3629000.0,
        "Pretax Income": 13471000.0,
        "Other Income Expense": -968000.0,
        "Special Income Charges": -1132000.0,
        "Gain On Sale Of Ppe": 294000.0,
        "Other Special Charges": NaN,
        "Restructuring And Mergern Acquisition": 1426000.0,
        "Gain On Sale Of Security": 164000.0,
        "Net Non Operating Interest Income Expense": -1000.0,
        "Interest Expense Non Operating": 494000.0,
        "Interest Income Non Operating": 493000.0,
        "Operating Income": 14440000.0,
        "Operating Expense": 29131000.0,
        "Depreciation Amortization Depletion Income Statement": 1732000.0,
        "Depreciation And Amortization In Income Statement": 1732000.0,
        "Amortization": 1732000.0,
        "Amortization Of Intangibles Income Statement": 1732000.0,
        "Selling General And Administration": 27399000.0,
        "Gross Profit": 43571000.0,
        "Cost Of Revenue": 100079000.0,
        "Total Revenue": 143650000.0,
        "Operating Revenue": 143650000.0
    },
    "2025-03-31": {
        "Tax Effect Of Unusual Items": -40110.0,
        "Tax Rate For Calcs": 0.21,
        "Normalized EBITDA": 12780000.0,
        "Total Unusual Items": -191000.0,
        "Total Unusual Items Excluding Goodwill": -191000.0,
        "Net Income From Continuing Operation Net Minority Interest": 10214000.0,
        "Reconciled Depreciation": 4072000.0,
        "Reconciled Cost Of Revenue": 94180000.0,
        "EBITDA": 12589000.0,
        "EBIT": 8517000.0,
        "Net Interest Income": -156000.0,
        "Interest Expense": 526000.0,
        "Interest Income": 370000.0,
        "Normalized Income": 10364890.0,
        "Net Income From Continuing And Discontinued Operation": 10214000.0,
        "Total Expenses": 124770000.0,
        "Total Operating Income As Reported": 7911000.0,
        "Diluted Average Shares": 12051678.0,
        "Basic Average Shares": 11419455.0,
        "Diluted EPS": 0.85,
        "Basic EPS": 0.89,
        "Diluted NI Availto Com Stockholders": 10214000.0,
        "Net Income Common Stockholders": 10214000.0,
        "Net Income": 10214000.0,
        "Net Income Including Noncontrolling Interests": 10214000.0,
        "Net Income Continuous Operations": 10214000.0,
        "Tax Provision": -2223000.0,
        "Pretax Income": 7991000.0,
        "Other Income Expense": -191000.0,
        "Special Income Charges": -94000.0,
        "Gain On Sale Of Ppe": 333000.0,
        "Other Special Charges": NaN,
        "Restructuring And Mergern Acquisition": 427000.0,
        "Gain On Sale Of Security": -97000.0,
        "Net Non Operating Interest Income Expense": -156000.0,
        "Interest Expense Non Operating": 526000.0,
        "Interest Income Non Operating": 370000.0,
        "Operating Income": 8338000.0,
        "Operating Expense": 28381000.0,
        "Depreciation Amortization Depletion Income Statement": 1863000.0,
        "Depreciation And Amortization In Income Statement": 1863000.0,
        "Amortization": 1863000.0,
        "Amortization Of Intangibles Income Statement": 1863000.0,
        "Selling General And Administration": 26518000.0,
        "Gross Profit": 36719000.0,
        "Cost Of Revenue": 96389000.0,
        "Total Revenue": 133108000.0,
        "Operating Revenue": 133108000.0
    },
    "2025-06-30": {
        "Tax Effect Of Unusual Items": -123828.316611,
        "Tax Rate For Calcs": 0.278893,
        "Normalized EBITDA": 15694000.0,
        "Total Unusual Items": -444000.0,
        "Total Unusual Items Excluding Goodwill": -444000.0,
        "Net Income From Continuing Operation Net Minority Interest": 7762000.0,
        "Reconciled Depreciation": 3923000.0,
        "Reconciled Cost Of Revenue": 100249000.0,
        "EBITDA": 15250000.0,
        "EBIT": 11327000.0,
        "Net Interest Income": -229000.0,
        "Interest Expense": 563000.0,
        "Interest Income": 334000.0,
        "Normalized Income": 8082171.683389,
        "Net Income From Continuing And Discontinued Operation": 7762000.0,
        "Total Expenses": 130804000.0,
        "Total Operating Income As Reported": 10642000.0,
        "Diluted Average Shares": 12114221.0,
        "Basic Average Shares": 11624639.0,
        "Diluted EPS": 0.64,
        "Basic EPS": 0.67,
        "Diluted NI Availto Com Stockholders": 7762000.0,
        "Net Income Common Stockholders": 7762000.0,
        "Net Income": 7762000.0,
        "Net Income Including Noncontrolling Interests": 7762000.0,
        "Net Income Continuous Operations": 7762000.0,
        "Tax Provision": 3002000.0,
        "Pretax Income": 10764000.0,
        "Other Income Expense": -444000.0,
        "Special Income Charges": -388000.0,
        "Gain On Sale Of Ppe": 407000.0,
        "Other Special Charges": NaN,
        "Restructuring And Mergern Acquisition": 795000.0,
        "Gain On Sale Of Security": -56000.0,
        "Net Non Operating Interest Income Expense": -229000.0,
        "Interest Expense Non Operating": 563000.0,
        "Interest Income Non Operating": 334000.0,
        "Operating Income": 11437000.0,
        "Operating Expense": 28389000.0,
        "Depreciation Amortization Depletion Income Statement": 1757000.0,
        "Depreciation And Amortization In Income Statement": 1757000.0,
        "Amortization": 1757000.0,
        "Amortization Of Intangibles Income Statement": 1757000.0,
        "Selling General And Administration": 26632000.0,
        "Gross Profit": 39826000.0,
        "Cost Of Revenue": 102415000.0,
        "Total Revenue": 142241000.0,
        "Operating Revenue": 142241000.0
    }
}