{
    "2023-04-30": {
        "Tax Effect Of Unusual Items": NaN,
        "Tax Rate For Calcs": NaN,
        "Normalized EBITDA": NaN,
        "Total Unusual Items": NaN,
        "Total Unusual Items Excluding Goodwill": NaN,
        "Net Income From Continuing Operation Net Minority Interest": NaN,
        "Reconciled Depreciation": NaN,
        "Reconciled Cost Of Revenue": NaN,
        "EBITDA": NaN,
        "EBIT": NaN,
        "Net Interest Income": NaN,
        "Interest Expense": NaN,
        "Interest Income": NaN,
        "Normalized Income": NaN,
        "Net Income From Continuing And Discontinued Operation": NaN,
        "Total Expenses": NaN,
        "Total Operating Income As Reported": NaN,
        "Diluted Average Shares": NaN,
        "Basic Average Shares": NaN,
        "Diluted EPS": NaN,
        "Basic EPS": NaN,
        "Diluted NI Availto Com Stockholders": NaN,
        "Average Dilution Earnings": NaN,
        "Net Income Common Stockholders": NaN,
        "Otherunder Preferred Stock Dividend": NaN,
        "Preferred Stock Dividends": NaN,
        "Net Income": NaN,
        "Minority Interests": NaN,
        "Net Income Including Noncontrolling Interests": NaN,
        "Net Income Continuous Operations": NaN,
        "Tax Provision": NaN,
        "Pretax Income": NaN,
        "Other Income Expense": NaN,
        "Other Non Operating Income Expenses": NaN,
        "Special Income Charges": NaN,
        "Gain On Sale Of Ppe": NaN,
        "Other Special Charges": -2269000.0,
        "Impairment Of Capital Assets": NaN,
        "Earnings From Equity Interest": NaN,
        "Net Non Operating Interest Income Expense": NaN,
        "Interest Expense Non Operating": NaN,
        "Interest Income Non Operating": NaN,
        "Operating Income": NaN,
        "Operating Expense": NaN,
        "Selling General And Administration": NaN,
        "Gross Profit": NaN,
        "Cost Of Revenue": NaN,
        "Total Revenue": NaN,
        "Operating Revenue": NaN
    },
    "2023-01-31": {
        "Tax Effect Of Unusual Items": NaN,
        "Tax Rate For Calcs": NaN,
        "Normalized EBITDA": NaN,
        "Total Unusual Items": NaN,
        "Total Unusual Items Excluding Goodwill": NaN,
        "Net Income From Continuing Operation Net Minority Interest": NaN,
        "Reconciled Depreciation": NaN,
        "Reconciled Cost Of Revenue": NaN,
        "EBITDA": NaN,
        "EBIT": NaN,
        "Net Interest Income": NaN,
        "Interest Expense": 1172000.0,
        "Interest Income": NaN,
        "Normalized Income": NaN,
        "Net Income From Continuing And Discontinued Operation": NaN,
        "Total Expenses": NaN,
        "Total Operating Income As Reported": NaN,
        "Diluted Average Shares": NaN,
        "Basic Average Shares": NaN,
        "Diluted EPS": NaN,
        "Basic EPS": NaN,
        "Diluted NI Availto Com Stockholders": NaN,
        "Average Dilution Earnings": 125000.0,
        "Net Income Common Stockholders": NaN,
        "Otherunder Preferred Stock Dividend": 161000.0,
        "Preferred Stock Dividends": NaN,
        "Net Income": NaN,
        "Minority Interests": NaN,
        "Net Income Including Noncontrolling Interests": NaN,
        "Net Income Continuous Operations": NaN,
        "Tax Provision": NaN,
        "Pretax Income": NaN,
        "Other Income Expense": NaN,
        "Other Non Operating Income Expenses": NaN,
        "Special Income Charges": NaN,
        "Gain On Sale Of Ppe": NaN,
        "Other Special Charges": NaN,
        "Earnings From Equity Interest": NaN,
        "Net Non Operating Interest Income Expense": NaN,
        "Interest Expense Non Operating": 1172000.0,
        "Interest Income Non Operating": NaN,
        "Operating Income": NaN,
        "Operating Expense": NaN,
        "Selling General And Administration": NaN,
        "Gross Profit": NaN,
        "Cost Of Revenue": NaN,
        "Total Revenue": NaN,
        "Operating Revenue": NaN
    },
    "2022-10-31": {
        "Tax Effect Of Unusual Items": NaN,
        "Tax Rate For Calcs": NaN,
        "Normalized EBITDA": NaN,
        "Total Unusual Items": NaN,
        "Total Unusual Items Excluding Goodwill": NaN,
        "Net Income From Continuing Operation Net Minority Interest": NaN,
        "Reconciled Depreciation": NaN,
        "Reconciled Cost Of Revenue": NaN,
        "EBITDA": NaN,
        "EBIT": NaN,
        "Net Interest Income": NaN,
        "Interest Expense": 1038000.0,
        "Interest Income": NaN,
        "Normalized Income": NaN,
        "Net Income From Continuing And Discontinued Operation": NaN,
        "Total Expenses": NaN,
        "Total Operating Income As Reported": NaN,
        "Diluted Average Shares": NaN,
        "Basic Average Shares": NaN,
        "Diluted EPS": NaN,
        "Basic EPS": NaN,
        "Diluted NI Availto Com Stockholders": NaN,
        "Average Dilution Earnings": NaN,
        "Net Income Common Stockholders": NaN,
        "Otherunder Preferred Stock Dividend": NaN,
        "Preferred Stock Dividends": NaN,
        "Net Income": NaN,
        "Minority Interests": NaN,
        "Net Income Including Noncontrolling Interests": NaN,
        "Net Income Continuous Operations": NaN,
        "Tax Provision": NaN,
        "Pretax Income": NaN,
        "Other Income Expense": NaN,
        "Other Non Operating Income Expenses": NaN,
        "Special Income Charges": NaN,
        "Gain On Sale Of Ppe": NaN,
        "Other Special Charges": NaN,
        "Earnings From Equity Interest": NaN,
        "Net Non Operating Interest Income Expense": NaN,
        "Interest Expense Non Operating": 1038000.0,
        "Interest Income Non Operating": NaN,
        "Operating Income": NaN,
        "Operating Expense": NaN,
        "Selling General And Administration": NaN,
        "Gross Profit": NaN,
        "Cost Of Revenue": NaN,
        "Total Revenue": NaN,
        "Operating Revenue": NaN
    },
    "2022-07-31": {
        "Tax Effect Of Unusual Items": -75366.234255,
        "Tax Rate For Calcs": 0.311431,
        "Normalized EBITDA": 11652000.0,
        "Total Unusual Items": -242000.0,
        "Total Unusual Items Excluding Goodwill": -242000.0,
        "Net Income From Continuing Operation Net Minority Interest": 7377000.0,
        "Reconciled Depreciation": 2469000.0,
        "Reconciled Cost Of Revenue": 42590000.0,
        "EBITDA": 11410000.0,
        "EBIT": 11410000.0,
        "Net Interest Income": -766000.0,
        "Interest Expense": 772000.0,
        "Interest Income": 6000.0,
        "Normalized Income": 7543633.765745,
        "Net Income From Continuing And Discontinued Operation": 7377000.0,
        "Total Expenses": 47621000.0,
        "Total Operating Income As Reported": 11060000.0,
        "Diluted Average Shares": 18334000.0,
        "Basic Average Shares": 17529000.0,
        "Diluted EPS": 0.4,
        "Basic EPS": 0.41,
        "Diluted NI Availto Com Stockholders": 7252000.0,
        "Average Dilution Earnings": NaN,
        "Net Income Common Stockholders": 7252000.0,
        "Otherunder Preferred Stock Dividend": NaN,
        "Preferred Stock Dividends": 125000.0,
        "Net Income": 7377000.0,
        "Minority Interests": 52000.0,
        "Net Income Including Noncontrolling Interests": 7325000.0,
        "Net Income Continuous Operations": 7325000.0,
        "Tax Provision": 3313000.0,
        "Pretax Income": 10638000.0,
        "Other Income Expense": 102000.0,
        "Other Non Operating Income Expenses": 13000.0,
        "Special Income Charges": -242000.0,
        "Gain On Sale Of Ppe": -242000.0,
        "Other Special Charges": NaN,
        "Earnings From Equity Interest": 331000.0,
        "Net Non Operating Interest Income Expense": -766000.0,
        "Interest Expense Non Operating": 772000.0,
        "Interest Income Non Operating": 6000.0,
        "Operating Income": 11302000.0,
        "Operating Expense": 5031000.0,
        "Selling General And Administration": 5031000.0,
        "Gross Profit": 16333000.0,
        "Cost Of Revenue": 42590000.0,
        "Total Revenue": 58923000.0,
        "Operating Revenue": 57594000.0
    },
    "2022-04-30": {
        "Diluted EPS": 0.08,
        "Total Revenue": 47,
        "Gross Profit": 8,
        "Operating Income": 3,
        "EBIT": 5,
        "Net Income": 1
    },
    "2022-01-31": {
        "Diluted EPS": -0.38,
        "Total Revenue": 39,
        "Gross Profit": -3,
        "Operating Income": -10,
        "EBIT": -7,
        "Net Income": -7
    },
    "2021-10-31": {
        "Diluted EPS": -0.28,
        "Total Revenue": 33,
        "Gross Profit": -2,
        "Operating Income": -6,
        "EBIT": -4,
        "Net Income": -5
    },
    "2021-07-31": {
        "Diluted EPS": 0.2,
        "Total Revenue": 49,
        "Gross Profit": 7,
        "Operating Income": 3,
        "EBIT": 6,
        "Net Income": 4
    },
    "2021-04-30": {
        "Diluted EPS": 0.1,
        "Total Revenue": 45,
        "Gross Profit": 8,
        "Operating Income": 2,
        "EBIT": 5,
        "Net Income": 2
    },
    "2021-01-31": {
        "Diluted EPS": -0.25,
        "Total Revenue": 38,
        "Gross Profit": 0,
        "Operating Income": -6,
        "EBIT": -3,
        "Net Income": -4
    },
    "2020-10-31": {
        "Diluted EPS": -0.42,
        "Total Revenue": 30,
        "Gross Profit": -3,
        "Operating Income": -10,
        "EBIT": -7,
        "Net Income": -8
    },
    "2020-07-31": {
        "Diluted EPS": 0.12,
        "Total Revenue": 54,
        "Gross Profit": 6,
        "Operating Income": 2,
        "EBIT": 4,
        "Net Income": 2
    },
    "2020-04-30": {
        "Diluted EPS": -0.29,
        "Total Revenue": 40,
        "Gross Profit": 3,
        "Operating Income": -3,
        "EBIT": 0,
        "Net Income": -5
    },
    "2020-01-31": {
        "Diluted EPS": -0.37,
        "Total Revenue": 42,
        "Gross Profit": -2,
        "Operating Income": -8,
        "EBIT": -6,
        "Net Income": -7
    },
    "2019-10-31": {
        "Diluted EPS": -0.18,
        "Total Revenue": 36,
        "Gross Profit": 2,
        "Operating Income": -4,
        "EBIT": -1,
        "Net Income": -3
    },
    "2019-07-31": {
        "Diluted EPS": -0.06,
        "Total Revenue": 51,
        "Gross Profit": 7,
        "Operating Income": 2,
        "EBIT": 4,
        "Net Income": -1
    },
    "2019-04-30": {
        "Diluted EPS": 0.15,
        "Total Revenue": 42,
        "Gross Profit": 4,
        "Operating Income": -1,
        "EBIT": 1,
        "Net Income": 3
    },
    "2019-01-31": {
        "Diluted EPS": -0.28,
        "Total Revenue": 42,
        "Gross Profit": 2,
        "Operating Income": -3,
        "EBIT": -1,
        "Net Income": -5
    },
    "2018-10-31": {
        "Diluted EPS": -0.27,
        "Total Revenue": 15,
        "Gross Profit": -3,
        "Operating Income": -10,
        "EBIT": -8,
        "Net Income": -3
    },
    "2018-07-31": {
        "Diluted EPS": 0.5,
        "Total Revenue": 40,
        "Gross Profit": 15,
        "Operating Income": 11,
        "EBIT": 13,
        "Net Income": 8
    },
    "2018-04-30": {
        "Diluted EPS": 0.44,
        "Total Revenue": 43,
        "Gross Profit": 13,
        "Operating Income": 9,
        "EBIT": 11,
        "Net Income": 6
    },
    "2018-01-31": {
        "Diluted EPS": 0.58,
        "Total Revenue": 32,
        "Gross Profit": 2,
        "Operating Income": -2,
        "EBIT": 0,
        "Net Income": 9
    },
    "2017-10-31": {
        "Diluted EPS": -0.18,
        "Total Revenue": 16,
        "Gross Profit": -1,
        "Operating Income": -4,
        "EBIT": -3,
        "Net Income": -3
    },
    "2017-07-31": {
        "Diluted EPS": 0.52,
        "Total Revenue": 40,
        "Gross Profit": 16,
        "Operating Income": 13,
        "EBIT": 15,
        "Net Income": 8
    },
    "2017-04-30": {
        "Diluted EPS": 0.24,
        "Total Revenue": 37,
        "Gross Profit": 9,
        "Operating Income": 6,
        "EBIT": 8,
        "Net Income": 3
    },
    "2017-01-31": {
        "Diluted EPS": -0.16,
        "Total Revenue": 28,
        "Gross Profit": 1,
        "Operating Income": -3,
        "EBIT": -2,
        "Net Income": -2
    },
    "2016-10-31": {
        "Diluted EPS": 0.02,
        "Total Revenue": 20,
        "Gross Profit": 3,
        "Operating Income": -1,
        "EBIT": 1,
        "Net Income": 0
    },
    "2016-07-31": {
        "Diluted EPS": 0.71,
        "Total Revenue": 40,
        "Gross Profit": 18,
        "Operating Income": 14,
        "EBIT": 16,
        "Net Income": 11
    },
    "2016-04-30": {
        "Diluted EPS": 0.08,
        "Total Revenue": 27,
        "Gross Profit": 5,
        "Operating Income": 2,
        "EBIT": 3,
        "Net Income": 1
    },
    "2016-01-31": {
        "Diluted EPS": -0.29,
        "Total Revenue": 25,
        "Gross Profit": -3,
        "Operating Income": -6,
        "EBIT": -5,
        "Net Income": -4
    },
    "2015-10-31": {
        "Diluted EPS": 0.04,
        "Total Revenue": 14,
        "Gross Profit": -1,
        "Operating Income": -5,
        "EBIT": -4,
        "Net Income": 0
    },
    "2015-07-31": {
        "Diluted EPS": 0.36,
        "Total Revenue": 30,
        "Gross Profit": 11,
        "Operating Income": 8,
        "EBIT": 9,
        "Net Income": 5
    },
    "2015-04-30": {
        "Diluted EPS": 0.17,
        "Total Revenue": 28,
        "Gross Profit": 7,
        "Operating Income": 4,
        "EBIT": 5,
        "Net Income": 2
    },
    "2015-01-31": {
        "Diluted EPS": -0.11,
        "Total Revenue": 28,
        "Gross Profit": 1,
        "Operating Income": -3,
        "EBIT": -2,
        "Net Income": -2
    },
    "2014-10-31": {
        "Diluted EPS": -0.21,
        "Total Revenue": 16,
        "Gross Profit": -1,
        "Operating Income": -5,
        "EBIT": -4,
        "Net Income": -3
    },
    "2014-07-31": {
        "Diluted EPS": 0.61,
        "Total Revenue": 36,
        "Gross Profit": 17,
        "Operating Income": 13,
        "EBIT": 14,
        "Net Income": 9
    },
    "2014-04-30": {
        "Diluted EPS": 0.15,
        "Total Revenue": 25,
        "Gross Profit": 6,
        "Operating Income": 3,
        "EBIT": 4,
        "Net Income": 2
    },
    "2014-01-31": {
        "Diluted EPS": -0.09,
        "Total Revenue": 26,
        "Gross Profit": 1,
        "Operating Income": -2,
        "EBIT": -1,
        "Net Income": -1
    },
    "2013-10-31": {
        "Diluted EPS": -0.04,
        "Total Revenue": 14,
        "Gross Profit": 1,
        "Operating Income": -2,
        "EBIT": -1,
        "Net Income": -1
    },
    "2013-07-31": {
        "Diluted EPS": 0.49,
        "Total Revenue": 30,
        "Gross Profit": 13,
        "Operating Income": 10,
        "EBIT": 11,
        "Net Income": 7
    },
    "2013-04-30": {
        "Diluted EPS": 0.19,
        "Total Revenue": 23,
        "Gross Profit": 5,
        "Operating Income": 2,
        "EBIT": 3,
        "Net Income": 2
    },
    "2013-01-31": {
        "Diluted EPS": -0.28,
        "Total Revenue": 17,
        "Gross Profit": -2,
        "Operating Income": -5,
        "EBIT": -5,
        "Net Income": -3
    },
    "2012-10-31": {
        "Diluted EPS": 0.01,
        "Total Revenue": 15,
        "Gross Profit": 3,
        "Operating Income": 0,
        "EBIT": 1,
        "Net Income": 0
    },
    "2012-07-31": {
        "Diluted EPS": 0.45,
        "Total Revenue": 25,
        "Gross Profit": 10,
        "Operating Income": 8,
        "EBIT": 8,
        "Net Income": 5
    },
    "2012-04-30": {
        "Diluted EPS": 0.06,
        "Total Revenue": 16,
        "Gross Profit": 4,
        "Operating Income": 1,
        "EBIT": 2,
        "Net Income": 1
    },
    "2012-01-31": {
        "Diluted EPS": -0.26,
        "Total Revenue": 10,
        "Gross Profit": -2,
        "Operating Income": -5,
        "EBIT": -4,
        "Net Income": -3
    },
    "2011-10-31": {
        "Diluted EPS": 0.04,
        "Total Revenue": 11,
        "Gross Profit": 3,
        "Operating Income": 1,
        "EBIT": 1,
        "Net Income": 0
    },
    "2011-07-31": {
        "Diluted EPS": 0.41,
        "Total Revenue": 23,
        "Gross Profit": 9,
        "Operating Income": 7,
        "EBIT": 8,
        "Net Income": 5
    },
    "2011-04-30": {
        "Diluted EPS": -0.03,
        "Total Revenue": 13,
        "Gross Profit": 2,
        "Operating Income": -2,
        "EBIT": -1,
        "Net Income": 0
    },
    "2011-01-31": {
        "Diluted EPS": -0.3,
        "Total Revenue": 6,
        "Gross Profit": -3,
        "Operating Income": -6,
        "EBIT": -5,
        "Net Income": -3
    },
    "2010-10-31": {
        "Diluted EPS": -0.14,
        "Total Revenue": 12,
        "Gross Profit": 3,
        "Operating Income": -2,
        "EBIT": -1,
        "Net Income": -2
    },
    "2010-07-31": {
        "Diluted EPS": 0.43,
        "Total Revenue": 22,
        "Gross Profit": 12,
        "Operating Income": 9,
        "EBIT": 10,
        "Net Income": 5
    },
    "2010-04-30": {
        "Diluted EPS": 0.0,
        "Total Revenue": 13,
        "Gross Profit": 3,
        "Operating Income": 1,
        "EBIT": 2,
        "Net Income": 0
    },
    "2010-01-31": {
        "Diluted EPS": -0.28,
        "Total Revenue": 6,
        "Gross Profit": -1,
        "Operating Income": -5,
        "EBIT": -4,
        "Net Income": -3
    },
    "2009-10-31": {
        "Diluted EPS": 0.0,
        "Total Revenue": NaN,
        "Gross Profit": NaN,
        "Operating Income": NaN,
        "EBIT": NaN,
        "Net Income": NaN
    },
    "2009-07-31": {
        "Diluted EPS": 0.1,
        "Total Revenue": 13,
        "Gross Profit": 4,
        "Operating Income": 2,
        "EBIT": 3,
        "Net Income": 1
    },
    "2009-04-30": {
        "Diluted EPS": -0.09,
        "Total Revenue": 8,
        "Gross Profit": 0,
        "Operating Income": -2,
        "EBIT": -2,
        "Net Income": -1
    },
    "2023-07-31": {
        "Tax Effect Of Unusual Items": NaN,
        "Tax Rate For Calcs": NaN,
        "Normalized EBITDA": NaN,
        "Total Unusual Items": NaN,
        "Total Unusual Items Excluding Goodwill": NaN,
        "Net Income From Continuing Operation Net Minority Interest": NaN,
        "Reconciled Depreciation": NaN,
        "Reconciled Cost Of Revenue": NaN,
        "EBITDA": NaN,
        "EBIT": NaN,
        "Net Interest Income": NaN,
        "Interest Expense": NaN,
        "Interest Income": NaN,
        "Normalized Income": NaN,
        "Net Income From Continuing And Discontinued Operation": NaN,
        "Total Expenses": NaN,
        "Total Operating Income As Reported": NaN,
        "Diluted Average Shares": NaN,
        "Basic Average Shares": NaN,
        "Diluted EPS": NaN,
        "Basic EPS": NaN,
        "Diluted NI Availto Com Stockholders": NaN,
        "Average Dilution Earnings": NaN,
        "Net Income Common Stockholders": NaN,
        "Otherunder Preferred Stock Dividend": NaN,
        "Preferred Stock Dividends": NaN,
        "Net Income": NaN,
        "Minority Interests": NaN,
        "Net Income Including Noncontrolling Interests": NaN,
        "Net Income Continuous Operations": NaN,
        "Tax Provision": NaN,
        "Pretax Income": NaN,
        "Other Income Expense": NaN,
        "Other Non Operating Income Expenses": NaN,
        "Special Income Charges": NaN,
        "Gain On Sale Of Ppe": NaN,
        "Gain On Sale Of Business": NaN,
        "Other Special Charges": NaN,
        "Impairment Of Capital Assets": 0.0,
        "Earnings From Equity Interest": NaN,
        "Net Non Operating Interest Income Expense": NaN,
        "Interest Expense Non Operating": NaN,
        "Interest Income Non Operating": NaN,
        "Operating Income": NaN,
        "Operating Expense": NaN,
        "Selling General And Administration": NaN,
        "Gross Profit": NaN,
        "Cost Of Revenue": NaN,
        "Total Revenue": NaN,
        "Operating Revenue": NaN
    },
    "2023-10-31": {
        "Tax Effect Of Unusual Items": NaN,
        "Tax Rate For Calcs": NaN,
        "Normalized EBITDA": NaN,
        "Total Unusual Items": NaN,
        "Total Unusual Items Excluding Goodwill": NaN,
        "Net Income From Continuing Operation Net Minority Interest": NaN,
        "Reconciled Depreciation": NaN,
        "Reconciled Cost Of Revenue": NaN,
        "EBITDA": NaN,
        "EBIT": NaN,
        "Net Interest Income": NaN,
        "Interest Expense": NaN,
        "Interest Income": NaN,
        "Normalized Income": NaN,
        "Net Income From Continuing And Discontinued Operation": NaN,
        "Total Expenses": NaN,
        "Total Operating Income As Reported": NaN,
        "Diluted Average Shares": NaN,
        "Basic Average Shares": NaN,
        "Diluted EPS": NaN,
        "Basic EPS": NaN,
        "Diluted NI Availto Com Stockholders": NaN,
        "Average Dilution Earnings": NaN,
        "Net Income Common Stockholders": NaN,
        "Otherunder Preferred Stock Dividend": NaN,
        "Preferred Stock Dividends": NaN,
        "Net Income": NaN,
        "Minority Interests": NaN,
        "Net Income Including Noncontrolling Interests": NaN,
        "Net Income Continuous Operations": NaN,
        "Tax Provision": NaN,
        "Pretax Income": NaN,
        "Other Income Expense": NaN,
        "Other Non Operating Income Expenses": NaN,
        "Special Income Charges": NaN,
        "Gain On Sale Of Ppe": NaN,
        "Gain On Sale Of Business": NaN,
        "Other Special Charges": 0.0,
        "Impairment Of Capital Assets": NaN,
        "Earnings From Equity Interest": NaN,
        "Net Non Operating Interest Income Expense": NaN,
        "Interest Expense Non Operating": NaN,
        "Interest Income Non Operating": NaN,
        "Operating Income": NaN,
        "Operating Expense": NaN,
        "Selling General And Administration": NaN,
        "Gross Profit": NaN,
        "Cost Of Revenue": NaN,
        "Total Revenue": NaN,
        "Operating Revenue": NaN
    },
    "2024-01-31": {
        "Tax Effect Of Unusual Items": NaN,
        "Tax Rate For Calcs": NaN,
        "Normalized EBITDA": NaN,
        "Total Unusual Items": NaN,
        "Total Unusual Items Excluding Goodwill": NaN,
        "Net Income From Continuing Operation Net Minority Interest": NaN,
        "Reconciled Depreciation": NaN,
        "Reconciled Cost Of Revenue": NaN,
        "EBITDA": NaN,
        "EBIT": NaN,
        "Net Interest Income": NaN,
        "Interest Expense": NaN,
        "Interest Income": NaN,
        "Normalized Income": NaN,
        "Net Income From Continuing And Discontinued Operation": NaN,
        "Total Expenses": NaN,
        "Total Operating Income As Reported": NaN,
        "Diluted Average Shares": NaN,
        "Basic Average Shares": NaN,
        "Diluted EPS": NaN,
        "Basic EPS": NaN,
        "Diluted NI Availto Com Stockholders": NaN,
        "Average Dilution Earnings": NaN,
        "Net Income Common Stockholders": NaN,
        "Otherunder Preferred Stock Dividend": NaN,
        "Preferred Stock Dividends": NaN,
        "Net Income": NaN,
        "Minority Interests": NaN,
        "Net Income Including Noncontrolling Interests": NaN,
        "Net Income Continuous Operations": NaN,
        "Tax Provision": NaN,
        "Pretax Income": NaN,
        "Other Income Expense": NaN,
        "Other Non Operating Income Expenses": NaN,
        "Special Income Charges": NaN,
        "Gain On Sale Of Ppe": NaN,
        "Gain On Sale Of Business": 0.0,
        "Impairment Of Capital Assets": NaN,
        "Earnings From Equity Interest": NaN,
        "Net Non Operating Interest Income Expense": NaN,
        "Interest Expense Non Operating": NaN,
        "Interest Income Non Operating": NaN,
        "Operating Income": NaN,
        "Operating Expense": NaN,
        "Selling General And Administration": NaN,
        "Gross Profit": NaN,
        "Cost Of Revenue": NaN,
        "Total Revenue": NaN,
        "Operating Revenue": NaN
    },
    "2024-04-30": {
        "Tax Effect Of Unusual Items": NaN,
        "Tax Rate For Calcs": NaN,
        "Normalized EBITDA": NaN,
        "Total Unusual Items": NaN,
        "Total Unusual Items Excluding Goodwill": NaN,
        "Net Income From Continuing Operation Net Minority Interest": NaN,
        "Reconciled Depreciation": NaN,
        "Reconciled Cost Of Revenue": NaN,
        "EBITDA": NaN,
        "EBIT": NaN,
        "Net Interest Income": NaN,
        "Interest Expense": NaN,
        "Interest Income": NaN,
        "Normalized Income": NaN,
        "Net Income From Continuing And Discontinued Operation": NaN,
        "Total Expenses": NaN,
        "Total Operating Income As Reported": NaN,
        "Diluted Average Shares": 18362000.0,
        "Basic Average Shares": 17707000.0,
        "Diluted EPS": 0.35,
        "Basic EPS": 0.36,
        "Diluted NI Availto Com Stockholders": NaN,
        "Average Dilution Earnings": NaN,
        "Net Income Common Stockholders": NaN,
        "Otherunder Preferred Stock Dividend": NaN,
        "Preferred Stock Dividends": NaN,
        "Net Income": NaN,
        "Minority Interests": NaN,
        "Net Income Including Noncontrolling Interests": NaN,
        "Net Income Continuous Operations": NaN,
        "Tax Provision": NaN,
        "Pretax Income": NaN,
        "Other Income Expense": NaN,
        "Other Non Operating Income Expenses": NaN,
        "Special Income Charges": NaN,
        "Gain On Sale Of Ppe": NaN,
        "Gain On Sale Of Business": NaN,
        "Impairment Of Capital Assets": NaN,
        "Earnings From Equity Interest": NaN,
        "Net Non Operating Interest Income Expense": NaN,
        "Interest Expense Non Operating": NaN,
        "Interest Income Non Operating": NaN,
        "Operating Income": NaN,
        "Operating Expense": NaN,
        "Selling General And Administration": NaN,
        "Gross Profit": NaN,
        "Cost Of Revenue": NaN,
        "Total Revenue": NaN,
        "Operating Revenue": NaN
    },
    "2024-07-31": {
        "Tax Effect Of Unusual Items": -206279.263671,
        "Tax Rate For Calcs": 0.326909,
        "Normalized EBITDA": 12254000.0,
        "Total Unusual Items": -631000.0,
        "Total Unusual Items Excluding Goodwill": -631000.0,
        "Net Income From Continuing Operation Net Minority Interest": 6593000.0,
        "Reconciled Depreciation": 2115000.0,
        "Reconciled Cost Of Revenue": 46687000.0,
        "EBITDA": 11623000.0,
        "EBIT": 9508000.0,
        "Net Interest Income": -246000.0,
        "Interest Expense": 273000.0,
        "Interest Income": 27000.0,
        "Normalized Income": 7017720.736329,
        "Net Income From Continuing And Discontinued Operation": 6593000.0,
        "Total Expenses": 53681000.0,
        "Total Operating Income As Reported": 8993000.0,
        "Diluted Average Shares": 18363000.0,
        "Basic Average Shares": 17756000.0,
        "Diluted EPS": 0.35,
        "Basic EPS": 0.36,
        "Diluted NI Availto Com Stockholders": 6498000.0,
        "Average Dilution Earnings": 125000.0,
        "Net Income Common Stockholders": 6373000.0,
        "Otherunder Preferred Stock Dividend": 95000.0,
        "Preferred Stock Dividends": 125000.0,
        "Net Income": 6593000.0,
        "Minority Interests": 377000.0,
        "Net Income Including Noncontrolling Interests": 6216000.0,
        "Net Income Continuous Operations": 6216000.0,
        "Tax Provision": 3019000.0,
        "Pretax Income": 9235000.0,
        "Other Income Expense": -143000.0,
        "Other Non Operating Income Expenses": 5000.0,
        "Special Income Charges": -631000.0,
        "Gain On Sale Of Ppe": 12000.0,
        "Gain On Sale Of Business": NaN,
        "Impairment Of Capital Assets": 643000.0,
        "Earnings From Equity Interest": 483000.0,
        "Net Non Operating Interest Income Expense": -246000.0,
        "Interest Expense Non Operating": 273000.0,
        "Interest Income Non Operating": 27000.0,
        "Operating Income": 9624000.0,
        "Operating Expense": 6994000.0,
        "Selling General And Administration": 6994000.0,
        "Gross Profit": 16618000.0,
        "Cost Of Revenue": 46687000.0,
        "Total Revenue": 63305000.0,
        "Operating Revenue": 61849000.0
    },
    "2024-10-31": {
        "Tax Effect Of Unusual Items": 79380.0,
        "Tax Rate For Calcs": 0.21,
        "Normalized EBITDA": 255000.0,
        "Total Unusual Items": 378000.0,
        "Total Unusual Items Excluding Goodwill": 378000.0,
        "Net Income From Continuing Operation Net Minority Interest": -1859000.0,
        "Reconciled Depreciation": 2101000.0,
        "Reconciled Cost Of Revenue": 41233000.0,
        "EBITDA": 633000.0,
        "EBIT": -1468000.0,
        "Net Interest Income": -75000.0,
        "Interest Expense": 130000.0,
        "Interest Income": 55000.0,
        "Normalized Income": -2157620.0,
        "Net Income From Continuing And Discontinued Operation": -1859000.0,
        "Total Expenses": 46990000.0,
        "Total Operating Income As Reported": -2751000.0,
        "Diluted Average Shares": NaN,
        "Basic Average Shares": NaN,
        "Diluted EPS": NaN,
        "Basic EPS": NaN,
        "Diluted NI Availto Com Stockholders": -1950000.0,
        "Average Dilution Earnings": 0.0,
        "Net Income Common Stockholders": -1950000.0,
        "Otherunder Preferred Stock Dividend": -34000.0,
        "Preferred Stock Dividends": 125000.0,
        "Net Income": -1859000.0,
        "Minority Interests": 61000.0,
        "Net Income Including Noncontrolling Interests": -1920000.0,
        "Net Income Continuous Operations": -1920000.0,
        "Tax Provision": 322000.0,
        "Pretax Income": -1598000.0,
        "Other Income Expense": 1606000.0,
        "Other Non Operating Income Expenses": -12000.0,
        "Special Income Charges": 378000.0,
        "Gain On Sale Of Ppe": 378000.0,
        "Gain On Sale Of Business": NaN,
        "Impairment Of Capital Assets": 0.0,
        "Earnings From Equity Interest": 1240000.0,
        "Net Non Operating Interest Income Expense": -75000.0,
        "Interest Expense Non Operating": 130000.0,
        "Interest Income Non Operating": 55000.0,
        "Operating Income": -3129000.0,
        "Operating Expense": 5757000.0,
        "Selling General And Administration": 5757000.0,
        "Gross Profit": 2628000.0,
        "Cost Of Revenue": 41233000.0,
        "Total Revenue": 43861000.0,
        "Operating Revenue": 42478000.0
    },
    "2025-01-31": {
        "Tax Effect Of Unusual Items": 313740.0,
        "Tax Rate For Calcs": 0.21,
        "Normalized EBITDA": -4696000.0,
        "Total Unusual Items": 1494000.0,
        "Total Unusual Items Excluding Goodwill": 1494000.0,
        "Net Income From Continuing Operation Net Minority Interest": -3074000.0,
        "Reconciled Depreciation": 2016000.0,
        "Reconciled Cost Of Revenue": 34670000.0,
        "EBITDA": -3202000.0,
        "EBIT": -5218000.0,
        "Net Interest Income": -245000.0,
        "Interest Expense": 260000.0,
        "Interest Income": 15000.0,
        "Normalized Income": -4254260.0,
        "Net Income From Continuing And Discontinued Operation": -3074000.0,
        "Total Expenses": 41145000.0,
        "Total Operating Income As Reported": -5346000.0,
        "Diluted Average Shares": 17791000.0,
        "Basic Average Shares": 17791000.0,
        "Diluted EPS": -0.18,
        "Basic EPS": -0.18,
        "Diluted NI Availto Com Stockholders": -3219000.0,
        "Average Dilution Earnings": 0.0,
        "Net Income Common Stockholders": -3219000.0,
        "Otherunder Preferred Stock Dividend": 20000.0,
        "Preferred Stock Dividends": 125000.0,
        "Net Income": -3074000.0,
        "Minority Interests": -3000.0,
        "Net Income Including Noncontrolling Interests": -3071000.0,
        "Net Income Continuous Operations": -3071000.0,
        "Tax Provision": -2407000.0,
        "Pretax Income": -5478000.0,
        "Other Income Expense": 1607000.0,
        "Other Non Operating Income Expenses": 11000.0,
        "Special Income Charges": 1494000.0,
        "Gain On Sale Of Ppe": 1494000.0,
        "Gain On Sale Of Business": 1488000.0,
        "Impairment Of Capital Assets": NaN,
        "Earnings From Equity Interest": 102000.0,
        "Net Non Operating Interest Income Expense": -245000.0,
        "Interest Expense Non Operating": 260000.0,
        "Interest Income Non Operating": 15000.0,
        "Operating Income": -6840000.0,
        "Operating Expense": 6475000.0,
        "Selling General And Administration": 6475000.0,
        "Gross Profit": -365000.0,
        "Cost Of Revenue": 34670000.0,
        "Total Revenue": 34305000.0,
        "Operating Revenue": 32852000.0
    },
    "2025-04-30": {
        "Tax Effect Of Unusual Items": -3780.0,
        "Tax Rate For Calcs": 0.21,
        "Normalized EBITDA": -709000.0,
        "Total Unusual Items": -18000.0,
        "Total Unusual Items Excluding Goodwill": -18000.0,
        "Net Income From Continuing Operation Net Minority Interest": -3361000.0,
        "Reconciled Depreciation": 2109000.0,
        "Reconciled Cost Of Revenue": 32713000.0,
        "EBITDA": -727000.0,
        "EBIT": -2836000.0,
        "Net Interest Income": -215000.0,
        "Interest Expense": 228000.0,
        "Interest Income": 13000.0,
        "Normalized Income": -3346780.0,
        "Net Income From Continuing And Discontinued Operation": -3361000.0,
        "Total Expenses": 38446000.0,
        "Total Operating Income As Reported": -3345000.0,
        "Diluted Average Shares": 17825000.0,
        "Basic Average Shares": 17825000.0,
        "Diluted EPS": -0.2,
        "Basic EPS": -0.2,
        "Diluted NI Availto Com Stockholders": -3504000.0,
        "Average Dilution Earnings": 0.0,
        "Net Income Common Stockholders": -3504000.0,
        "Otherunder Preferred Stock Dividend": 17000.0,
        "Preferred Stock Dividends": 126000.0,
        "Net Income": -3361000.0,
        "Minority Interests": 4000.0,
        "Net Income Including Noncontrolling Interests": -3365000.0,
        "Net Income Continuous Operations": -3365000.0,
        "Tax Provision": 301000.0,
        "Pretax Income": -3064000.0,
        "Other Income Expense": 478000.0,
        "Other Non Operating Income Expenses": 5000.0,
        "Special Income Charges": -18000.0,
        "Gain On Sale Of Ppe": -18000.0,
        "Gain On Sale Of Business": NaN,
        "Impairment Of Capital Assets": NaN,
        "Earnings From Equity Interest": 491000.0,
        "Net Non Operating Interest Income Expense": -215000.0,
        "Interest Expense Non Operating": 228000.0,
        "Interest Income Non Operating": 13000.0,
        "Operating Income": -3327000.0,
        "Operating Expense": 5733000.0,
        "Selling General And Administration": 5733000.0,
        "Gross Profit": 2406000.0,
        "Cost Of Revenue": 32713000.0,
        "Total Revenue": 35119000.0,
        "Operating Revenue": 33582000.0
    },
    "2025-07-31": {
        "Tax Effect Of Unusual Items": -3150.0,
        "Tax Rate For Calcs": 0.21,
        "Normalized EBITDA": 2173000.0,
        "Total Unusual Items": -15000.0,
        "Total Unusual Items Excluding Goodwill": -15000.0,
        "Net Income From Continuing Operation Net Minority Interest": -855000.0,
        "Reconciled Depreciation": 2482000.0,
        "Reconciled Cost Of Revenue": 43136000.0,
        "EBITDA": 2158000.0,
        "EBIT": -324000.0,
        "Net Interest Income": -388000.0,
        "Interest Expense": 410000.0,
        "Interest Income": 22000.0,
        "Normalized Income": -843150.0,
        "Net Income From Continuing And Discontinued Operation": -855000.0,
        "Total Expenses": 48093000.0,
        "Total Operating Income As Reported": -630000.0,
        "Diluted Average Shares": 17854000.0,
        "Basic Average Shares": 17854000.0,
        "Diluted EPS": -0.06,
        "Basic EPS": -0.06,
        "Diluted NI Availto Com Stockholders": -996000.0,
        "Average Dilution Earnings": 0.0,
        "Net Income Common Stockholders": -996000.0,
        "Otherunder Preferred Stock Dividend": 16000.0,
        "Preferred Stock Dividends": 125000.0,
        "Net Income": -855000.0,
        "Minority Interests": 61000.0,
        "Net Income Including Noncontrolling Interests": -916000.0,
        "Net Income Continuous Operations": -916000.0,
        "Tax Provision": 182000.0,
        "Pretax Income": -734000.0,
        "Other Income Expense": 269000.0,
        "Other Non Operating Income Expenses": 10000.0,
        "Special Income Charges": -15000.0,
        "Gain On Sale Of Ppe": -15000.0,
        "Gain On Sale Of Business": NaN,
        "Impairment Of Capital Assets": 0.0,
        "Earnings From Equity Interest": 274000.0,
        "Net Non Operating Interest Income Expense": -388000.0,
        "Interest Expense Non Operating": 410000.0,
        "Interest Income Non Operating": 22000.0,
        "Operating Income": -615000.0,
        "Operating Expense": 4957000.0,
        "Selling General And Administration": 4957000.0,
        "Gross Profit": 4342000.0,
        "Cost Of Revenue": 43136000.0,
        "Total Revenue": 47478000.0,
        "Operating Revenue": 45942000.0
    }
}