{
    "2023-03-31": {
        "Tax Effect Of Unusual Items": NaN,
        "Tax Rate For Calcs": NaN,
        "Normalized EBITDA": NaN,
        "Total Unusual Items": NaN,
        "Total Unusual Items Excluding Goodwill": NaN,
        "Net Income From Continuing Operation Net Minority Interest": NaN,
        "Reconciled Depreciation": NaN,
        "Reconciled Cost Of Revenue": NaN,
        "EBITDA": NaN,
        "EBIT": NaN,
        "Net Interest Income": NaN,
        "Interest Expense": NaN,
        "Normalized Income": NaN,
        "Net Income From Continuing And Discontinued Operation": NaN,
        "Total Expenses": NaN,
        "Total Operating Income As Reported": NaN,
        "Diluted Average Shares": 251400000.0,
        "Basic Average Shares": 251200000.0,
        "Diluted EPS": 0.65,
        "Basic EPS": 0.65,
        "Diluted NI Availto Com Stockholders": NaN,
        "Net Income Common Stockholders": NaN,
        "Net Income": NaN,
        "Net Income Including Noncontrolling Interests": NaN,
        "Net Income Continuous Operations": NaN,
        "Tax Provision": NaN,
        "Pretax Income": NaN,
        "Other Income Expense": NaN,
        "Other Non Operating Income Expenses": NaN,
        "Special Income Charges": NaN,
        "Other Special Charges": NaN,
        "Earnings From Equity Interest": NaN,
        "Net Non Operating Interest Income Expense": NaN,
        "Interest Expense Non Operating": NaN,
        "Operating Income": NaN,
        "Operating Expense": NaN,
        "Other Operating Expenses": NaN,
        "Other Taxes": NaN,
        "Depreciation Amortization Depletion Income Statement": NaN,
        "Depreciation And Amortization In Income Statement": NaN,
        "Gross Profit": NaN,
        "Cost Of Revenue": NaN,
        "Total Revenue": NaN,
        "Operating Revenue": NaN
    },
    "2022-12-31": {
        "Tax Effect Of Unusual Items": 5460000.0,
        "Tax Rate For Calcs": 0.21,
        "Normalized EBITDA": 337000000.0,
        "Total Unusual Items": 26000000.0,
        "Total Unusual Items Excluding Goodwill": 26000000.0,
        "Net Income From Continuing Operation Net Minority Interest": 107000000.0,
        "Reconciled Depreciation": 170000000.0,
        "Reconciled Cost Of Revenue": 701000000.0,
        "EBITDA": 363000000.0,
        "EBIT": 193000000.0,
        "Net Interest Income": -90000000.0,
        "Interest Expense": 90000000.0,
        "Normalized Income": 86460000.0,
        "Net Income From Continuing And Discontinued Operation": 107000000.0,
        "Total Expenses": 899000000.0,
        "Total Operating Income As Reported": 159000000.0,
        "Diluted Average Shares": 251400000.0,
        "Basic Average Shares": 251100000.0,
        "Diluted EPS": 0.43,
        "Basic EPS": 0.43,
        "Diluted NI Availto Com Stockholders": 107000000.0,
        "Net Income Common Stockholders": 107000000.0,
        "Net Income": 107000000.0,
        "Net Income Including Noncontrolling Interests": 107000000.0,
        "Net Income Continuous Operations": 107000000.0,
        "Tax Provision": -4000000.0,
        "Pretax Income": 103000000.0,
        "Other Income Expense": 34000000.0,
        "Other Non Operating Income Expenses": NaN,
        "Special Income Charges": 26000000.0,
        "Other Special Charges": -26000000.0,
        "Earnings From Equity Interest": 14000000.0,
        "Net Non Operating Interest Income Expense": -90000000.0,
        "Interest Expense Non Operating": 90000000.0,
        "Operating Income": 159000000.0,
        "Operating Expense": 198000000.0,
        "Other Taxes": 28000000.0,
        "Depreciation Amortization Depletion Income Statement": 170000000.0,
        "Depreciation And Amortization In Income Statement": 170000000.0,
        "Gross Profit": 357000000.0,
        "Cost Of Revenue": 701000000.0,
        "Total Revenue": 1058000000.0,
        "Operating Revenue": 1035000000.0
    },
    "2022-09-30": {
        "Tax Effect Of Unusual Items": 580912.863071,
        "Tax Rate For Calcs": 0.058091,
        "Normalized EBITDA": 483000000.0,
        "Total Unusual Items": 10000000.0,
        "Total Unusual Items Excluding Goodwill": 10000000.0,
        "Net Income From Continuing Operation Net Minority Interest": 227000000.0,
        "Reconciled Depreciation": 169000000.0,
        "Reconciled Cost Of Revenue": 629000000.0,
        "EBITDA": 493000000.0,
        "EBIT": 324000000.0,
        "Net Interest Income": -83000000.0,
        "Interest Expense": 83000000.0,
        "Normalized Income": 217580912.863071,
        "Net Income From Continuing And Discontinued Operation": 227000000.0,
        "Total Expenses": 826000000.0,
        "Total Operating Income As Reported": 309000000.0,
        "Diluted Average Shares": 251300000.0,
        "Basic Average Shares": 251000000.0,
        "Diluted EPS": 0.9,
        "Basic EPS": 0.9,
        "Diluted NI Availto Com Stockholders": 227000000.0,
        "Net Income Common Stockholders": 227000000.0,
        "Net Income": 227000000.0,
        "Net Income Including Noncontrolling Interests": 227000000.0,
        "Net Income Continuous Operations": 227000000.0,
        "Tax Provision": 14000000.0,
        "Pretax Income": 241000000.0,
        "Other Income Expense": 15000000.0,
        "Other Non Operating Income Expenses": NaN,
        "Special Income Charges": 10000000.0,
        "Other Special Charges": -10000000.0,
        "Earnings From Equity Interest": 5000000.0,
        "Net Non Operating Interest Income Expense": -83000000.0,
        "Interest Expense Non Operating": 83000000.0,
        "Operating Income": 309000000.0,
        "Operating Expense": 197000000.0,
        "Other Taxes": 28000000.0,
        "Depreciation Amortization Depletion Income Statement": 169000000.0,
        "Depreciation And Amortization In Income Statement": 169000000.0,
        "Gross Profit": 506000000.0,
        "Cost Of Revenue": 629000000.0,
        "Total Revenue": 1135000000.0,
        "Operating Revenue": 1112000000.0
    },
    "2022-06-30": {
        "Tax Effect Of Unusual Items": 319018.404908,
        "Tax Rate For Calcs": 0.02454,
        "Normalized EBITDA": 394000000.0,
        "Total Unusual Items": 13000000.0,
        "Total Unusual Items Excluding Goodwill": 13000000.0,
        "Net Income From Continuing Operation Net Minority Interest": 159000000.0,
        "Reconciled Depreciation": 166000000.0,
        "Reconciled Cost Of Revenue": 538000000.0,
        "EBITDA": 407000000.0,
        "EBIT": 241000000.0,
        "Net Interest Income": -78000000.0,
        "Interest Expense": 78000000.0,
        "Normalized Income": 146319018.404908,
        "Net Income From Continuing And Discontinued Operation": 159000000.0,
        "Total Expenses": 731000000.0,
        "Total Operating Income As Reported": 212000000.0,
        "Diluted Average Shares": 251100000.0,
        "Basic Average Shares": 250900000.0,
        "Diluted EPS": 0.63,
        "Basic EPS": 0.63,
        "Diluted NI Availto Com Stockholders": 159000000.0,
        "Net Income Common Stockholders": 159000000.0,
        "Net Income": 159000000.0,
        "Net Income Including Noncontrolling Interests": 159000000.0,
        "Net Income Continuous Operations": 159000000.0,
        "Tax Provision": 4000000.0,
        "Pretax Income": 163000000.0,
        "Other Income Expense": 29000000.0,
        "Other Non Operating Income Expenses": NaN,
        "Special Income Charges": 13000000.0,
        "Other Special Charges": -13000000.0,
        "Earnings From Equity Interest": 16000000.0,
        "Net Non Operating Interest Income Expense": -78000000.0,
        "Interest Expense Non Operating": 78000000.0,
        "Operating Income": 212000000.0,
        "Operating Expense": 193000000.0,
        "Other Taxes": 27000000.0,
        "Depreciation Amortization Depletion Income Statement": 166000000.0,
        "Depreciation And Amortization In Income Statement": 166000000.0,
        "Gross Profit": 405000000.0,
        "Cost Of Revenue": 538000000.0,
        "Total Revenue": 943000000.0,
        "Operating Revenue": 919000000.0
    },
    "2022-03-31": {
        "Diluted EPS": 0.77,
        "Total Revenue": NaN,
        "Gross Profit": 732,
        "Operating Income": 248,
        "EBIT": 414,
        "Net Income": 192
    },
    "2021-12-31": {
        "Diluted EPS": 0.36,
        "Total Revenue": 927,
        "Gross Profit": 654,
        "Operating Income": 132,
        "EBIT": 295,
        "Net Income": 88
    },
    "2021-09-30": {
        "Diluted EPS": 1.02,
        "Total Revenue": NaN,
        "Gross Profit": 799,
        "Operating Income": 289,
        "EBIT": 454,
        "Net Income": 256
    },
    "2021-06-30": {
        "Diluted EPS": 0.57,
        "Total Revenue": 817,
        "Gross Profit": 648,
        "Operating Income": 176,
        "EBIT": 341,
        "Net Income": 144
    },
    "2021-03-31": {
        "Diluted EPS": 0.68,
        "Total Revenue": 901,
        "Gross Profit": 668,
        "Operating Income": 198,
        "EBIT": 362,
        "Net Income": 171
    },
    "2020-12-31": {
        "Diluted EPS": 0.25,
        "Total Revenue": 817,
        "Gross Profit": 627,
        "Operating Income": 112,
        "EBIT": 273,
        "Net Income": 64
    },
    "2020-09-30": {
        "Diluted EPS": 0.98,
        "Total Revenue": 920,
        "Gross Profit": 730,
        "Operating Income": 272,
        "EBIT": 428,
        "Net Income": 246
    },
    "2020-06-30": {
        "Diluted EPS": 0.54,
        "Total Revenue": 763,
        "Gross Profit": 578,
        "Operating Income": 168,
        "EBIT": 320,
        "Net Income": 134
    },
    "2020-03-31": {
        "Diluted EPS": 0.7,
        "Total Revenue": 916,
        "Gross Profit": 647,
        "Operating Income": 188,
        "EBIT": 334,
        "Net Income": 170
    },
    "2019-12-31": {
        "Diluted EPS": 0.46,
        "Total Revenue": 881,
        "Gross Profit": 635,
        "Operating Income": 161,
        "EBIT": 304,
        "Net Income": 111
    },
    "2019-09-30": {
        "Diluted EPS": 0.94,
        "Total Revenue": 990,
        "Gross Profit": 762,
        "Operating Income": 290,
        "EBIT": 434,
        "Net Income": 226
    },
    "2019-06-30": {
        "Diluted EPS": 0.4,
        "Total Revenue": 790,
        "Gross Profit": 605,
        "Operating Income": 150,
        "EBIT": 303,
        "Net Income": 95
    },
    "2019-03-31": {
        "Diluted EPS": 0.53,
        "Total Revenue": 987,
        "Gross Profit": 647,
        "Operating Income": 177,
        "EBIT": 304,
        "Net Income": 125
    },
    "2018-12-31": {
        "Diluted EPS": 0.37,
        "Total Revenue": 873,
        "Gross Profit": 576,
        "Operating Income": 121,
        "EBIT": 252,
        "Net Income": 85
    },
    "2018-09-30": {
        "Diluted EPS": 0.87,
        "Total Revenue": 929,
        "Gross Profit": 690,
        "Operating Income": 256,
        "EBIT": 385,
        "Net Income": 206
    },
    "2018-06-30": {
        "Diluted EPS": 0.43,
        "Total Revenue": 816,
        "Gross Profit": 580,
        "Operating Income": 151,
        "EBIT": 278,
        "Net Income": 100
    },
    "2018-03-31": {
        "Diluted EPS": 0.52,
        "Total Revenue": 916,
        "Gross Profit": 602,
        "Operating Income": 166,
        "EBIT": 286,
        "Net Income": 121
    },
    "2017-12-31": {
        "Diluted EPS": 0.41,
        "Total Revenue": 856,
        "Gross Profit": 577,
        "Operating Income": 134,
        "EBIT": 253,
        "Net Income": 94
    },
    "2017-09-30": {
        "Diluted EPS": 0.73,
        "Total Revenue": 907,
        "Gross Profit": 669,
        "Operating Income": 236,
        "EBIT": 357,
        "Net Income": 169
    },
    "2017-06-30": {
        "Diluted EPS": 0.41,
        "Total Revenue": 765,
        "Gross Profit": 553,
        "Operating Income": 154,
        "EBIT": 269,
        "Net Income": 94
    },
    "2017-03-31": {
        "Diluted EPS": 0.44,
        "Total Revenue": 854,
        "Gross Profit": 554,
        "Operating Income": 147,
        "EBIT": 254,
        "Net Income": 100
    },
    "2016-12-31": {
        "Diluted EPS": 0.27,
        "Total Revenue": 797,
        "Gross Profit": 527,
        "Operating Income": 117,
        "EBIT": 215,
        "Net Income": 63
    },
    "2016-09-30": {
        "Diluted EPS": 0.57,
        "Total Revenue": 925,
        "Gross Profit": 666,
        "Operating Income": 163,
        "EBIT": 267,
        "Net Income": 128
    },
    "2016-06-30": {
        "Diluted EPS": 0.37,
        "Total Revenue": 755,
        "Gross Profit": 531,
        "Operating Income": 129,
        "EBIT": 231,
        "Net Income": 84
    },
    "2016-03-31": {
        "Diluted EPS": 0.43,
        "Total Revenue": 844,
        "Gross Profit": 548,
        "Operating Income": 146,
        "EBIT": 248,
        "Net Income": 97
    },
    "2015-12-31": {
        "Diluted EPS": 0.16,
        "Total Revenue": 740,
        "Gross Profit": 497,
        "Operating Income": 79,
        "EBIT": 193,
        "Net Income": 34
    },
    "2015-09-30": {
        "Diluted EPS": 0.79,
        "Total Revenue": 899,
        "Gross Profit": 640,
        "Operating Income": 236,
        "EBIT": 335,
        "Net Income": 180
    },
    "2015-06-30": {
        "Diluted EPS": 0.3,
        "Total Revenue": 717,
        "Gross Profit": 510,
        "Operating Income": 109,
        "EBIT": 209,
        "Net Income": 68
    },
    "2015-03-31": {
        "Diluted EPS": 0.44,
        "Total Revenue": 897,
        "Gross Profit": 551,
        "Operating Income": 153,
        "EBIT": 253,
        "Net Income": 97
    },
    "2014-12-31": {
        "Diluted EPS": 0.28,
        "Total Revenue": 804,
        "Gross Profit": 511,
        "Operating Income": 91,
        "EBIT": 245,
        "Net Income": 60
    },
    "2014-09-30": {
        "Diluted EPS": 0.69,
        "Total Revenue": 843,
        "Gross Profit": 591,
        "Operating Income": 195,
        "EBIT": 292,
        "Net Income": 153
    },
    "2014-06-30": {
        "Diluted EPS": 0.28,
        "Total Revenue": 750,
        "Gross Profit": 491,
        "Operating Income": 103,
        "EBIT": 199,
        "Net Income": 62
    },
    "2014-03-31": {
        "Diluted EPS": 0.49,
        "Total Revenue": 953,
        "Gross Profit": 552,
        "Operating Income": 154,
        "EBIT": 250,
        "Net Income": 108
    },
    "2013-12-31": {
        "Diluted EPS": 0.3,
        "Total Revenue": 833,
        "Gross Profit": 505,
        "Operating Income": 109,
        "EBIT": 213,
        "Net Income": 66
    },
    "2013-09-30": {
        "Diluted EPS": 0.71,
        "Total Revenue": 867,
        "Gross Profit": 588,
        "Operating Income": 201,
        "EBIT": 303,
        "Net Income": 158
    },
    "2013-06-30": {
        "Diluted EPS": 0.3,
        "Total Revenue": 718,
        "Gross Profit": 469,
        "Operating Income": 103,
        "EBIT": 206,
        "Net Income": 65
    },
    "2013-03-31": {
        "Diluted EPS": 0.32,
        "Total Revenue": 860,
        "Gross Profit": 496,
        "Operating Income": 121,
        "EBIT": 223,
        "Net Income": 70
    },
    "2012-12-31": {
        "Diluted EPS": 0.31,
        "Total Revenue": 751,
        "Gross Profit": 539,
        "Operating Income": 102,
        "EBIT": 200,
        "Net Income": 68
    },
    "2012-09-30": {
        "Diluted EPS": 0.68,
        "Total Revenue": 888,
        "Gross Profit": 564,
        "Operating Income": 214,
        "EBIT": 311,
        "Net Income": 151
    },
    "2012-06-30": {
        "Diluted EPS": 0.3,
        "Total Revenue": 690,
        "Gross Profit": 432,
        "Operating Income": 109,
        "EBIT": 203,
        "Net Income": 66
    },
    "2012-03-31": {
        "Diluted EPS": 0.16,
        "Total Revenue": 766,
        "Gross Profit": 358,
        "Operating Income": 96,
        "EBIT": 193,
        "Net Income": 35
    },
    "2011-12-31": {
        "Diluted EPS": 0.26,
        "Total Revenue": 761,
        "Gross Profit": 450,
        "Operating Income": 106,
        "EBIT": 202,
        "Net Income": 57
    },
    "2011-09-30": {
        "Diluted EPS": 0.55,
        "Total Revenue": 871,
        "Gross Profit": 556,
        "Operating Income": 209,
        "EBIT": 305,
        "Net Income": 122
    },
    "2011-06-30": {
        "Diluted EPS": 0.23,
        "Total Revenue": 713,
        "Gross Profit": 430,
        "Operating Income": 71,
        "EBIT": 167,
        "Net Income": 51
    },
    "2011-03-31": {
        "Diluted EPS": 0.33,
        "Total Revenue": 877,
        "Gross Profit": 469,
        "Operating Income": 127,
        "EBIT": 220,
        "Net Income": 74
    },
    "2010-12-31": {
        "Diluted EPS": 0.22,
        "Total Revenue": 679,
        "Gross Profit": 345,
        "Operating Income": 104,
        "EBIT": 195,
        "Net Income": 47
    },
    "2010-09-30": {
        "Diluted EPS": 0.68,
        "Total Revenue": 952,
        "Gross Profit": 607,
        "Operating Income": 247,
        "EBIT": 336,
        "Net Income": 149
    },
    "2010-06-30": {
        "Diluted EPS": 0.22,
        "Total Revenue": 742,
        "Gross Profit": 447,
        "Operating Income": 101,
        "EBIT": 177,
        "Net Income": 48
    },
    "2010-03-31": {
        "Diluted EPS": 0.2,
        "Total Revenue": 890,
        "Gross Profit": 460,
        "Operating Income": 109,
        "EBIT": 197,
        "Net Income": 43
    },
    "2009-12-31": {
        "Diluted EPS": 0.25,
        "Total Revenue": 853,
        "Gross Profit": 496,
        "Operating Income": 101,
        "EBIT": 184,
        "Net Income": 54
    },
    "2009-09-30": {
        "Diluted EPS": -0.2,
        "Total Revenue": 884,
        "Gross Profit": 534,
        "Operating Income": 159,
        "EBIT": 241,
        "Net Income": -44
    },
    "2009-06-30": {
        "Diluted EPS": 0.13,
        "Total Revenue": 741,
        "Gross Profit": 449,
        "Operating Income": 62,
        "EBIT": 139,
        "Net Income": 29
    },
    "2009-03-31": {
        "Diluted EPS": 0.33,
        "Total Revenue": 950,
        "Gross Profit": 428,
        "Operating Income": 74,
        "EBIT": 150,
        "Net Income": 73
    },
    "2023-06-30": {
        "Tax Effect Of Unusual Items": NaN,
        "Tax Rate For Calcs": NaN,
        "Normalized EBITDA": NaN,
        "Total Unusual Items": NaN,
        "Total Unusual Items Excluding Goodwill": NaN,
        "Net Income From Continuing Operation Net Minority Interest": NaN,
        "Reconciled Depreciation": NaN,
        "Reconciled Cost Of Revenue": NaN,
        "EBITDA": NaN,
        "EBIT": NaN,
        "Net Interest Income": NaN,
        "Interest Expense": NaN,
        "Normalized Income": NaN,
        "Net Income From Continuing And Discontinued Operation": NaN,
        "Total Expenses": NaN,
        "Total Operating Income As Reported": NaN,
        "Diluted Average Shares": 251900000.0,
        "Basic Average Shares": 251700000.0,
        "Diluted EPS": 0.64,
        "Basic EPS": 0.64,
        "Diluted NI Availto Com Stockholders": NaN,
        "Net Income Common Stockholders": NaN,
        "Net Income": NaN,
        "Net Income Including Noncontrolling Interests": NaN,
        "Net Income Continuous Operations": NaN,
        "Tax Provision": NaN,
        "Pretax Income": NaN,
        "Other Income Expense": NaN,
        "Other Non Operating Income Expenses": 1000000.0,
        "Special Income Charges": NaN,
        "Other Special Charges": NaN,
        "Earnings From Equity Interest": NaN,
        "Net Non Operating Interest Income Expense": NaN,
        "Interest Expense Non Operating": NaN,
        "Operating Income": NaN,
        "Operating Expense": NaN,
        "Other Operating Expenses": NaN,
        "Other Taxes": NaN,
        "Depreciation Amortization Depletion Income Statement": NaN,
        "Depreciation And Amortization In Income Statement": NaN,
        "Gross Profit": NaN,
        "Cost Of Revenue": NaN,
        "Total Revenue": NaN,
        "Operating Revenue": NaN
    },
    "2023-09-30": {
        "Tax Effect Of Unusual Items": NaN,
        "Tax Rate For Calcs": NaN,
        "Normalized EBITDA": NaN,
        "Total Unusual Items": NaN,
        "Total Unusual Items Excluding Goodwill": NaN,
        "Net Income From Continuing Operation Net Minority Interest": NaN,
        "Reconciled Depreciation": NaN,
        "Reconciled Cost Of Revenue": NaN,
        "EBITDA": NaN,
        "EBIT": NaN,
        "Net Interest Income": NaN,
        "Interest Expense": NaN,
        "Normalized Income": NaN,
        "Net Income From Continuing And Discontinued Operation": NaN,
        "Total Expenses": NaN,
        "Total Operating Income As Reported": NaN,
        "Diluted Average Shares": NaN,
        "Basic Average Shares": NaN,
        "Diluted EPS": NaN,
        "Basic EPS": NaN,
        "Diluted NI Availto Com Stockholders": NaN,
        "Net Income Common Stockholders": NaN,
        "Net Income": NaN,
        "Net Income Including Noncontrolling Interests": NaN,
        "Net Income Continuous Operations": NaN,
        "Tax Provision": NaN,
        "Pretax Income": NaN,
        "Other Income Expense": NaN,
        "Other Non Operating Income Expenses": -1000000.0,
        "Special Income Charges": NaN,
        "Other Special Charges": NaN,
        "Earnings From Equity Interest": NaN,
        "Net Non Operating Interest Income Expense": NaN,
        "Interest Expense Non Operating": NaN,
        "Operating Income": NaN,
        "Operating Expense": NaN,
        "Other Operating Expenses": NaN,
        "Other Taxes": NaN,
        "Depreciation Amortization Depletion Income Statement": NaN,
        "Depreciation And Amortization In Income Statement": NaN,
        "Gross Profit": NaN,
        "Cost Of Revenue": NaN,
        "Total Revenue": NaN,
        "Operating Revenue": NaN
    },
    "2023-12-31": {
        "Tax Effect Of Unusual Items": NaN,
        "Tax Rate For Calcs": NaN,
        "Normalized EBITDA": NaN,
        "Total Unusual Items": NaN,
        "Total Unusual Items Excluding Goodwill": NaN,
        "Net Income From Continuing Operation Net Minority Interest": NaN,
        "Reconciled Depreciation": NaN,
        "Reconciled Cost Of Revenue": NaN,
        "EBITDA": NaN,
        "EBIT": NaN,
        "Net Interest Income": NaN,
        "Interest Expense": NaN,
        "Normalized Income": NaN,
        "Net Income From Continuing And Discontinued Operation": NaN,
        "Total Expenses": NaN,
        "Total Operating Income As Reported": NaN,
        "Diluted Average Shares": NaN,
        "Basic Average Shares": NaN,
        "Diluted EPS": NaN,
        "Basic EPS": NaN,
        "Diluted NI Availto Com Stockholders": NaN,
        "Net Income Common Stockholders": NaN,
        "Net Income": NaN,
        "Net Income Including Noncontrolling Interests": NaN,
        "Net Income Continuous Operations": NaN,
        "Tax Provision": NaN,
        "Pretax Income": NaN,
        "Other Income Expense": NaN,
        "Other Non Operating Income Expenses": -1000000.0,
        "Special Income Charges": NaN,
        "Other Special Charges": NaN,
        "Earnings From Equity Interest": NaN,
        "Net Non Operating Interest Income Expense": NaN,
        "Interest Expense Non Operating": NaN,
        "Operating Income": NaN,
        "Operating Expense": NaN,
        "Other Operating Expenses": NaN,
        "Other Taxes": NaN,
        "Depreciation Amortization Depletion Income Statement": NaN,
        "Depreciation And Amortization In Income Statement": NaN,
        "Gross Profit": NaN,
        "Cost Of Revenue": NaN,
        "Total Revenue": NaN,
        "Operating Revenue": NaN
    },
    "2024-03-31": {
        "Tax Effect Of Unusual Items": NaN,
        "Tax Rate For Calcs": NaN,
        "Normalized EBITDA": NaN,
        "Total Unusual Items": NaN,
        "Total Unusual Items Excluding Goodwill": NaN,
        "Net Income From Continuing Operation Net Minority Interest": NaN,
        "Reconciled Depreciation": NaN,
        "Reconciled Cost Of Revenue": NaN,
        "EBITDA": NaN,
        "EBIT": NaN,
        "Net Interest Income": NaN,
        "Interest Expense": NaN,
        "Normalized Income": NaN,
        "Net Income From Continuing And Discontinued Operation": NaN,
        "Total Expenses": NaN,
        "Total Operating Income As Reported": NaN,
        "Diluted Average Shares": NaN,
        "Basic Average Shares": NaN,
        "Diluted EPS": NaN,
        "Basic EPS": NaN,
        "Diluted NI Availto Com Stockholders": NaN,
        "Net Income Common Stockholders": NaN,
        "Net Income": NaN,
        "Net Income Including Noncontrolling Interests": NaN,
        "Net Income Continuous Operations": NaN,
        "Tax Provision": NaN,
        "Pretax Income": NaN,
        "Other Income Expense": NaN,
        "Other Non Operating Income Expenses": -1000000.0,
        "Special Income Charges": NaN,
        "Other Special Charges": NaN,
        "Earnings From Equity Interest": NaN,
        "Net Non Operating Interest Income Expense": NaN,
        "Interest Expense Non Operating": NaN,
        "Operating Income": NaN,
        "Operating Expense": NaN,
        "Other Operating Expenses": NaN,
        "Other Taxes": NaN,
        "Depreciation Amortization Depletion Income Statement": NaN,
        "Depreciation And Amortization In Income Statement": NaN,
        "Gross Profit": NaN,
        "Cost Of Revenue": NaN,
        "Total Revenue": NaN,
        "Operating Revenue": NaN
    },
    "2024-06-30": {
        "Tax Effect Of Unusual Items": NaN,
        "Tax Rate For Calcs": NaN,
        "Normalized EBITDA": NaN,
        "Total Unusual Items": NaN,
        "Total Unusual Items Excluding Goodwill": NaN,
        "Net Income From Continuing Operation Net Minority Interest": NaN,
        "Reconciled Depreciation": NaN,
        "Reconciled Cost Of Revenue": NaN,
        "EBITDA": NaN,
        "EBIT": NaN,
        "Net Interest Income": NaN,
        "Interest Expense": NaN,
        "Normalized Income": NaN,
        "Net Income From Continuing And Discontinued Operation": NaN,
        "Total Expenses": NaN,
        "Total Operating Income As Reported": NaN,
        "Diluted Average Shares": NaN,
        "Basic Average Shares": NaN,
        "Diluted EPS": NaN,
        "Basic EPS": NaN,
        "Diluted NI Availto Com Stockholders": NaN,
        "Net Income Common Stockholders": NaN,
        "Net Income": NaN,
        "Net Income Including Noncontrolling Interests": NaN,
        "Net Income Continuous Operations": NaN,
        "Tax Provision": NaN,
        "Pretax Income": NaN,
        "Other Income Expense": NaN,
        "Other Non Operating Income Expenses": -2000000.0,
        "Special Income Charges": NaN,
        "Other Special Charges": NaN,
        "Earnings From Equity Interest": NaN,
        "Net Non Operating Interest Income Expense": NaN,
        "Interest Expense Non Operating": NaN,
        "Operating Income": NaN,
        "Operating Expense": NaN,
        "Other Operating Expenses": 60000000.0,
        "Other Taxes": NaN,
        "Depreciation Amortization Depletion Income Statement": NaN,
        "Depreciation And Amortization In Income Statement": NaN,
        "Gross Profit": NaN,
        "Cost Of Revenue": NaN,
        "Total Revenue": NaN,
        "Operating Revenue": NaN
    },
    "2024-09-30": {
        "Tax Effect Of Unusual Items": 5400000.0,
        "Tax Rate For Calcs": 0.27,
        "Normalized EBITDA": 522000000.0,
        "Total Unusual Items": 20000000.0,
        "Total Unusual Items Excluding Goodwill": 20000000.0,
        "Net Income From Continuing Operation Net Minority Interest": 295000000.0,
        "Reconciled Depreciation": 195000000.0,
        "Reconciled Cost Of Revenue": 544000000.0,
        "EBITDA": 542000000.0,
        "EBIT": 347000000.0,
        "Net Interest Income": -114000000.0,
        "Interest Expense": 114000000.0,
        "Normalized Income": 280400000.0,
        "Net Income From Continuing And Discontinued Operation": 295000000.0,
        "Total Expenses": 768000000.0,
        "Total Operating Income As Reported": 313000000.0,
        "Diluted Average Shares": 256900000.0,
        "Basic Average Shares": 256600000.0,
        "Diluted EPS": 1.15,
        "Basic EPS": 1.15,
        "Diluted NI Availto Com Stockholders": 295000000.0,
        "Net Income Common Stockholders": 295000000.0,
        "Net Income": 295000000.0,
        "Net Income Including Noncontrolling Interests": 295000000.0,
        "Net Income Continuous Operations": 295000000.0,
        "Tax Provision": -62000000.0,
        "Pretax Income": 233000000.0,
        "Other Income Expense": 34000000.0,
        "Other Non Operating Income Expenses": NaN,
        "Special Income Charges": 20000000.0,
        "Other Special Charges": -20000000.0,
        "Earnings From Equity Interest": 14000000.0,
        "Net Non Operating Interest Income Expense": -114000000.0,
        "Interest Expense Non Operating": 114000000.0,
        "Operating Income": 313000000.0,
        "Operating Expense": 224000000.0,
        "Other Operating Expenses": NaN,
        "Other Taxes": 29000000.0,
        "Depreciation Amortization Depletion Income Statement": 195000000.0,
        "Depreciation And Amortization In Income Statement": 195000000.0,
        "Gross Profit": 537000000.0,
        "Cost Of Revenue": 544000000.0,
        "Total Revenue": 1081000000.0,
        "Operating Revenue": 1060000000.0
    },
    "2024-12-31": {
        "Tax Effect Of Unusual Items": -840000.0,
        "Tax Rate For Calcs": 0.21,
        "Normalized EBITDA": 465000000.0,
        "Total Unusual Items": -4000000.0,
        "Total Unusual Items Excluding Goodwill": -4000000.0,
        "Net Income From Continuing Operation Net Minority Interest": 150000000.0,
        "Reconciled Depreciation": 201000000.0,
        "Reconciled Cost Of Revenue": 522000000.0,
        "EBITDA": 461000000.0,
        "EBIT": 260000000.0,
        "Net Interest Income": -99000000.0,
        "Interest Expense": 120000000.0,
        "Normalized Income": 153160000.0,
        "Net Income From Continuing And Discontinued Operation": 150000000.0,
        "Total Expenses": 755000000.0,
        "Total Operating Income As Reported": 221000000.0,
        "Diluted Average Shares": 257200000.0,
        "Basic Average Shares": 256600000.0,
        "Diluted EPS": 0.58,
        "Basic EPS": 0.58,
        "Diluted NI Availto Com Stockholders": 150000000.0,
        "Net Income Common Stockholders": 150000000.0,
        "Net Income": 150000000.0,
        "Net Income Including Noncontrolling Interests": 150000000.0,
        "Net Income Continuous Operations": 150000000.0,
        "Tax Provision": -10000000.0,
        "Pretax Income": 140000000.0,
        "Other Income Expense": 18000000.0,
        "Other Non Operating Income Expenses": 5000000.0,
        "Special Income Charges": -4000000.0,
        "Other Special Charges": 4000000.0,
        "Earnings From Equity Interest": 17000000.0,
        "Net Non Operating Interest Income Expense": -99000000.0,
        "Interest Expense Non Operating": 120000000.0,
        "Operating Income": 221000000.0,
        "Operating Expense": 233000000.0,
        "Other Operating Expenses": NaN,
        "Other Taxes": 32000000.0,
        "Depreciation Amortization Depletion Income Statement": 201000000.0,
        "Depreciation And Amortization In Income Statement": 201000000.0,
        "Gross Profit": 454000000.0,
        "Cost Of Revenue": 522000000.0,
        "Total Revenue": 976000000.0,
        "Operating Revenue": 954000000.0
    },
    "2025-03-31": {
        "Tax Effect Of Unusual Items": 3780000.0,
        "Tax Rate For Calcs": 0.21,
        "Normalized EBITDA": 478000000.0,
        "Total Unusual Items": 18000000.0,
        "Total Unusual Items Excluding Goodwill": 18000000.0,
        "Net Income From Continuing Operation Net Minority Interest": 213000000.0,
        "Reconciled Depreciation": 211000000.0,
        "Reconciled Cost Of Revenue": 630000000.0,
        "EBITDA": 496000000.0,
        "EBIT": 285000000.0,
        "Net Interest Income": -119000000.0,
        "Interest Expense": 119000000.0,
        "Normalized Income": 198780000.0,
        "Net Income From Continuing And Discontinued Operation": 213000000.0,
        "Total Expenses": 871000000.0,
        "Total Operating Income As Reported": 257000000.0,
        "Diluted Average Shares": 257200000.0,
        "Basic Average Shares": 256800000.0,
        "Diluted EPS": 0.83,
        "Basic EPS": 0.83,
        "Diluted NI Availto Com Stockholders": 213000000.0,
        "Net Income Common Stockholders": 213000000.0,
        "Net Income": 213000000.0,
        "Net Income Including Noncontrolling Interests": 213000000.0,
        "Net Income Continuous Operations": 213000000.0,
        "Tax Provision": -47000000.0,
        "Pretax Income": 166000000.0,
        "Other Income Expense": 28000000.0,
        "Other Non Operating Income Expenses": -3000000.0,
        "Special Income Charges": 18000000.0,
        "Other Special Charges": -18000000.0,
        "Earnings From Equity Interest": 13000000.0,
        "Net Non Operating Interest Income Expense": -119000000.0,
        "Interest Expense Non Operating": 119000000.0,
        "Operating Income": 257000000.0,
        "Operating Expense": 241000000.0,
        "Other Operating Expenses": NaN,
        "Other Taxes": 30000000.0,
        "Depreciation Amortization Depletion Income Statement": 211000000.0,
        "Depreciation And Amortization In Income Statement": 211000000.0,
        "Gross Profit": 498000000.0,
        "Cost Of Revenue": 630000000.0,
        "Total Revenue": 1128000000.0,
        "Operating Revenue": 1106000000.0
    },
    "2025-06-30": {
        "Tax Effect Of Unusual Items": 4830000.0,
        "Tax Rate For Calcs": 0.21,
        "Normalized EBITDA": 441000000.0,
        "Total Unusual Items": 23000000.0,
        "Total Unusual Items Excluding Goodwill": 23000000.0,
        "Net Income From Continuing Operation Net Minority Interest": 174000000.0,
        "Reconciled Depreciation": 209000000.0,
        "Reconciled Cost Of Revenue": 498000000.0,
        "EBITDA": 464000000.0,
        "EBIT": 255000000.0,
        "Net Interest Income": -124000000.0,
        "Interest Expense": 124000000.0,
        "Normalized Income": 155830000.0,
        "Net Income From Continuing And Discontinued Operation": 174000000.0,
        "Total Expenses": 738000000.0,
        "Total Operating Income As Reported": 223000000.0,
        "Diluted Average Shares": 257300000.0,
        "Basic Average Shares": 256900000.0,
        "Diluted EPS": 0.68,
        "Basic EPS": 0.68,
        "Diluted NI Availto Com Stockholders": 174000000.0,
        "Net Income Common Stockholders": 174000000.0,
        "Net Income": 174000000.0,
        "Net Income Including Noncontrolling Interests": 174000000.0,
        "Net Income Continuous Operations": 174000000.0,
        "Tax Provision": -43000000.0,
        "Pretax Income": 131000000.0,
        "Other Income Expense": 32000000.0,
        "Other Non Operating Income Expenses": -1000000.0,
        "Special Income Charges": 23000000.0,
        "Other Special Charges": -23000000.0,
        "Earnings From Equity Interest": 10000000.0,
        "Net Non Operating Interest Income Expense": -124000000.0,
        "Interest Expense Non Operating": 124000000.0,
        "Operating Income": 223000000.0,
        "Operating Expense": 239000000.0,
        "Other Operating Expenses": NaN,
        "Other Taxes": 31000000.0,
        "Depreciation Amortization Depletion Income Statement": 208000000.0,
        "Depreciation And Amortization In Income Statement": 208000000.0,
        "Gross Profit": 462000000.0,
        "Cost Of Revenue": 499000000.0,
        "Total Revenue": 961000000.0,
        "Operating Revenue": 938000000.0
    },
    "2025-09-30": {
        "Tax Effect Of Unusual Items": 1680000.0,
        "Tax Rate For Calcs": 0.07,
        "Normalized EBITDA": 578000000.0,
        "Total Unusual Items": 24000000.0,
        "Total Unusual Items Excluding Goodwill": 24000000.0,
        "Net Income From Continuing Operation Net Minority Interest": 281000000.0,
        "Reconciled Depreciation": 211000000.0,
        "Reconciled Cost Of Revenue": 621000000.0,
        "EBITDA": 602000000.0,
        "EBIT": 391000000.0,
        "Net Interest Income": -128000000.0,
        "Interest Expense": 128000000.0,
        "Normalized Income": 258680000.0,
        "Net Income From Continuing And Discontinued Operation": 281000000.0,
        "Total Expenses": 861000000.0,
        "Total Operating Income As Reported": 349000000.0,
        "Diluted Average Shares": 257800000.0,
        "Basic Average Shares": 257000000.0,
        "Diluted EPS": 1.09,
        "Basic EPS": 1.09,
        "Diluted NI Availto Com Stockholders": 281000000.0,
        "Net Income Common Stockholders": 281000000.0,
        "Net Income": 281000000.0,
        "Net Income Including Noncontrolling Interests": 281000000.0,
        "Net Income Continuous Operations": 281000000.0,
        "Tax Provision": -18000000.0,
        "Pretax Income": 263000000.0,
        "Other Income Expense": 42000000.0,
        "Other Non Operating Income Expenses": NaN,
        "Special Income Charges": 24000000.0,
        "Other Special Charges": -24000000.0,
        "Earnings From Equity Interest": 18000000.0,
        "Net Non Operating Interest Income Expense": -128000000.0,
        "Interest Expense Non Operating": 128000000.0,
        "Operating Income": 349000000.0,
        "Operating Expense": 240000000.0,
        "Other Operating Expenses": NaN,
        "Other Taxes": 29000000.0,
        "Depreciation Amortization Depletion Income Statement": 211000000.0,
        "Depreciation And Amortization In Income Statement": 211000000.0,
        "Gross Profit": 589000000.0,
        "Cost Of Revenue": 621000000.0,
        "Total Revenue": 1210000000.0,
        "Operating Revenue": 1187000000.0
    }
}