{
    "2023-03-31": {
        "Tax Effect Of Unusual Items": NaN,
        "Tax Rate For Calcs": NaN,
        "Normalized EBITDA": NaN,
        "Total Unusual Items": NaN,
        "Total Unusual Items Excluding Goodwill": NaN,
        "Net Income From Continuing Operation Net Minority Interest": NaN,
        "Reconciled Depreciation": NaN,
        "Reconciled Cost Of Revenue": NaN,
        "EBITDA": NaN,
        "EBIT": NaN,
        "Net Interest Income": NaN,
        "Interest Expense": NaN,
        "Interest Income": NaN,
        "Normalized Income": NaN,
        "Net Income From Continuing And Discontinued Operation": NaN,
        "Total Expenses": NaN,
        "Total Operating Income As Reported": NaN,
        "Diluted Average Shares": NaN,
        "Basic Average Shares": NaN,
        "Diluted EPS": NaN,
        "Basic EPS": NaN,
        "Diluted NI Availto Com Stockholders": NaN,
        "Net Income Common Stockholders": NaN,
        "Net Income": NaN,
        "Net Income Including Noncontrolling Interests": NaN,
        "Net Income Continuous Operations": NaN,
        "Tax Provision": NaN,
        "Pretax Income": NaN,
        "Other Income Expense": NaN,
        "Other Non Operating Income Expenses": NaN,
        "Special Income Charges": NaN,
        "Gain On Sale Of Ppe": NaN,
        "Other Special Charges": -96000.0,
        "Gain On Sale Of Security": NaN,
        "Net Non Operating Interest Income Expense": NaN,
        "Interest Expense Non Operating": NaN,
        "Interest Income Non Operating": NaN,
        "Operating Income": NaN,
        "Operating Expense": NaN,
        "Research And Development": NaN,
        "Selling General And Administration": NaN,
        "Selling And Marketing Expense": NaN,
        "General And Administrative Expense": NaN,
        "Other Gand A": NaN,
        "Gross Profit": NaN,
        "Cost Of Revenue": NaN,
        "Total Revenue": NaN,
        "Operating Revenue": NaN
    },
    "2022-12-31": {
        "Tax Effect Of Unusual Items": NaN,
        "Tax Rate For Calcs": NaN,
        "Normalized EBITDA": NaN,
        "Total Unusual Items": NaN,
        "Total Unusual Items Excluding Goodwill": NaN,
        "Net Income From Continuing Operation Net Minority Interest": NaN,
        "Reconciled Depreciation": NaN,
        "Reconciled Cost Of Revenue": NaN,
        "EBITDA": NaN,
        "EBIT": NaN,
        "Net Interest Income": NaN,
        "Interest Expense": NaN,
        "Interest Income": NaN,
        "Normalized Income": NaN,
        "Net Income From Continuing And Discontinued Operation": NaN,
        "Total Expenses": NaN,
        "Total Operating Income As Reported": NaN,
        "Diluted Average Shares": NaN,
        "Basic Average Shares": NaN,
        "Diluted EPS": NaN,
        "Basic EPS": NaN,
        "Diluted NI Availto Com Stockholders": NaN,
        "Net Income Common Stockholders": NaN,
        "Net Income": NaN,
        "Net Income Including Noncontrolling Interests": NaN,
        "Net Income Continuous Operations": NaN,
        "Tax Provision": NaN,
        "Pretax Income": NaN,
        "Other Income Expense": NaN,
        "Other Non Operating Income Expenses": NaN,
        "Special Income Charges": NaN,
        "Gain On Sale Of Ppe": NaN,
        "Other Special Charges": 3980000.0,
        "Gain On Sale Of Security": NaN,
        "Net Non Operating Interest Income Expense": NaN,
        "Interest Expense Non Operating": NaN,
        "Interest Income Non Operating": NaN,
        "Operating Income": NaN,
        "Operating Expense": NaN,
        "Research And Development": NaN,
        "Selling General And Administration": NaN,
        "Selling And Marketing Expense": NaN,
        "General And Administrative Expense": NaN,
        "Other Gand A": NaN,
        "Gross Profit": NaN,
        "Cost Of Revenue": NaN,
        "Total Revenue": NaN,
        "Operating Revenue": NaN
    },
    "2022-09-30": {
        "Tax Effect Of Unusual Items": -421163.631107,
        "Tax Rate For Calcs": 0.262407,
        "Normalized EBITDA": 98402000.0,
        "Total Unusual Items": -1605000.0,
        "Total Unusual Items Excluding Goodwill": -1605000.0,
        "Net Income From Continuing Operation Net Minority Interest": 61232000.0,
        "Reconciled Depreciation": 12155000.0,
        "Reconciled Cost Of Revenue": 91859000.0,
        "EBITDA": 96797000.0,
        "EBIT": 84642000.0,
        "Net Interest Income": -1122000.0,
        "Interest Expense": 1626000.0,
        "Interest Income": 504000.0,
        "Normalized Income": 62415836.368893,
        "Net Income From Continuing And Discontinued Operation": 61232000.0,
        "Total Expenses": 153549000.0,
        "Total Operating Income As Reported": 85743000.0,
        "Diluted Average Shares": 71075000.0,
        "Basic Average Shares": 68756000.0,
        "Diluted EPS": 0.86,
        "Basic EPS": 0.89,
        "Diluted NI Availto Com Stockholders": 61232000.0,
        "Net Income Common Stockholders": 61232000.0,
        "Net Income": 61232000.0,
        "Net Income Including Noncontrolling Interests": 61232000.0,
        "Net Income Continuous Operations": 61232000.0,
        "Tax Provision": 21784000.0,
        "Pretax Income": 83016000.0,
        "Other Income Expense": -1605000.0,
        "Other Non Operating Income Expenses": NaN,
        "Special Income Charges": -1460000.0,
        "Gain On Sale Of Ppe": 0.0,
        "Other Special Charges": 1460000.0,
        "Gain On Sale Of Security": -145000.0,
        "Net Non Operating Interest Income Expense": -1122000.0,
        "Interest Expense Non Operating": 1626000.0,
        "Interest Income Non Operating": 504000.0,
        "Operating Income": 85743000.0,
        "Operating Expense": 61690000.0,
        "Research And Development": 12517000.0,
        "Selling General And Administration": 49173000.0,
        "Selling And Marketing Expense": 25414000.0,
        "General And Administrative Expense": 23759000.0,
        "Other Gand A": 23759000.0,
        "Gross Profit": 147433000.0,
        "Cost Of Revenue": 91859000.0,
        "Total Revenue": 239292000.0,
        "Operating Revenue": 239292000.0
    },
    "2022-06-30": {
        "Tax Effect Of Unusual Items": 82931.372391,
        "Tax Rate For Calcs": 0.30602,
        "Normalized EBITDA": 75350000.0,
        "Total Unusual Items": 271000.0,
        "Total Unusual Items Excluding Goodwill": 271000.0,
        "Net Income From Continuing Operation Net Minority Interest": 43058000.0,
        "Reconciled Depreciation": 12107000.0,
        "Reconciled Cost Of Revenue": 85694000.0,
        "EBITDA": 75621000.0,
        "EBIT": 63514000.0,
        "Net Interest Income": -1430000.0,
        "Interest Expense": 1469000.0,
        "Interest Income": 39000.0,
        "Normalized Income": 42869931.372391,
        "Net Income From Continuing And Discontinued Operation": 43058000.0,
        "Total Expenses": 160519000.0,
        "Total Operating Income As Reported": 63204000.0,
        "Diluted Average Shares": 70796000.0,
        "Basic Average Shares": 68674000.0,
        "Diluted EPS": 0.61,
        "Basic EPS": 0.63,
        "Diluted NI Availto Com Stockholders": 43058000.0,
        "Net Income Common Stockholders": 43058000.0,
        "Net Income": 43058000.0,
        "Net Income Including Noncontrolling Interests": 43058000.0,
        "Net Income Continuous Operations": 43058000.0,
        "Tax Provision": 18987000.0,
        "Pretax Income": 62045000.0,
        "Other Income Expense": 271000.0,
        "Other Non Operating Income Expenses": NaN,
        "Special Income Charges": 396000.0,
        "Gain On Sale Of Ppe": 0.0,
        "Other Special Charges": -396000.0,
        "Gain On Sale Of Security": -125000.0,
        "Net Non Operating Interest Income Expense": -1430000.0,
        "Interest Expense Non Operating": 1469000.0,
        "Interest Income Non Operating": 39000.0,
        "Operating Income": 63204000.0,
        "Operating Expense": 74825000.0,
        "Research And Development": 14735000.0,
        "Selling General And Administration": 60090000.0,
        "Selling And Marketing Expense": 27492000.0,
        "General And Administrative Expense": 32598000.0,
        "Other Gand A": 32598000.0,
        "Gross Profit": 138029000.0,
        "Cost Of Revenue": 85694000.0,
        "Total Revenue": 223723000.0,
        "Operating Revenue": 223723000.0
    },
    "2023-06-30": {
        "Tax Effect Of Unusual Items": NaN,
        "Tax Rate For Calcs": NaN,
        "Normalized EBITDA": NaN,
        "Total Unusual Items": NaN,
        "Total Unusual Items Excluding Goodwill": NaN,
        "Net Income From Continuing Operation Net Minority Interest": NaN,
        "Reconciled Depreciation": NaN,
        "Reconciled Cost Of Revenue": NaN,
        "EBITDA": NaN,
        "EBIT": NaN,
        "Net Interest Income": NaN,
        "Interest Expense": NaN,
        "Interest Income": NaN,
        "Normalized Income": NaN,
        "Net Income From Continuing And Discontinued Operation": NaN,
        "Total Expenses": NaN,
        "Total Operating Income As Reported": NaN,
        "Diluted Average Shares": 71014000.0,
        "Basic Average Shares": 68371000.0,
        "Diluted EPS": 1.33,
        "Basic EPS": 1.38,
        "Diluted NI Availto Com Stockholders": NaN,
        "Net Income Common Stockholders": NaN,
        "Net Income": NaN,
        "Net Income Including Noncontrolling Interests": NaN,
        "Net Income Continuous Operations": NaN,
        "Tax Provision": NaN,
        "Pretax Income": NaN,
        "Other Income Expense": NaN,
        "Other Non Operating Income Expenses": NaN,
        "Special Income Charges": NaN,
        "Gain On Sale Of Ppe": NaN,
        "Other Special Charges": -232000.0,
        "Gain On Sale Of Security": NaN,
        "Net Non Operating Interest Income Expense": NaN,
        "Interest Expense Non Operating": NaN,
        "Interest Income Non Operating": NaN,
        "Operating Income": NaN,
        "Operating Expense": NaN,
        "Research And Development": NaN,
        "Selling General And Administration": NaN,
        "Selling And Marketing Expense": NaN,
        "General And Administrative Expense": NaN,
        "Other Gand A": NaN,
        "Gross Profit": NaN,
        "Cost Of Revenue": NaN,
        "Total Revenue": NaN,
        "Operating Revenue": NaN
    },
    "2022-03-31": {
        "Diluted EPS": 0.61,
        "Total Revenue": 209,
        "Gross Profit": 129,
        "Operating Income": 59,
        "EBIT": 71,
        "Net Income": 43
    },
    "2021-12-31": {
        "Diluted EPS": -0.6,
        "Total Revenue": 130,
        "Gross Profit": 58,
        "Operating Income": -35,
        "EBIT": -32,
        "Net Income": -40
    },
    "2021-09-30": {
        "Diluted EPS": -0.2,
        "Total Revenue": 102,
        "Gross Profit": 43,
        "Operating Income": -14,
        "EBIT": 8,
        "Net Income": -13
    },
    "2021-06-30": {
        "Diluted EPS": -0.39,
        "Total Revenue": 101,
        "Gross Profit": 46,
        "Operating Income": -27,
        "EBIT": -17,
        "Net Income": -27
    },
    "2021-03-31": {
        "Diluted EPS": 0.13,
        "Total Revenue": 93,
        "Gross Profit": 41,
        "Operating Income": 16,
        "EBIT": 24,
        "Net Income": 9
    },
    "2020-12-31": {
        "Diluted EPS": -0.07,
        "Total Revenue": 94,
        "Gross Profit": 39,
        "Operating Income": -1,
        "EBIT": 1,
        "Net Income": -3
    },
    "2020-09-30": {
        "Diluted EPS": -0.1,
        "Total Revenue": 89,
        "Gross Profit": 36,
        "Operating Income": -5,
        "EBIT": 3,
        "Net Income": -6
    },
    "2020-06-30": {
        "Diluted EPS": -0.16,
        "Total Revenue": 66,
        "Gross Profit": 26,
        "Operating Income": -6,
        "EBIT": -1,
        "Net Income": -7
    },
    "2020-03-31": {
        "Diluted EPS": 0.08,
        "Total Revenue": 91,
        "Gross Profit": 38,
        "Operating Income": 7,
        "EBIT": 18,
        "Net Income": 3
    },
    "2019-12-31": {
        "Diluted EPS": 0.26,
        "Total Revenue": 89,
        "Gross Profit": 45,
        "Operating Income": 12,
        "EBIT": 16,
        "Net Income": 10
    },
    "2019-09-30": {
        "Diluted EPS": 0.12,
        "Total Revenue": 86,
        "Gross Profit": 42,
        "Operating Income": 9,
        "EBIT": 12,
        "Net Income": 5
    },
    "2019-06-30": {
        "Diluted EPS": 0.16,
        "Total Revenue": 86,
        "Gross Profit": 45,
        "Operating Income": 15,
        "EBIT": 18,
        "Net Income": 6
    },
    "2019-03-31": {
        "Diluted EPS": 0.25,
        "Total Revenue": 87,
        "Gross Profit": 44,
        "Operating Income": 16,
        "EBIT": 20,
        "Net Income": 10
    },
    "2018-12-31": {
        "Diluted EPS": 0.33,
        "Total Revenue": 86,
        "Gross Profit": 44,
        "Operating Income": 17,
        "EBIT": 21,
        "Net Income": 13
    },
    "2018-09-30": {
        "Diluted EPS": 0.24,
        "Total Revenue": 89,
        "Gross Profit": 45,
        "Operating Income": 16,
        "EBIT": 20,
        "Net Income": 9
    },
    "2018-06-30": {
        "Diluted EPS": 0.25,
        "Total Revenue": 86,
        "Gross Profit": 44,
        "Operating Income": 16,
        "EBIT": 20,
        "Net Income": 10
    },
    "2018-03-31": {
        "Diluted EPS": 0.21,
        "Total Revenue": 83,
        "Gross Profit": 42,
        "Operating Income": 15,
        "EBIT": 19,
        "Net Income": 8
    },
    "2017-12-31": {
        "Diluted EPS": 2.49,
        "Total Revenue": 81,
        "Gross Profit": 38,
        "Operating Income": 9,
        "EBIT": 14,
        "Net Income": 97
    },
    "2017-09-30": {
        "Diluted EPS": 0.22,
        "Total Revenue": 80,
        "Gross Profit": 39,
        "Operating Income": 13,
        "EBIT": 17,
        "Net Income": 9
    },
    "2017-06-30": {
        "Diluted EPS": 0.35,
        "Total Revenue": 89,
        "Gross Profit": 46,
        "Operating Income": 18,
        "EBIT": 23,
        "Net Income": 14
    },
    "2017-03-31": {
        "Diluted EPS": 0.11,
        "Total Revenue": 81,
        "Gross Profit": 40,
        "Operating Income": 12,
        "EBIT": 18,
        "Net Income": 4
    },
    "2016-12-31": {
        "Diluted EPS": 0.11,
        "Total Revenue": 74,
        "Gross Profit": 35,
        "Operating Income": 12,
        "EBIT": 18,
        "Net Income": 5
    },
    "2016-09-30": {
        "Diluted EPS": 0.13,
        "Total Revenue": 73,
        "Gross Profit": 34,
        "Operating Income": 13,
        "EBIT": 17,
        "Net Income": 4
    },
    "2016-06-30": {
        "Diluted EPS": 0.24,
        "Total Revenue": 78,
        "Gross Profit": 36,
        "Operating Income": 14,
        "EBIT": 19,
        "Net Income": 7
    },
    "2016-03-31": {
        "Diluted EPS": 0.34,
        "Total Revenue": 76,
        "Gross Profit": 34,
        "Operating Income": 18,
        "EBIT": 22,
        "Net Income": 10
    },
    "2015-12-31": {
        "Diluted EPS": 0.49,
        "Total Revenue": 71,
        "Gross Profit": 33,
        "Operating Income": 12,
        "EBIT": 18,
        "Net Income": 4
    },
    "2015-09-30": {
        "Diluted EPS": 0.18,
        "Total Revenue": 74,
        "Gross Profit": 34,
        "Operating Income": 13,
        "EBIT": 17,
        "Net Income": 5
    },
    "2015-06-30": {
        "Diluted EPS": -1.29,
        "Total Revenue": 73,
        "Gross Profit": 33,
        "Operating Income": 5,
        "EBIT": 10,
        "Net Income": -24
    },
    "2015-03-31": {
        "Diluted EPS": 0.02,
        "Total Revenue": 75,
        "Gross Profit": 36,
        "Operating Income": 11,
        "EBIT": 19,
        "Net Income": 0
    },
    "2014-12-31": {
        "Diluted EPS": 0.0,
        "Total Revenue": NaN,
        "Gross Profit": NaN,
        "Operating Income": NaN,
        "EBIT": NaN,
        "Net Income": NaN
    },
    "2014-09-30": {
        "Diluted EPS": -0.05,
        "Total Revenue": 76,
        "Gross Profit": 32,
        "Operating Income": 9,
        "EBIT": 16,
        "Net Income": -1
    },
    "2014-06-30": {
        "Diluted EPS": -0.09,
        "Total Revenue": 76,
        "Gross Profit": 31,
        "Operating Income": 10,
        "EBIT": 10,
        "Net Income": -2
    },
    "2013-12-31": {
        "Diluted EPS": 0.0,
        "Total Revenue": NaN,
        "Gross Profit": NaN,
        "Operating Income": NaN,
        "EBIT": NaN,
        "Net Income": NaN
    },
    "2012-12-31": {
        "Diluted EPS": 0.0,
        "Total Revenue": NaN,
        "Gross Profit": NaN,
        "Operating Income": NaN,
        "EBIT": NaN,
        "Net Income": NaN
    },
    "2023-09-30": {
        "Tax Effect Of Unusual Items": NaN,
        "Tax Rate For Calcs": NaN,
        "Normalized EBITDA": NaN,
        "Total Unusual Items": NaN,
        "Total Unusual Items Excluding Goodwill": NaN,
        "Net Income From Continuing Operation Net Minority Interest": NaN,
        "Reconciled Depreciation": NaN,
        "Reconciled Cost Of Revenue": NaN,
        "EBITDA": NaN,
        "EBIT": NaN,
        "Net Interest Income": NaN,
        "Interest Expense": NaN,
        "Interest Income": NaN,
        "Normalized Income": NaN,
        "Net Income From Continuing And Discontinued Operation": NaN,
        "Total Expenses": NaN,
        "Total Operating Income As Reported": NaN,
        "Diluted Average Shares": NaN,
        "Basic Average Shares": NaN,
        "Diluted EPS": NaN,
        "Basic EPS": NaN,
        "Diluted NI Availto Com Stockholders": NaN,
        "Net Income Common Stockholders": NaN,
        "Net Income": NaN,
        "Net Income Including Noncontrolling Interests": NaN,
        "Net Income Continuous Operations": NaN,
        "Tax Provision": NaN,
        "Pretax Income": NaN,
        "Other Income Expense": NaN,
        "Other Non Operating Income Expenses": NaN,
        "Special Income Charges": NaN,
        "Gain On Sale Of Ppe": NaN,
        "Other Special Charges": 3672000.0,
        "Gain On Sale Of Security": NaN,
        "Net Non Operating Interest Income Expense": NaN,
        "Interest Expense Non Operating": NaN,
        "Interest Income Non Operating": NaN,
        "Operating Income": NaN,
        "Operating Expense": NaN,
        "Other Operating Expenses": NaN,
        "Research And Development": NaN,
        "Selling General And Administration": NaN,
        "Selling And Marketing Expense": NaN,
        "General And Administrative Expense": NaN,
        "Other Gand A": NaN,
        "Gross Profit": NaN,
        "Cost Of Revenue": NaN,
        "Total Revenue": NaN,
        "Operating Revenue": NaN
    },
    "2023-12-31": {
        "Tax Effect Of Unusual Items": NaN,
        "Tax Rate For Calcs": NaN,
        "Normalized EBITDA": NaN,
        "Total Unusual Items": NaN,
        "Total Unusual Items Excluding Goodwill": NaN,
        "Net Income From Continuing Operation Net Minority Interest": NaN,
        "Reconciled Depreciation": NaN,
        "Reconciled Cost Of Revenue": NaN,
        "EBITDA": NaN,
        "EBIT": NaN,
        "Net Interest Income": NaN,
        "Interest Expense": NaN,
        "Interest Income": NaN,
        "Normalized Income": NaN,
        "Net Income From Continuing And Discontinued Operation": NaN,
        "Total Expenses": NaN,
        "Total Operating Income As Reported": NaN,
        "Diluted Average Shares": NaN,
        "Basic Average Shares": NaN,
        "Diluted EPS": NaN,
        "Basic EPS": NaN,
        "Diluted NI Availto Com Stockholders": NaN,
        "Net Income Common Stockholders": NaN,
        "Net Income": NaN,
        "Net Income Including Noncontrolling Interests": NaN,
        "Net Income Continuous Operations": NaN,
        "Tax Provision": NaN,
        "Pretax Income": NaN,
        "Other Income Expense": NaN,
        "Other Non Operating Income Expenses": NaN,
        "Special Income Charges": NaN,
        "Gain On Sale Of Ppe": NaN,
        "Other Special Charges": 1599000.0,
        "Gain On Sale Of Security": NaN,
        "Net Non Operating Interest Income Expense": NaN,
        "Interest Expense Non Operating": NaN,
        "Interest Income Non Operating": NaN,
        "Operating Income": NaN,
        "Operating Expense": NaN,
        "Other Operating Expenses": NaN,
        "Research And Development": NaN,
        "Selling General And Administration": NaN,
        "Selling And Marketing Expense": NaN,
        "General And Administrative Expense": NaN,
        "Other Gand A": NaN,
        "Gross Profit": NaN,
        "Cost Of Revenue": NaN,
        "Total Revenue": NaN,
        "Operating Revenue": NaN
    },
    "2024-03-31": {
        "Tax Effect Of Unusual Items": 15768090.653245,
        "Tax Rate For Calcs": 0.234732,
        "Normalized EBITDA": 124397000.0,
        "Total Unusual Items": 67175000.0,
        "Total Unusual Items Excluding Goodwill": 67175000.0,
        "Net Income From Continuing Operation Net Minority Interest": 131066000.0,
        "Reconciled Depreciation": 15445000.0,
        "Reconciled Cost Of Revenue": 128129000.0,
        "EBITDA": 191572000.0,
        "EBIT": 176127000.0,
        "Net Interest Income": 3689000.0,
        "Interest Expense": 4859000.0,
        "Interest Income": 8548000.0,
        "Normalized Income": 79659090.653245,
        "Net Income From Continuing And Discontinued Operation": 131066000.0,
        "Total Expenses": 269594000.0,
        "Total Operating Income As Reported": 106635000.0,
        "Diluted Average Shares": 70095000.0,
        "Basic Average Shares": 68757000.0,
        "Diluted EPS": 1.87,
        "Basic EPS": 1.91,
        "Diluted NI Availto Com Stockholders": 131066000.0,
        "Net Income Common Stockholders": 131066000.0,
        "Net Income": 131066000.0,
        "Net Income Including Noncontrolling Interests": 131066000.0,
        "Net Income Continuous Operations": 131066000.0,
        "Tax Provision": 40202000.0,
        "Pretax Income": 171268000.0,
        "Other Income Expense": 67198000.0,
        "Other Non Operating Income Expenses": 23000.0,
        "Special Income Charges": 6254000.0,
        "Gain On Sale Of Ppe": 6254000.0,
        "Other Special Charges": NaN,
        "Gain On Sale Of Security": 60921000.0,
        "Net Non Operating Interest Income Expense": 3689000.0,
        "Interest Expense Non Operating": 4859000.0,
        "Interest Income Non Operating": 8548000.0,
        "Operating Income": 100381000.0,
        "Operating Expense": 141465000.0,
        "Other Operating Expenses": NaN,
        "Research And Development": 48024000.0,
        "Selling General And Administration": 93441000.0,
        "Selling And Marketing Expense": 45546000.0,
        "General And Administrative Expense": 47895000.0,
        "Other Gand A": 47895000.0,
        "Gross Profit": 241846000.0,
        "Cost Of Revenue": 128129000.0,
        "Total Revenue": 369975000.0,
        "Operating Revenue": 369975000.0
    },
    "2024-06-30": {
        "Tax Effect Of Unusual Items": -6069888.0,
        "Tax Rate For Calcs": 0.264,
        "Normalized EBITDA": 127047000.0,
        "Total Unusual Items": -22992000.0,
        "Total Unusual Items Excluding Goodwill": -22992000.0,
        "Net Income From Continuing Operation Net Minority Interest": 62073000.0,
        "Reconciled Depreciation": 14819000.0,
        "Reconciled Cost Of Revenue": 138317000.0,
        "EBITDA": 104055000.0,
        "EBIT": 89236000.0,
        "Net Interest Income": 4062000.0,
        "Interest Expense": 4862000.0,
        "Interest Income": 8924000.0,
        "Normalized Income": 78995112.0,
        "Net Income From Continuing And Discontinued Operation": 62073000.0,
        "Total Expenses": 291362000.0,
        "Total Operating Income As Reported": 102729000.0,
        "Diluted Average Shares": 70601000.0,
        "Basic Average Shares": 69356000.0,
        "Diluted EPS": 0.88,
        "Basic EPS": 0.89,
        "Diluted NI Availto Com Stockholders": 62073000.0,
        "Net Income Common Stockholders": 62073000.0,
        "Net Income": 62073000.0,
        "Net Income Including Noncontrolling Interests": 62073000.0,
        "Net Income Continuous Operations": 62073000.0,
        "Tax Provision": 22301000.0,
        "Pretax Income": 84374000.0,
        "Other Income Expense": -22417000.0,
        "Other Non Operating Income Expenses": 575000.0,
        "Special Income Charges": 0.0,
        "Gain On Sale Of Ppe": 0.0,
        "Other Special Charges": NaN,
        "Gain On Sale Of Security": -22992000.0,
        "Net Non Operating Interest Income Expense": 4062000.0,
        "Interest Expense Non Operating": 4862000.0,
        "Interest Income Non Operating": 8924000.0,
        "Operating Income": 102729000.0,
        "Operating Expense": 153045000.0,
        "Other Operating Expenses": NaN,
        "Research And Development": 60601000.0,
        "Selling General And Administration": 92444000.0,
        "Selling And Marketing Expense": 45035000.0,
        "General And Administrative Expense": 47409000.0,
        "Other Gand A": 47409000.0,
        "Gross Profit": 255774000.0,
        "Cost Of Revenue": 138317000.0,
        "Total Revenue": 394091000.0,
        "Operating Revenue": 394091000.0
    },
    "2024-09-30": {
        "Tax Effect Of Unusual Items": 9566976.0,
        "Tax Rate For Calcs": 0.256,
        "Normalized EBITDA": 160725000.0,
        "Total Unusual Items": 37371000.0,
        "Total Unusual Items Excluding Goodwill": 37371000.0,
        "Net Income From Continuing Operation Net Minority Interest": 131093000.0,
        "Reconciled Depreciation": 17075000.0,
        "Reconciled Cost Of Revenue": 136608000.0,
        "EBITDA": 198096000.0,
        "EBIT": 181021000.0,
        "Net Interest Income": 4898000.0,
        "Interest Expense": 4903000.0,
        "Interest Income": 9801000.0,
        "Normalized Income": 103288976.0,
        "Net Income From Continuing And Discontinued Operation": 131093000.0,
        "Total Expenses": 244991000.0,
        "Total Operating Income As Reported": 133743000.0,
        "Diluted Average Shares": 73065000.0,
        "Basic Average Shares": 69464000.0,
        "Diluted EPS": 1.79,
        "Basic EPS": 1.89,
        "Diluted NI Availto Com Stockholders": 131093000.0,
        "Net Income Common Stockholders": 131093000.0,
        "Net Income": 131093000.0,
        "Net Income Including Noncontrolling Interests": 131093000.0,
        "Net Income Continuous Operations": 131093000.0,
        "Tax Provision": 45025000.0,
        "Pretax Income": 176118000.0,
        "Other Income Expense": 37477000.0,
        "Other Non Operating Income Expenses": 106000.0,
        "Special Income Charges": 0.0,
        "Gain On Sale Of Ppe": 0.0,
        "Other Special Charges": NaN,
        "Gain On Sale Of Security": 37371000.0,
        "Net Non Operating Interest Income Expense": 4898000.0,
        "Interest Expense Non Operating": 4903000.0,
        "Interest Income Non Operating": 9801000.0,
        "Operating Income": 133743000.0,
        "Operating Expense": 108383000.0,
        "Other Operating Expenses": NaN,
        "Research And Development": 24148000.0,
        "Selling General And Administration": 84235000.0,
        "Selling And Marketing Expense": 43719000.0,
        "General And Administrative Expense": 40516000.0,
        "Other Gand A": 40516000.0,
        "Gross Profit": 242126000.0,
        "Cost Of Revenue": 136608000.0,
        "Total Revenue": 378734000.0,
        "Operating Revenue": 378734000.0
    },
    "2024-12-31": {
        "Tax Effect Of Unusual Items": -24639300.0,
        "Tax Rate For Calcs": 0.21,
        "Normalized EBITDA": 138877000.0,
        "Total Unusual Items": -117330000.0,
        "Total Unusual Items Excluding Goodwill": -117330000.0,
        "Net Income From Continuing Operation Net Minority Interest": -11790000.0,
        "Reconciled Depreciation": 17285000.0,
        "Reconciled Cost Of Revenue": 142565000.0,
        "EBITDA": 21547000.0,
        "EBIT": 4262000.0,
        "Net Interest Income": 4520000.0,
        "Interest Expense": 5045000.0,
        "Interest Income": 9565000.0,
        "Normalized Income": 80900700.0,
        "Net Income From Continuing And Discontinued Operation": -11790000.0,
        "Total Expenses": 279399000.0,
        "Total Operating Income As Reported": 113872000.0,
        "Diluted Average Shares": 69217000.0,
        "Basic Average Shares": 69217000.0,
        "Diluted EPS": -0.17,
        "Basic EPS": -0.17,
        "Diluted NI Availto Com Stockholders": -11790000.0,
        "Net Income Common Stockholders": -11790000.0,
        "Net Income": -11790000.0,
        "Net Income Including Noncontrolling Interests": -11790000.0,
        "Net Income Continuous Operations": -11790000.0,
        "Tax Provision": 11007000.0,
        "Pretax Income": -783000.0,
        "Other Income Expense": -117014000.0,
        "Other Non Operating Income Expenses": 316000.0,
        "Special Income Charges": 2267000.0,
        "Gain On Sale Of Ppe": 2161000.0,
        "Other Special Charges": NaN,
        "Gain On Sale Of Security": -119597000.0,
        "Net Non Operating Interest Income Expense": 4520000.0,
        "Interest Expense Non Operating": 5045000.0,
        "Interest Income Non Operating": 9565000.0,
        "Operating Income": 111711000.0,
        "Operating Expense": 136834000.0,
        "Other Operating Expenses": NaN,
        "Research And Development": 35325000.0,
        "Selling General And Administration": 101509000.0,
        "Selling And Marketing Expense": 43640000.0,
        "General And Administrative Expense": 57869000.0,
        "Other Gand A": 57869000.0,
        "Gross Profit": 248545000.0,
        "Cost Of Revenue": 142565000.0,
        "Total Revenue": 391110000.0,
        "Operating Revenue": 391110000.0
    },
    "2025-03-31": {
        "Tax Effect Of Unusual Items": -3645360.0,
        "Tax Rate For Calcs": 0.244,
        "Normalized EBITDA": 129899000.0,
        "Total Unusual Items": -14940000.0,
        "Total Unusual Items Excluding Goodwill": -14940000.0,
        "Net Income From Continuing Operation Net Minority Interest": 72945000.0,
        "Reconciled Depreciation": 13626000.0,
        "Reconciled Cost Of Revenue": 135064000.0,
        "EBITDA": 114959000.0,
        "EBIT": 101333000.0,
        "Net Interest Income": 4678000.0,
        "Interest Expense": 4804000.0,
        "Interest Income": 9482000.0,
        "Normalized Income": 84239640.0,
        "Net Income From Continuing And Discontinued Operation": 72945000.0,
        "Total Expenses": 265970000.0,
        "Total Operating Income As Reported": 102067000.0,
        "Diluted Average Shares": 71461000.0,
        "Basic Average Shares": 68675000.0,
        "Diluted EPS": 1.02,
        "Basic EPS": 1.06,
        "Diluted NI Availto Com Stockholders": 72945000.0,
        "Net Income Common Stockholders": 72945000.0,
        "Net Income": 72945000.0,
        "Net Income Including Noncontrolling Interests": 72945000.0,
        "Net Income Continuous Operations": 72945000.0,
        "Tax Provision": 23584000.0,
        "Pretax Income": 96529000.0,
        "Other Income Expense": -14943000.0,
        "Other Non Operating Income Expenses": -3000.0,
        "Special Income Charges": 0.0,
        "Gain On Sale Of Ppe": 0.0,
        "Other Special Charges": NaN,
        "Gain On Sale Of Security": -14940000.0,
        "Net Non Operating Interest Income Expense": 4678000.0,
        "Interest Expense Non Operating": 4804000.0,
        "Interest Income Non Operating": 9482000.0,
        "Operating Income": 106794000.0,
        "Operating Expense": 130906000.0,
        "Other Operating Expenses": -4727000.0,
        "Research And Development": 36314000.0,
        "Selling General And Administration": 99319000.0,
        "Selling And Marketing Expense": 42503000.0,
        "General And Administrative Expense": 56816000.0,
        "Other Gand A": 56816000.0,
        "Gross Profit": 237700000.0,
        "Cost Of Revenue": 135064000.0,
        "Total Revenue": 372764000.0,
        "Operating Revenue": 372764000.0
    },
    "2025-06-30": {
        "Tax Effect Of Unusual Items": 3500826.0,
        "Tax Rate For Calcs": 0.246,
        "Normalized EBITDA": 108434000.0,
        "Total Unusual Items": 14231000.0,
        "Total Unusual Items Excluding Goodwill": 14231000.0,
        "Net Income From Continuing Operation Net Minority Interest": 78755000.0,
        "Reconciled Depreciation": 13231000.0,
        "Reconciled Cost Of Revenue": 137034000.0,
        "EBITDA": 122665000.0,
        "EBIT": 109434000.0,
        "Net Interest Income": 2296000.0,
        "Interest Expense": 4917000.0,
        "Interest Income": 7213000.0,
        "Normalized Income": 68024826.0,
        "Net Income From Continuing And Discontinued Operation": 78755000.0,
        "Total Expenses": 290079000.0,
        "Total Operating Income As Reported": 87966000.0,
        "Diluted Average Shares": 70312000.0,
        "Basic Average Shares": 68516000.0,
        "Diluted EPS": 1.12,
        "Basic EPS": 1.15,
        "Diluted NI Availto Com Stockholders": 78755000.0,
        "Net Income Common Stockholders": 78755000.0,
        "Net Income": 78755000.0,
        "Net Income Including Noncontrolling Interests": 78755000.0,
        "Net Income Continuous Operations": 78755000.0,
        "Tax Provision": 25762000.0,
        "Pretax Income": 104517000.0,
        "Other Income Expense": 14255000.0,
        "Other Non Operating Income Expenses": 24000.0,
        "Special Income Charges": 0.0,
        "Gain On Sale Of Ppe": 0.0,
        "Other Special Charges": NaN,
        "Gain On Sale Of Security": 14231000.0,
        "Net Non Operating Interest Income Expense": 2296000.0,
        "Interest Expense Non Operating": 4917000.0,
        "Interest Income Non Operating": 7213000.0,
        "Operating Income": 87966000.0,
        "Operating Expense": 153045000.0,
        "Other Operating Expenses": NaN,
        "Research And Development": 45489000.0,
        "Selling General And Administration": 107556000.0,
        "Selling And Marketing Expense": 41041000.0,
        "General And Administrative Expense": 66515000.0,
        "Other Gand A": 66515000.0,
        "Gross Profit": 241011000.0,
        "Cost Of Revenue": 137034000.0,
        "Total Revenue": 378045000.0,
        "Operating Revenue": 378045000.0
    }
}