{
    "2023-06-30": {
        "Tax Effect Of Unusual Items": 0.0,
        "Tax Rate For Calcs": 0.075,
        "Net Income From Continuing Operation Net Minority Interest": 17544000.0,
        "Reconciled Depreciation": 5254000.0,
        "Net Interest Income": 84302000.0,
        "Interest Expense": 85410000.0,
        "Interest Income": 169712000.0,
        "Normalized Income": 17544000.0,
        "Net Income From Continuing And Discontinued Operation": 17544000.0,
        "Diluted Average Shares": 44835089.0,
        "Basic Average Shares": 44327474.0,
        "Diluted EPS": 0.39,
        "Basic EPS": 0.4,
        "Diluted NI Availto Com Stockholders": 17544000.0,
        "Net Income Common Stockholders": 17544000.0,
        "Net Income": 17544000.0,
        "Net Income Including Noncontrolling Interests": 17544000.0,
        "Net Income Continuous Operations": 17544000.0,
        "Tax Provision": 1429000.0,
        "Pretax Income": 18973000.0,
        "Gain On Sale Of Security": 121000.0,
        "Selling General And Administration": 51136000.0,
        "Selling And Marketing Expense": 3009000.0,
        "General And Administrative Expense": 48127000.0,
        "Other Gand A": NaN,
        "Insurance And Claims": 5061000.0,
        "Salaries And Wages": 43066000.0,
        "Total Revenue": 107071000.0,
        "Operating Revenue": 107071000.0,
        "Occupancy And Equipment": 6228000.0,
        "Professional Expense And Contract Services Expense": 1996000.0,
        "Other Non Interest Expense": 13655000.0
    },
    "2023-03-31": {
        "Tax Effect Of Unusual Items": NaN,
        "Tax Rate For Calcs": NaN,
        "Net Income From Continuing Operation Net Minority Interest": NaN,
        "Reconciled Depreciation": NaN,
        "Net Interest Income": NaN,
        "Interest Expense": NaN,
        "Interest Income": NaN,
        "Normalized Income": NaN,
        "Net Income From Continuing And Discontinued Operation": NaN,
        "Diluted Average Shares": NaN,
        "Basic Average Shares": NaN,
        "Diluted EPS": NaN,
        "Basic EPS": NaN,
        "Diluted NI Availto Com Stockholders": NaN,
        "Net Income Common Stockholders": NaN,
        "Net Income": NaN,
        "Net Income Including Noncontrolling Interests": NaN,
        "Net Income Continuous Operations": NaN,
        "Tax Provision": NaN,
        "Pretax Income": NaN,
        "Gain On Sale Of Security": NaN,
        "Selling General And Administration": NaN,
        "Selling And Marketing Expense": NaN,
        "General And Administrative Expense": NaN,
        "Other Gand A": 7729000.0,
        "Insurance And Claims": NaN,
        "Salaries And Wages": NaN,
        "Total Revenue": NaN,
        "Operating Revenue": NaN,
        "Occupancy And Equipment": NaN,
        "Professional Expense And Contract Services Expense": NaN,
        "Other Non Interest Expense": NaN
    },
    "2022-12-31": {
        "Tax Effect Of Unusual Items": 0.0,
        "Tax Rate For Calcs": 0.21,
        "Net Income From Continuing Operation Net Minority Interest": 1792000.0,
        "Reconciled Depreciation": 5153000.0,
        "Net Interest Income": 85902000.0,
        "Interest Expense": 50708000.0,
        "Interest Income": 136610000.0,
        "Normalized Income": 1792000.0,
        "Net Income From Continuing And Discontinued Operation": 1792000.0,
        "Diluted Average Shares": 44794941.0,
        "Basic Average Shares": 44005220.0,
        "Diluted EPS": 0.04,
        "Basic EPS": 0.04,
        "Diluted NI Availto Com Stockholders": 1792000.0,
        "Net Income Common Stockholders": 1792000.0,
        "Net Income": 1792000.0,
        "Net Income Including Noncontrolling Interests": 1792000.0,
        "Net Income Continuous Operations": 1792000.0,
        "Tax Provision": -1075000.0,
        "Pretax Income": 717000.0,
        "Gain On Sale Of Security": -7578000.0,
        "Selling General And Administration": 29790000.0,
        "Selling And Marketing Expense": 3892000.0,
        "General And Administrative Expense": 25898000.0,
        "Other Gand A": NaN,
        "Insurance And Claims": 2923000.0,
        "Salaries And Wages": 42560000.0,
        "Total Revenue": 94688000.0,
        "Operating Revenue": 94688000.0
    },
    "2022-09-30": {
        "Tax Effect Of Unusual Items": NaN,
        "Tax Rate For Calcs": NaN,
        "Net Income From Continuing Operation Net Minority Interest": NaN,
        "Reconciled Depreciation": NaN,
        "Net Interest Income": NaN,
        "Interest Expense": NaN,
        "Interest Income": NaN,
        "Normalized Income": NaN,
        "Net Income From Continuing And Discontinued Operation": NaN,
        "Diluted Average Shares": NaN,
        "Basic Average Shares": NaN,
        "Diluted EPS": NaN,
        "Basic EPS": NaN,
        "Diluted NI Availto Com Stockholders": NaN,
        "Net Income Common Stockholders": NaN,
        "Net Income": NaN,
        "Net Income Including Noncontrolling Interests": NaN,
        "Net Income Continuous Operations": NaN,
        "Tax Provision": NaN,
        "Pretax Income": NaN,
        "Gain On Sale Of Security": NaN,
        "Selling General And Administration": NaN,
        "Selling And Marketing Expense": NaN,
        "General And Administrative Expense": NaN,
        "Other Gand A": 10142000.0,
        "Insurance And Claims": NaN,
        "Salaries And Wages": NaN,
        "Total Revenue": NaN,
        "Operating Revenue": NaN
    },
    "2022-06-30": {
        "Tax Effect Of Unusual Items": 0.0,
        "Tax Rate For Calcs": 0.207,
        "Net Income From Continuing Operation Net Minority Interest": 97039000.0,
        "Reconciled Depreciation": 5148000.0,
        "Net Interest Income": 79934000.0,
        "Interest Expense": 19313000.0,
        "Interest Income": 99247000.0,
        "Normalized Income": 97039000.0,
        "Net Income From Continuing And Discontinued Operation": 97039000.0,
        "Diluted Average Shares": 44803278.0,
        "Basic Average Shares": 43824707.0,
        "Diluted EPS": 2.16,
        "Basic EPS": 2.22,
        "Diluted NI Availto Com Stockholders": 97039000.0,
        "Net Income Common Stockholders": 97039000.0,
        "Net Income": 97039000.0,
        "Net Income Including Noncontrolling Interests": 97039000.0,
        "Net Income Continuous Operations": 97039000.0,
        "Tax Provision": 25278000.0,
        "Pretax Income": 122317000.0,
        "Gain On Sale Of Security": 1605000.0,
        "Selling General And Administration": 58861000.0,
        "Selling And Marketing Expense": 2301000.0,
        "General And Administrative Expense": 56560000.0,
        "Other Gand A": 8120000.0,
        "Insurance And Claims": 2164000.0,
        "Salaries And Wages": 46276000.0,
        "Total Revenue": 86335000.0,
        "Operating Revenue": 86335000.0
    },
    "2022-03-31": {
        "Diluted EPS": 0.76,
        "Total Revenue": 125,
        "Gross Profit": 110,
        "Operating Income": 43,
        "EBIT": NaN,
        "Net Income": 35
    },
    "2021-12-31": {
        "Diluted EPS": 0.66,
        "Total Revenue": 126,
        "Gross Profit": 111,
        "Operating Income": 48,
        "EBIT": NaN,
        "Net Income": 30
    },
    "2021-09-30": {
        "Diluted EPS": 0.76,
        "Total Revenue": 118,
        "Gross Profit": 103,
        "Operating Income": 43,
        "EBIT": NaN,
        "Net Income": 34
    },
    "2021-06-30": {
        "Diluted EPS": 1.41,
        "Total Revenue": 158,
        "Gross Profit": 142,
        "Operating Income": 76,
        "EBIT": NaN,
        "Net Income": 64
    },
    "2021-03-31": {
        "Diluted EPS": 0.88,
        "Total Revenue": 119,
        "Gross Profit": 101,
        "Operating Income": 47,
        "EBIT": NaN,
        "Net Income": 39
    },
    "2020-12-31": {
        "Diluted EPS": 0.72,
        "Total Revenue": 94,
        "Gross Profit": 73,
        "Operating Income": 12,
        "EBIT": NaN,
        "Net Income": 30
    },
    "2020-09-30": {
        "Diluted EPS": 0.81,
        "Total Revenue": 122,
        "Gross Profit": 98,
        "Operating Income": 45,
        "EBIT": NaN,
        "Net Income": 34
    },
    "2020-06-30": {
        "Diluted EPS": 0.09,
        "Total Revenue": 89,
        "Gross Profit": 63,
        "Operating Income": 5,
        "EBIT": NaN,
        "Net Income": 4
    },
    "2020-03-31": {
        "Diluted EPS": -0.19,
        "Total Revenue": 69,
        "Gross Profit": 46,
        "Operating Income": -15,
        "EBIT": NaN,
        "Net Income": -8
    },
    "2019-12-31": {
        "Diluted EPS": 0.17,
        "Total Revenue": 82,
        "Gross Profit": 58,
        "Operating Income": 9,
        "EBIT": NaN,
        "Net Income": 7
    },
    "2019-09-30": {
        "Diluted EPS": 0.09,
        "Total Revenue": 77,
        "Gross Profit": 53,
        "Operating Income": 6,
        "EBIT": NaN,
        "Net Income": 4
    },
    "2019-06-30": {
        "Diluted EPS": 0.12,
        "Total Revenue": 70,
        "Gross Profit": 49,
        "Operating Income": 6,
        "EBIT": NaN,
        "Net Income": 5
    },
    "2019-03-31": {
        "Diluted EPS": 0.06,
        "Total Revenue": 63,
        "Gross Profit": 44,
        "Operating Income": 3,
        "EBIT": NaN,
        "Net Income": 2
    },
    "2018-12-31": {
        "Diluted EPS": 0.26,
        "Total Revenue": 55,
        "Gross Profit": 39,
        "Operating Income": 7,
        "EBIT": NaN,
        "Net Income": 10
    },
    "2018-09-30": {
        "Diluted EPS": 0.34,
        "Total Revenue": 66,
        "Gross Profit": 52,
        "Operating Income": 11,
        "EBIT": NaN,
        "Net Income": 14
    },
    "2018-06-30": {
        "Diluted EPS": 0.34,
        "Total Revenue": 72,
        "Gross Profit": 58,
        "Operating Income": 15,
        "EBIT": NaN,
        "Net Income": 14
    },
    "2018-03-31": {
        "Diluted EPS": 0.3,
        "Total Revenue": 66,
        "Gross Profit": 55,
        "Operating Income": 13,
        "EBIT": NaN,
        "Net Income": 12
    },
    "2017-12-31": {
        "Diluted EPS": 1.88,
        "Total Revenue": 126,
        "Gross Profit": 118,
        "Operating Income": 78,
        "EBIT": NaN,
        "Net Income": 72
    },
    "2017-09-30": {
        "Diluted EPS": 0.33,
        "Total Revenue": 53,
        "Gross Profit": 46,
        "Operating Income": 8,
        "EBIT": NaN,
        "Net Income": 13
    },
    "2017-06-30": {
        "Diluted EPS": 0.27,
        "Total Revenue": 51,
        "Gross Profit": 45,
        "Operating Income": 10,
        "EBIT": NaN,
        "Net Income": 10
    },
    "2017-03-31": {
        "Diluted EPS": 0.17,
        "Total Revenue": 46,
        "Gross Profit": 41,
        "Operating Income": 7,
        "EBIT": NaN,
        "Net Income": 6
    },
    "2016-12-31": {
        "Diluted EPS": 0.16,
        "Total Revenue": 43,
        "Gross Profit": 39,
        "Operating Income": 6,
        "EBIT": NaN,
        "Net Income": 5
    },
    "2016-09-30": {
        "Diluted EPS": 0.1,
        "Total Revenue": 41,
        "Gross Profit": 37,
        "Operating Income": 6,
        "EBIT": NaN,
        "Net Income": 3
    },
    "2016-06-30": {
        "Diluted EPS": 0.0,
        "Total Revenue": 33,
        "Gross Profit": 29,
        "Operating Income": 1,
        "EBIT": NaN,
        "Net Income": 0
    },
    "2016-03-31": {
        "Diluted EPS": 0.13,
        "Total Revenue": 34,
        "Gross Profit": 31,
        "Operating Income": 8,
        "EBIT": NaN,
        "Net Income": 5
    },
    "2015-12-31": {
        "Diluted EPS": 0.16,
        "Total Revenue": 35,
        "Gross Profit": 33,
        "Operating Income": 10,
        "EBIT": NaN,
        "Net Income": 6
    },
    "2015-09-30": {
        "Diluted EPS": 0.09,
        "Total Revenue": 27,
        "Gross Profit": 24,
        "Operating Income": 5,
        "EBIT": NaN,
        "Net Income": 3
    },
    "2015-06-30": {
        "Diluted EPS": 0.13,
        "Total Revenue": 26,
        "Gross Profit": 24,
        "Operating Income": 7,
        "EBIT": NaN,
        "Net Income": 4
    },
    "2015-03-31": {
        "Diluted EPS": 0.27,
        "Total Revenue": 31,
        "Gross Profit": 29,
        "Operating Income": 13,
        "EBIT": NaN,
        "Net Income": 8
    },
    "2014-12-31": {
        "Diluted EPS": 0.08,
        "Total Revenue": 22,
        "Gross Profit": 20,
        "Operating Income": 2,
        "EBIT": NaN,
        "Net Income": 2
    },
    "2014-09-30": {
        "Diluted EPS": 0.02,
        "Total Revenue": 22,
        "Gross Profit": 20,
        "Operating Income": 7,
        "EBIT": NaN,
        "Net Income": 1
    },
    "2014-06-30": {
        "Diluted EPS": 0.31,
        "Total Revenue": 20,
        "Gross Profit": 19,
        "Operating Income": 7,
        "EBIT": NaN,
        "Net Income": 7
    },
    "2014-03-31": {
        "Diluted EPS": 0.01,
        "Total Revenue": 16,
        "Gross Profit": 15,
        "Operating Income": 0,
        "EBIT": NaN,
        "Net Income": 0
    },
    "2013-12-31": {
        "Diluted EPS": 0.0,
        "Total Revenue": NaN,
        "Gross Profit": NaN,
        "Operating Income": NaN,
        "EBIT": NaN,
        "Net Income": NaN
    },
    "2012-12-31": {
        "Diluted EPS": 0.0,
        "Total Revenue": NaN,
        "Gross Profit": NaN,
        "Operating Income": NaN,
        "EBIT": NaN,
        "Net Income": NaN
    },
    "2023-09-30": {
        "Tax Effect Of Unusual Items": NaN,
        "Tax Rate For Calcs": NaN,
        "Net Income From Continuing Operation Net Minority Interest": NaN,
        "Reconciled Depreciation": NaN,
        "Net Interest Income": NaN,
        "Interest Expense": NaN,
        "Interest Income": NaN,
        "Normalized Income": NaN,
        "Net Income From Continuing And Discontinued Operation": NaN,
        "Diluted Average Shares": 45268745.0,
        "Basic Average Shares": 44408997.0,
        "Diluted EPS": 0.88,
        "Basic EPS": 0.89,
        "Diluted NI Availto Com Stockholders": NaN,
        "Net Income Common Stockholders": NaN,
        "Net Income": NaN,
        "Net Income Including Noncontrolling Interests": NaN,
        "Net Income Continuous Operations": NaN,
        "Tax Provision": NaN,
        "Pretax Income": NaN,
        "Gain On Sale Of Security": NaN,
        "Selling General And Administration": NaN,
        "Selling And Marketing Expense": NaN,
        "General And Administrative Expense": NaN,
        "Insurance And Claims": NaN,
        "Salaries And Wages": NaN,
        "Total Revenue": NaN,
        "Operating Revenue": NaN,
        "Occupancy And Equipment": NaN,
        "Professional Expense And Contract Services Expense": NaN,
        "Other Non Interest Expense": NaN
    },
    "2023-12-31": {
        "Tax Effect Of Unusual Items": 0.0,
        "Tax Rate For Calcs": 0.075555,
        "Net Income From Continuing Operation Net Minority Interest": 16163000.0,
        "Reconciled Depreciation": 5330000.0,
        "Net Interest Income": 89576000.0,
        "Interest Expense": 96960000.0,
        "Interest Income": 186536000.0,
        "Normalized Income": 16163000.0,
        "Net Income From Continuing And Discontinued Operation": 16163000.0,
        "Diluted Average Shares": 45306506.0,
        "Basic Average Shares": 44516646.0,
        "Diluted EPS": 0.36,
        "Basic EPS": 0.36,
        "Diluted NI Availto Com Stockholders": 16163000.0,
        "Net Income Common Stockholders": 16163000.0,
        "Net Income": 16163000.0,
        "Net Income Including Noncontrolling Interests": 16163000.0,
        "Net Income Continuous Operations": 16163000.0,
        "Tax Provision": 1321000.0,
        "Pretax Income": 17484000.0,
        "Gain On Sale Of Security": -14959000.0,
        "Selling General And Administration": 50866000.0,
        "Selling And Marketing Expense": 2501000.0,
        "General And Administrative Expense": 48365000.0,
        "Insurance And Claims": 4091000.0,
        "Salaries And Wages": 44274000.0,
        "Total Revenue": 101124000.0,
        "Operating Revenue": 101124000.0,
        "Occupancy And Equipment": 5711000.0,
        "Professional Expense And Contract Services Expense": 3052000.0,
        "Other Non Interest Expense": 15063000.0
    },
    "2024-03-31": {
        "Tax Effect Of Unusual Items": 0.0,
        "Tax Rate For Calcs": 0.21,
        "Net Income From Continuing Operation Net Minority Interest": 27586000.0,
        "Reconciled Depreciation": 4981000.0,
        "Net Interest Income": 90111000.0,
        "Interest Expense": 102309000.0,
        "Interest Income": 192420000.0,
        "Normalized Income": 27586000.0,
        "Net Income From Continuing And Discontinued Operation": 27586000.0,
        "Diluted Average Shares": 45641210.0,
        "Basic Average Shares": 44762308.0,
        "Diluted EPS": 0.6,
        "Basic EPS": 0.62,
        "Diluted NI Availto Com Stockholders": 27586000.0,
        "Net Income Common Stockholders": 27586000.0,
        "Net Income": 27586000.0,
        "Net Income Including Noncontrolling Interests": 27586000.0,
        "Net Income Continuous Operations": 27586000.0,
        "Tax Provision": -5479000.0,
        "Pretax Income": 22107000.0,
        "Gain On Sale Of Security": 398000.0,
        "Selling General And Administration": 54167000.0,
        "Selling And Marketing Expense": 3692000.0,
        "General And Administrative Expense": 50475000.0,
        "Insurance And Claims": 3200000.0,
        "Salaries And Wages": 47275000.0,
        "Total Revenue": 118246000.0,
        "Operating Revenue": 118246000.0,
        "Occupancy And Equipment": 5321000.0,
        "Professional Expense And Contract Services Expense": 1878000.0,
        "Other Non Interest Expense": 13387000.0
    },
    "2024-06-30": {
        "Tax Effect Of Unusual Items": 0.0,
        "Tax Rate For Calcs": 0.252,
        "Net Income From Continuing Operation Net Minority Interest": 26963000.0,
        "Reconciled Depreciation": 5343000.0,
        "Net Interest Income": 91320000.0,
        "Interest Expense": 107128000.0,
        "Interest Income": 198448000.0,
        "Normalized Income": 26963000.0,
        "Net Income From Continuing And Discontinued Operation": 26963000.0,
        "Diluted Average Shares": 45525082.0,
        "Basic Average Shares": 44974942.0,
        "Diluted EPS": 0.59,
        "Basic EPS": 0.6,
        "Diluted NI Availto Com Stockholders": 26963000.0,
        "Net Income Common Stockholders": 26963000.0,
        "Net Income": 26963000.0,
        "Net Income Including Noncontrolling Interests": 26963000.0,
        "Net Income Continuous Operations": 26963000.0,
        "Tax Provision": 9095000.0,
        "Pretax Income": 36058000.0,
        "Gain On Sale Of Security": -9000.0,
        "Selling General And Administration": 51908000.0,
        "Selling And Marketing Expense": 3004000.0,
        "General And Administrative Expense": 48904000.0,
        "Insurance And Claims": 2649000.0,
        "Salaries And Wages": 46255000.0,
        "Total Revenue": 123417000.0,
        "Operating Revenue": 123417000.0,
        "Occupancy And Equipment": 5899000.0,
        "Professional Expense And Contract Services Expense": 3061000.0,
        "Other Non Interest Expense": 12959000.0
    },
    "2024-09-30": {
        "Tax Effect Of Unusual Items": 0.0,
        "Tax Rate For Calcs": 0.27,
        "Net Income From Continuing Operation Net Minority Interest": 13025000.0,
        "Reconciled Depreciation": 6307000.0,
        "Net Interest Income": 97000000.0,
        "Interest Expense": 111936000.0,
        "Interest Income": 208936000.0,
        "Normalized Income": 13025000.0,
        "Net Income From Continuing And Discontinued Operation": 13025000.0,
        "Diluted Average Shares": 45953947.0,
        "Basic Average Shares": 45073482.0,
        "Diluted EPS": 0.28,
        "Basic EPS": 0.28,
        "Diluted NI Availto Com Stockholders": 13025000.0,
        "Net Income Common Stockholders": 13025000.0,
        "Net Income": 13025000.0,
        "Net Income Including Noncontrolling Interests": 13025000.0,
        "Net Income Continuous Operations": 13025000.0,
        "Tax Provision": 4816000.0,
        "Pretax Income": 17841000.0,
        "Gain On Sale Of Security": 794000.0,
        "Selling General And Administration": 48930000.0,
        "Selling And Marketing Expense": 2473000.0,
        "General And Administrative Expense": 46457000.0,
        "Insurance And Claims": 1933000.0,
        "Salaries And Wages": 44524000.0,
        "Total Revenue": 126338000.0,
        "Operating Revenue": 126338000.0,
        "Occupancy And Equipment": 6279000.0,
        "Professional Expense And Contract Services Expense": 3287000.0,
        "Other Non Interest Expense": 14106000.0
    },
    "2024-12-31": {
        "Tax Effect Of Unusual Items": 0.0,
        "Tax Rate For Calcs": 0.255953,
        "Net Income From Continuing Operation Net Minority Interest": 9900000.0,
        "Reconciled Depreciation": 6651000.0,
        "Net Interest Income": 97474000.0,
        "Interest Expense": 115094000.0,
        "Interest Income": 212568000.0,
        "Normalized Income": 9900000.0,
        "Net Income From Continuing And Discontinued Operation": 9900000.0,
        "Diluted Average Shares": NaN,
        "Basic Average Shares": NaN,
        "Diluted EPS": NaN,
        "Basic EPS": NaN,
        "Diluted NI Availto Com Stockholders": 9900000.0,
        "Net Income Common Stockholders": 9900000.0,
        "Net Income": 9900000.0,
        "Net Income Including Noncontrolling Interests": 9843000.0,
        "Net Income Continuous Operations": 9843000.0,
        "Tax Provision": 3386000.0,
        "Pretax Income": 13229000.0,
        "Gain On Sale Of Security": -1160000.0,
        "Selling General And Administration": 50246000.0,
        "Selling And Marketing Expense": 1979000.0,
        "General And Administrative Expense": 48267000.0,
        "Insurance And Claims": 3053000.0,
        "Salaries And Wages": 45214000.0,
        "Total Revenue": 124822000.0,
        "Operating Revenue": 124822000.0,
        "Occupancy And Equipment": 6327000.0,
        "Professional Expense And Contract Services Expense": 2797000.0,
        "Other Non Interest Expense": 15903000.0
    }
}