{
    "2023-03-31": {
        "Tax Effect Of Unusual Items": NaN,
        "Tax Rate For Calcs": NaN,
        "Normalized EBITDA": NaN,
        "Total Unusual Items": NaN,
        "Total Unusual Items Excluding Goodwill": NaN,
        "Net Income From Continuing Operation Net Minority Interest": NaN,
        "Reconciled Depreciation": NaN,
        "Reconciled Cost Of Revenue": NaN,
        "EBITDA": NaN,
        "EBIT": NaN,
        "Net Interest Income": NaN,
        "Interest Expense": NaN,
        "Normalized Income": NaN,
        "Net Income From Continuing And Discontinued Operation": NaN,
        "Total Expenses": NaN,
        "Rent Expense Supplemental": NaN,
        "Total Operating Income As Reported": NaN,
        "Diluted Average Shares": NaN,
        "Basic Average Shares": NaN,
        "Diluted EPS": NaN,
        "Basic EPS": NaN,
        "Diluted NI Availto Com Stockholders": NaN,
        "Net Income Common Stockholders": NaN,
        "Net Income": NaN,
        "Net Income Including Noncontrolling Interests": NaN,
        "Net Income Continuous Operations": NaN,
        "Tax Provision": NaN,
        "Pretax Income": NaN,
        "Other Income Expense": NaN,
        "Other Non Operating Income Expenses": 122000.0,
        "Special Income Charges": NaN,
        "Gain On Sale Of Ppe": NaN,
        "Gain On Sale Of Business": NaN,
        "Other Special Charges": -242000.0,
        "Impairment Of Capital Assets": NaN,
        "Net Non Operating Interest Income Expense": NaN,
        "Interest Expense Non Operating": NaN,
        "Operating Income": NaN,
        "Operating Expense": NaN,
        "Depreciation Amortization Depletion Income Statement": NaN,
        "Depreciation And Amortization In Income Statement": NaN,
        "Selling General And Administration": NaN,
        "General And Administrative Expense": NaN,
        "Other Gand A": NaN,
        "Gross Profit": NaN,
        "Cost Of Revenue": NaN,
        "Total Revenue": NaN,
        "Operating Revenue": NaN
    },
    "2022-12-31": {
        "Tax Effect Of Unusual Items": NaN,
        "Tax Rate For Calcs": NaN,
        "Normalized EBITDA": NaN,
        "Total Unusual Items": NaN,
        "Total Unusual Items Excluding Goodwill": NaN,
        "Net Income From Continuing Operation Net Minority Interest": NaN,
        "Reconciled Depreciation": NaN,
        "Reconciled Cost Of Revenue": NaN,
        "EBITDA": NaN,
        "EBIT": NaN,
        "Net Interest Income": NaN,
        "Interest Expense": NaN,
        "Normalized Income": NaN,
        "Net Income From Continuing And Discontinued Operation": NaN,
        "Total Expenses": NaN,
        "Rent Expense Supplemental": NaN,
        "Total Operating Income As Reported": NaN,
        "Diluted Average Shares": NaN,
        "Basic Average Shares": NaN,
        "Diluted EPS": NaN,
        "Basic EPS": NaN,
        "Diluted NI Availto Com Stockholders": NaN,
        "Net Income Common Stockholders": NaN,
        "Net Income": NaN,
        "Net Income Including Noncontrolling Interests": NaN,
        "Net Income Continuous Operations": NaN,
        "Tax Provision": NaN,
        "Pretax Income": NaN,
        "Other Income Expense": NaN,
        "Other Non Operating Income Expenses": 91000.0,
        "Special Income Charges": NaN,
        "Gain On Sale Of Ppe": NaN,
        "Gain On Sale Of Business": NaN,
        "Other Special Charges": NaN,
        "Impairment Of Capital Assets": NaN,
        "Net Non Operating Interest Income Expense": NaN,
        "Interest Expense Non Operating": NaN,
        "Operating Income": NaN,
        "Operating Expense": NaN,
        "Depreciation Amortization Depletion Income Statement": NaN,
        "Depreciation And Amortization In Income Statement": NaN,
        "Selling General And Administration": NaN,
        "General And Administrative Expense": NaN,
        "Other Gand A": NaN,
        "Gross Profit": NaN,
        "Cost Of Revenue": NaN,
        "Total Revenue": NaN,
        "Operating Revenue": NaN
    },
    "2022-09-30": {
        "Tax Effect Of Unusual Items": -62820.928519,
        "Tax Rate For Calcs": 0.261754,
        "Normalized EBITDA": 10663000.0,
        "Total Unusual Items": -240000.0,
        "Total Unusual Items Excluding Goodwill": -240000.0,
        "Net Income From Continuing Operation Net Minority Interest": 5009000.0,
        "Reconciled Depreciation": 3530000.0,
        "Reconciled Cost Of Revenue": 99389000.0,
        "EBITDA": 10423000.0,
        "EBIT": 6893000.0,
        "Net Interest Income": -108000.0,
        "Interest Expense": 108000.0,
        "Normalized Income": 5186179.071481,
        "Net Income From Continuing And Discontinued Operation": 5009000.0,
        "Total Expenses": 112774000.0,
        "Rent Expense Supplemental": 26920000.0,
        "Total Operating Income As Reported": 6864000.0,
        "Diluted Average Shares": 36507050.0,
        "Basic Average Shares": 36402899.0,
        "Diluted EPS": 0.14,
        "Basic EPS": 0.14,
        "Diluted NI Availto Com Stockholders": 5009000.0,
        "Net Income Common Stockholders": 5009000.0,
        "Net Income": 5009000.0,
        "Net Income Including Noncontrolling Interests": 5009000.0,
        "Net Income Continuous Operations": 5009000.0,
        "Tax Provision": 1776000.0,
        "Pretax Income": 6785000.0,
        "Other Income Expense": -211000.0,
        "Other Non Operating Income Expenses": 29000.0,
        "Special Income Charges": -240000.0,
        "Gain On Sale Of Ppe": -21000.0,
        "Gain On Sale Of Business": 0.0,
        "Other Special Charges": NaN,
        "Impairment Of Capital Assets": 219000.0,
        "Net Non Operating Interest Income Expense": -108000.0,
        "Total Other Finance Cost": NaN,
        "Interest Expense Non Operating": 108000.0,
        "Operating Income": 7104000.0,
        "Operating Expense": 13385000.0,
        "Depreciation Amortization Depletion Income Statement": 3530000.0,
        "Depreciation And Amortization In Income Statement": 3530000.0,
        "Selling General And Administration": 9855000.0,
        "General And Administrative Expense": 9855000.0,
        "Other Gand A": 9855000.0,
        "Gross Profit": 20489000.0,
        "Cost Of Revenue": 99389000.0,
        "Total Revenue": 119878000.0,
        "Operating Revenue": 119878000.0
    },
    "2022-06-30": {
        "Tax Effect Of Unusual Items": -86891.918399,
        "Tax Rate For Calcs": 0.299627,
        "Normalized EBITDA": 14523000.0,
        "Total Unusual Items": -290000.0,
        "Total Unusual Items Excluding Goodwill": -290000.0,
        "Net Income From Continuing Operation Net Minority Interest": 7141000.0,
        "Reconciled Depreciation": 3618000.0,
        "Reconciled Cost Of Revenue": 100095000.0,
        "EBITDA": 14233000.0,
        "EBIT": 10615000.0,
        "Net Interest Income": -419000.0,
        "Interest Expense": 419000.0,
        "Normalized Income": 7344108.081601,
        "Net Income From Continuing And Discontinued Operation": 7141000.0,
        "Total Expenses": 113392000.0,
        "Rent Expense Supplemental": 25832000.0,
        "Total Operating Income As Reported": 10429000.0,
        "Diluted Average Shares": 36473960.0,
        "Basic Average Shares": 36331099.0,
        "Diluted EPS": 0.2,
        "Basic EPS": 0.2,
        "Diluted NI Availto Com Stockholders": 7141000.0,
        "Net Income Common Stockholders": 7141000.0,
        "Net Income": 7141000.0,
        "Net Income Including Noncontrolling Interests": 7141000.0,
        "Net Income Continuous Operations": 7141000.0,
        "Tax Provision": 3055000.0,
        "Pretax Income": 10196000.0,
        "Other Income Expense": -104000.0,
        "Other Non Operating Income Expenses": 186000.0,
        "Special Income Charges": -290000.0,
        "Gain On Sale Of Ppe": -42000.0,
        "Gain On Sale Of Business": NaN,
        "Other Special Charges": NaN,
        "Impairment Of Capital Assets": 248000.0,
        "Net Non Operating Interest Income Expense": -419000.0,
        "Total Other Finance Cost": NaN,
        "Interest Expense Non Operating": 419000.0,
        "Operating Income": 10719000.0,
        "Operating Expense": 13297000.0,
        "Depreciation Amortization Depletion Income Statement": 3618000.0,
        "Depreciation And Amortization In Income Statement": 3618000.0,
        "Selling General And Administration": 9679000.0,
        "General And Administrative Expense": 9679000.0,
        "Other Gand A": 9679000.0,
        "Gross Profit": 24016000.0,
        "Cost Of Revenue": 100095000.0,
        "Total Revenue": 124111000.0,
        "Operating Revenue": 124111000.0
    },
    "2022-03-31": {
        "Diluted EPS": 0.06,
        "Total Revenue": 110,
        "Gross Profit": 26,
        "Operating Income": 3,
        "EBIT": 7,
        "Net Income": 2
    },
    "2021-12-31": {
        "Diluted EPS": 0.17,
        "Total Revenue": 109,
        "Gross Profit": 30,
        "Operating Income": 8,
        "EBIT": 12,
        "Net Income": 6
    },
    "2021-09-30": {
        "Diluted EPS": 0.28,
        "Total Revenue": 116,
        "Gross Profit": 36,
        "Operating Income": 14,
        "EBIT": 18,
        "Net Income": 10
    },
    "2021-06-30": {
        "Diluted EPS": 0.24,
        "Total Revenue": 122,
        "Gross Profit": 37,
        "Operating Income": 13,
        "EBIT": 17,
        "Net Income": 9
    },
    "2021-03-31": {
        "Diluted EPS": 0.11,
        "Total Revenue": 108,
        "Gross Profit": 29,
        "Operating Income": 6,
        "EBIT": 10,
        "Net Income": 4
    },
    "2020-12-31": {
        "Diluted EPS": 0.14,
        "Total Revenue": 110,
        "Gross Profit": 29,
        "Operating Income": 8,
        "EBIT": 13,
        "Net Income": 5
    },
    "2020-09-30": {
        "Diluted EPS": 0.28,
        "Total Revenue": 111,
        "Gross Profit": 33,
        "Operating Income": 12,
        "EBIT": 16,
        "Net Income": 10
    },
    "2020-06-30": {
        "Diluted EPS": 0.16,
        "Total Revenue": 100,
        "Gross Profit": 29,
        "Operating Income": 7,
        "EBIT": 12,
        "Net Income": 5
    },
    "2020-03-31": {
        "Diluted EPS": 0.1,
        "Total Revenue": 105,
        "Gross Profit": 29,
        "Operating Income": 6,
        "EBIT": 10,
        "Net Income": 4
    },
    "2019-12-31": {
        "Diluted EPS": 0.1,
        "Total Revenue": 108,
        "Gross Profit": 30,
        "Operating Income": 5,
        "EBIT": 10,
        "Net Income": 3
    },
    "2019-09-30": {
        "Diluted EPS": 0.18,
        "Total Revenue": 112,
        "Gross Profit": 31,
        "Operating Income": 10,
        "EBIT": 15,
        "Net Income": 6
    },
    "2019-06-30": {
        "Diluted EPS": 0.37,
        "Total Revenue": 114,
        "Gross Profit": 34,
        "Operating Income": 21,
        "EBIT": 25,
        "Net Income": 14
    },
    "2019-03-31": {
        "Diluted EPS": 0.02,
        "Total Revenue": 109,
        "Gross Profit": 29,
        "Operating Income": 2,
        "EBIT": 7,
        "Net Income": 1
    },
    "2018-12-31": {
        "Diluted EPS": -0.59,
        "Total Revenue": 106,
        "Gross Profit": 29,
        "Operating Income": -31,
        "EBIT": -26,
        "Net Income": -23
    },
    "2018-09-30": {
        "Diluted EPS": 0.17,
        "Total Revenue": 112,
        "Gross Profit": 30,
        "Operating Income": 9,
        "EBIT": 14,
        "Net Income": 7
    },
    "2018-06-30": {
        "Diluted EPS": 0.13,
        "Total Revenue": 112,
        "Gross Profit": 32,
        "Operating Income": 8,
        "EBIT": 12,
        "Net Income": 5
    },
    "2018-03-31": {
        "Diluted EPS": 0.06,
        "Total Revenue": 106,
        "Gross Profit": 29,
        "Operating Income": 4,
        "EBIT": 9,
        "Net Income": 3
    },
    "2017-12-31": {
        "Diluted EPS": 0.01,
        "Total Revenue": 95,
        "Gross Profit": 22,
        "Operating Income": -10,
        "EBIT": -5,
        "Net Income": 0
    },
    "2017-09-30": {
        "Diluted EPS": -0.11,
        "Total Revenue": 101,
        "Gross Profit": 24,
        "Operating Income": -6,
        "EBIT": -1,
        "Net Income": -4
    },
    "2017-06-30": {
        "Diluted EPS": 0.2,
        "Total Revenue": 106,
        "Gross Profit": 28,
        "Operating Income": 13,
        "EBIT": 17,
        "Net Income": 8
    },
    "2017-03-31": {
        "Diluted EPS": 0.12,
        "Total Revenue": 100,
        "Gross Profit": 25,
        "Operating Income": 9,
        "EBIT": 14,
        "Net Income": 5
    },
    "2016-12-31": {
        "Diluted EPS": 0.01,
        "Total Revenue": 92,
        "Gross Profit": 22,
        "Operating Income": 2,
        "EBIT": 6,
        "Net Income": 0
    },
    "2016-09-30": {
        "Diluted EPS": 0.13,
        "Total Revenue": 96,
        "Gross Profit": 24,
        "Operating Income": 9,
        "EBIT": 13,
        "Net Income": 5
    },
    "2016-06-30": {
        "Diluted EPS": 0.19,
        "Total Revenue": 97,
        "Gross Profit": 27,
        "Operating Income": 13,
        "EBIT": 17,
        "Net Income": 7
    },
    "2016-03-31": {
        "Diluted EPS": 0.14,
        "Total Revenue": 94,
        "Gross Profit": 24,
        "Operating Income": 10,
        "EBIT": 14,
        "Net Income": 5
    },
    "2015-12-31": {
        "Diluted EPS": 0.15,
        "Total Revenue": 86,
        "Gross Profit": 23,
        "Operating Income": 10,
        "EBIT": 13,
        "Net Income": 5
    },
    "2015-09-30": {
        "Diluted EPS": 0.12,
        "Total Revenue": 89,
        "Gross Profit": 23,
        "Operating Income": 13,
        "EBIT": 16,
        "Net Income": 5
    },
    "2015-06-30": {
        "Diluted EPS": 0.18,
        "Total Revenue": 89,
        "Gross Profit": 24,
        "Operating Income": 14,
        "EBIT": 17,
        "Net Income": 7
    },
    "2015-03-31": {
        "Diluted EPS": 0.17,
        "Total Revenue": 90,
        "Gross Profit": 25,
        "Operating Income": 13,
        "EBIT": 16,
        "Net Income": 7
    },
    "2014-12-31": {
        "Diluted EPS": 0.14,
        "Total Revenue": 90,
        "Gross Profit": 25,
        "Operating Income": 11,
        "EBIT": 15,
        "Net Income": 5
    },
    "2014-09-30": {
        "Diluted EPS": 0.7,
        "Total Revenue": 87,
        "Gross Profit": 22,
        "Operating Income": 14,
        "EBIT": 17,
        "Net Income": 26
    },
    "2014-06-30": {
        "Diluted EPS": 0.22,
        "Total Revenue": 87,
        "Gross Profit": 24,
        "Operating Income": 13,
        "EBIT": 16,
        "Net Income": 7
    },
    "2014-03-31": {
        "Diluted EPS": 0.18,
        "Total Revenue": 81,
        "Gross Profit": 22,
        "Operating Income": 12,
        "EBIT": 14,
        "Net Income": 5
    },
    "2013-12-31": {
        "Diluted EPS": -0.63,
        "Total Revenue": 76,
        "Gross Profit": 76,
        "Operating Income": 76,
        "EBIT": 79,
        "Net Income": -18
    },
    "2013-09-30": {
        "Diluted EPS": 0.03,
        "Total Revenue": 80,
        "Gross Profit": 21,
        "Operating Income": 11,
        "EBIT": 14,
        "Net Income": 1
    },
    "2013-06-30": {
        "Diluted EPS": 0.01,
        "Total Revenue": 82,
        "Gross Profit": 22,
        "Operating Income": 12,
        "EBIT": 12,
        "Net Income": 0
    },
    "2013-03-31": {
        "Diluted EPS": 0.2,
        "Total Revenue": 77,
        "Gross Profit": 77,
        "Operating Income": 77,
        "EBIT": 77,
        "Net Income": 7
    },
    "2012-12-31": {
        "Diluted EPS": 0.0,
        "Total Revenue": NaN,
        "Gross Profit": NaN,
        "Operating Income": NaN,
        "EBIT": NaN,
        "Net Income": NaN
    },
    "2023-06-30": {
        "Tax Effect Of Unusual Items": NaN,
        "Tax Rate For Calcs": NaN,
        "Normalized EBITDA": NaN,
        "Total Unusual Items": NaN,
        "Total Unusual Items Excluding Goodwill": NaN,
        "Net Income From Continuing Operation Net Minority Interest": NaN,
        "Reconciled Depreciation": NaN,
        "Reconciled Cost Of Revenue": NaN,
        "EBITDA": NaN,
        "EBIT": NaN,
        "Net Interest Income": NaN,
        "Interest Expense": NaN,
        "Normalized Income": NaN,
        "Net Income From Continuing And Discontinued Operation": NaN,
        "Total Expenses": NaN,
        "Rent Expense Supplemental": NaN,
        "Total Operating Income As Reported": NaN,
        "Diluted Average Shares": NaN,
        "Basic Average Shares": NaN,
        "Diluted EPS": NaN,
        "Basic EPS": NaN,
        "Diluted NI Availto Com Stockholders": NaN,
        "Net Income Common Stockholders": NaN,
        "Net Income": NaN,
        "Net Income Including Noncontrolling Interests": NaN,
        "Net Income Continuous Operations": NaN,
        "Tax Provision": NaN,
        "Pretax Income": NaN,
        "Other Income Expense": NaN,
        "Other Non Operating Income Expenses": -121000.0,
        "Special Income Charges": NaN,
        "Gain On Sale Of Ppe": NaN,
        "Gain On Sale Of Business": NaN,
        "Other Special Charges": NaN,
        "Impairment Of Capital Assets": NaN,
        "Net Non Operating Interest Income Expense": NaN,
        "Interest Expense Non Operating": NaN,
        "Operating Income": NaN,
        "Operating Expense": NaN,
        "Depreciation Amortization Depletion Income Statement": NaN,
        "Depreciation And Amortization In Income Statement": NaN,
        "Selling General And Administration": NaN,
        "General And Administrative Expense": NaN,
        "Other Gand A": NaN,
        "Gross Profit": NaN,
        "Cost Of Revenue": NaN,
        "Total Revenue": NaN,
        "Operating Revenue": NaN
    },
    "2023-09-30": {
        "Tax Effect Of Unusual Items": NaN,
        "Tax Rate For Calcs": NaN,
        "Normalized EBITDA": NaN,
        "Total Unusual Items": NaN,
        "Total Unusual Items Excluding Goodwill": NaN,
        "Net Income From Continuing Operation Net Minority Interest": NaN,
        "Reconciled Depreciation": NaN,
        "Reconciled Cost Of Revenue": NaN,
        "EBITDA": NaN,
        "EBIT": NaN,
        "Net Interest Income": NaN,
        "Interest Expense": NaN,
        "Normalized Income": NaN,
        "Net Income From Continuing And Discontinued Operation": NaN,
        "Total Expenses": NaN,
        "Rent Expense Supplemental": NaN,
        "Total Operating Income As Reported": NaN,
        "Diluted Average Shares": NaN,
        "Basic Average Shares": NaN,
        "Diluted EPS": NaN,
        "Basic EPS": NaN,
        "Diluted NI Availto Com Stockholders": NaN,
        "Net Income Common Stockholders": NaN,
        "Net Income": NaN,
        "Net Income Including Noncontrolling Interests": NaN,
        "Net Income Continuous Operations": NaN,
        "Tax Provision": NaN,
        "Pretax Income": NaN,
        "Other Income Expense": NaN,
        "Other Non Operating Income Expenses": -106000.0,
        "Special Income Charges": NaN,
        "Gain On Sale Of Ppe": NaN,
        "Gain On Sale Of Business": NaN,
        "Other Special Charges": NaN,
        "Impairment Of Capital Assets": NaN,
        "Net Non Operating Interest Income Expense": NaN,
        "Interest Expense Non Operating": NaN,
        "Operating Income": NaN,
        "Operating Expense": NaN,
        "Depreciation Amortization Depletion Income Statement": NaN,
        "Depreciation And Amortization In Income Statement": NaN,
        "Selling General And Administration": NaN,
        "General And Administrative Expense": NaN,
        "Other Gand A": NaN,
        "Gross Profit": NaN,
        "Cost Of Revenue": NaN,
        "Total Revenue": NaN,
        "Operating Revenue": NaN
    },
    "2023-12-31": {
        "Tax Effect Of Unusual Items": NaN,
        "Tax Rate For Calcs": NaN,
        "Normalized EBITDA": NaN,
        "Total Unusual Items": NaN,
        "Total Unusual Items Excluding Goodwill": NaN,
        "Net Income From Continuing Operation Net Minority Interest": NaN,
        "Reconciled Depreciation": NaN,
        "Reconciled Cost Of Revenue": NaN,
        "EBITDA": NaN,
        "EBIT": NaN,
        "Net Interest Income": NaN,
        "Interest Expense": NaN,
        "Normalized Income": NaN,
        "Net Income From Continuing And Discontinued Operation": NaN,
        "Total Expenses": NaN,
        "Rent Expense Supplemental": NaN,
        "Total Operating Income As Reported": NaN,
        "Diluted Average Shares": NaN,
        "Basic Average Shares": NaN,
        "Diluted EPS": NaN,
        "Basic EPS": NaN,
        "Diluted NI Availto Com Stockholders": NaN,
        "Net Income Common Stockholders": NaN,
        "Net Income": NaN,
        "Net Income Including Noncontrolling Interests": NaN,
        "Net Income Continuous Operations": NaN,
        "Tax Provision": NaN,
        "Pretax Income": NaN,
        "Other Income Expense": NaN,
        "Other Non Operating Income Expenses": 2000.0,
        "Special Income Charges": NaN,
        "Gain On Sale Of Ppe": NaN,
        "Gain On Sale Of Business": NaN,
        "Other Special Charges": -5000.0,
        "Impairment Of Capital Assets": NaN,
        "Net Non Operating Interest Income Expense": NaN,
        "Interest Expense Non Operating": NaN,
        "Operating Income": NaN,
        "Operating Expense": NaN,
        "Depreciation Amortization Depletion Income Statement": NaN,
        "Depreciation And Amortization In Income Statement": NaN,
        "Selling General And Administration": NaN,
        "General And Administrative Expense": NaN,
        "Other Gand A": NaN,
        "Gross Profit": NaN,
        "Cost Of Revenue": NaN,
        "Total Revenue": NaN,
        "Operating Revenue": NaN
    },
    "2024-03-31": {
        "Tax Effect Of Unusual Items": NaN,
        "Tax Rate For Calcs": NaN,
        "Normalized EBITDA": NaN,
        "Total Unusual Items": NaN,
        "Total Unusual Items Excluding Goodwill": NaN,
        "Net Income From Continuing Operation Net Minority Interest": NaN,
        "Reconciled Depreciation": NaN,
        "Reconciled Cost Of Revenue": NaN,
        "EBITDA": NaN,
        "EBIT": NaN,
        "Net Interest Income": NaN,
        "Interest Expense": NaN,
        "Normalized Income": NaN,
        "Net Income From Continuing And Discontinued Operation": NaN,
        "Total Expenses": NaN,
        "Rent Expense Supplemental": NaN,
        "Total Operating Income As Reported": NaN,
        "Diluted Average Shares": NaN,
        "Basic Average Shares": NaN,
        "Diluted EPS": NaN,
        "Basic EPS": NaN,
        "Diluted NI Availto Com Stockholders": NaN,
        "Net Income Common Stockholders": NaN,
        "Net Income": NaN,
        "Net Income Including Noncontrolling Interests": NaN,
        "Net Income Continuous Operations": NaN,
        "Tax Provision": NaN,
        "Pretax Income": NaN,
        "Other Income Expense": NaN,
        "Special Income Charges": NaN,
        "Gain On Sale Of Ppe": NaN,
        "Gain On Sale Of Business": 0.0,
        "Other Special Charges": -41000.0,
        "Impairment Of Capital Assets": NaN,
        "Net Non Operating Interest Income Expense": NaN,
        "Interest Expense Non Operating": NaN,
        "Operating Income": NaN,
        "Operating Expense": NaN,
        "Depreciation Amortization Depletion Income Statement": NaN,
        "Depreciation And Amortization In Income Statement": NaN,
        "Selling General And Administration": NaN,
        "General And Administrative Expense": NaN,
        "Other Gand A": NaN,
        "Gross Profit": NaN,
        "Cost Of Revenue": NaN,
        "Total Revenue": NaN,
        "Operating Revenue": NaN
    },
    "2024-06-30": {
        "Tax Effect Of Unusual Items": -21948.846261,
        "Tax Rate For Calcs": 0.292651,
        "Normalized EBITDA": 16263000.0,
        "Total Unusual Items": -75000.0,
        "Total Unusual Items Excluding Goodwill": -75000.0,
        "Net Income From Continuing Operation Net Minority Interest": 7633000.0,
        "Reconciled Depreciation": 3870000.0,
        "Reconciled Cost Of Revenue": 94126000.0,
        "EBITDA": 16188000.0,
        "EBIT": 12318000.0,
        "Net Interest Income": -1527000.0,
        "Interest Expense": 1527000.0,
        "Normalized Income": 7686051.153739,
        "Net Income From Continuing And Discontinued Operation": 7633000.0,
        "Total Expenses": 109783000.0,
        "Rent Expense Supplemental": 24656000.0,
        "Total Operating Income As Reported": 12318000.0,
        "Diluted Average Shares": 30378048.0,
        "Basic Average Shares": 30240170.0,
        "Diluted EPS": 0.25,
        "Basic EPS": 0.25,
        "Diluted NI Availto Com Stockholders": 7633000.0,
        "Net Income Common Stockholders": 7633000.0,
        "Net Income": 7633000.0,
        "Net Income Including Noncontrolling Interests": 7633000.0,
        "Net Income Continuous Operations": 7633000.0,
        "Tax Provision": 3158000.0,
        "Pretax Income": 10791000.0,
        "Other Income Expense": -75000.0,
        "Special Income Charges": -75000.0,
        "Gain On Sale Of Ppe": -63000.0,
        "Gain On Sale Of Business": -7000.0,
        "Other Special Charges": NaN,
        "Impairment Of Capital Assets": 5000.0,
        "Net Non Operating Interest Income Expense": -1527000.0,
        "Interest Expense Non Operating": 1527000.0,
        "Operating Income": 12393000.0,
        "Operating Expense": 15657000.0,
        "Depreciation Amortization Depletion Income Statement": 3870000.0,
        "Depreciation And Amortization In Income Statement": 3870000.0,
        "Selling General And Administration": 11787000.0,
        "General And Administrative Expense": 11787000.0,
        "Other Gand A": 11787000.0,
        "Gross Profit": 28050000.0,
        "Cost Of Revenue": 94126000.0,
        "Total Revenue": 122176000.0,
        "Operating Revenue": 122176000.0
    },
    "2024-09-30": {
        "Tax Effect Of Unusual Items": -23866.410882,
        "Tax Rate For Calcs": 0.280781,
        "Normalized EBITDA": 14256000.0,
        "Total Unusual Items": -85000.0,
        "Total Unusual Items Excluding Goodwill": -85000.0,
        "Net Income From Continuing Operation Net Minority Interest": 6186000.0,
        "Reconciled Depreciation": 4034000.0,
        "Reconciled Cost Of Revenue": 94721000.0,
        "EBITDA": 14171000.0,
        "EBIT": 10137000.0,
        "Net Interest Income": -1536000.0,
        "Interest Expense": 1536000.0,
        "Normalized Income": 6247133.589118,
        "Net Income From Continuing And Discontinued Operation": 6186000.0,
        "Total Expenses": 110173000.0,
        "Rent Expense Supplemental": 26088000.0,
        "Total Operating Income As Reported": 10137000.0,
        "Diluted Average Shares": 29423649.0,
        "Basic Average Shares": 29199971.0,
        "Diluted EPS": 0.21,
        "Basic EPS": 0.21,
        "Diluted NI Availto Com Stockholders": 6186000.0,
        "Net Income Common Stockholders": 6186000.0,
        "Net Income": 6186000.0,
        "Net Income Including Noncontrolling Interests": 6186000.0,
        "Net Income Continuous Operations": 6186000.0,
        "Tax Provision": 2415000.0,
        "Pretax Income": 8601000.0,
        "Other Income Expense": -85000.0,
        "Special Income Charges": -85000.0,
        "Gain On Sale Of Ppe": -77000.0,
        "Gain On Sale Of Business": 0.0,
        "Other Special Charges": NaN,
        "Impairment Of Capital Assets": 8000.0,
        "Net Non Operating Interest Income Expense": -1536000.0,
        "Interest Expense Non Operating": 1536000.0,
        "Operating Income": 10222000.0,
        "Operating Expense": 15452000.0,
        "Depreciation Amortization Depletion Income Statement": 4034000.0,
        "Depreciation And Amortization In Income Statement": 4034000.0,
        "Selling General And Administration": 11418000.0,
        "General And Administrative Expense": 11418000.0,
        "Other Gand A": 11418000.0,
        "Gross Profit": 25674000.0,
        "Cost Of Revenue": 94721000.0,
        "Total Revenue": 120395000.0,
        "Operating Revenue": 120395000.0
    },
    "2024-12-31": {
        "Tax Effect Of Unusual Items": -39955.024415,
        "Tax Rate For Calcs": 0.23503,
        "Normalized EBITDA": 13186000.0,
        "Total Unusual Items": -170000.0,
        "Total Unusual Items Excluding Goodwill": -170000.0,
        "Net Income From Continuing Operation Net Minority Interest": 5953000.0,
        "Reconciled Depreciation": 3962000.0,
        "Reconciled Cost Of Revenue": 89978000.0,
        "EBITDA": 13016000.0,
        "EBIT": 9054000.0,
        "Net Interest Income": -1272000.0,
        "Interest Expense": 1272000.0,
        "Normalized Income": 6083044.975585,
        "Net Income From Continuing And Discontinued Operation": 5953000.0,
        "Total Expenses": 105080000.0,
        "Rent Expense Supplemental": 24671000.0,
        "Total Operating Income As Reported": 9034000.0,
        "Diluted Average Shares": 29452152.0,
        "Basic Average Shares": 29183115.0,
        "Diluted EPS": 0.2,
        "Basic EPS": 0.2,
        "Diluted NI Availto Com Stockholders": 5953000.0,
        "Net Income Common Stockholders": 5953000.0,
        "Net Income": 5953000.0,
        "Net Income Including Noncontrolling Interests": 5953000.0,
        "Net Income Continuous Operations": 5953000.0,
        "Tax Provision": 1829000.0,
        "Pretax Income": 7782000.0,
        "Other Income Expense": -150000.0,
        "Special Income Charges": -170000.0,
        "Gain On Sale Of Ppe": -40000.0,
        "Gain On Sale Of Business": 0.0,
        "Other Special Charges": 0.0,
        "Impairment Of Capital Assets": 130000.0,
        "Net Non Operating Interest Income Expense": -1272000.0,
        "Interest Expense Non Operating": 1272000.0,
        "Operating Income": 9204000.0,
        "Operating Expense": 15102000.0,
        "Depreciation Amortization Depletion Income Statement": 3962000.0,
        "Depreciation And Amortization In Income Statement": 3962000.0,
        "Selling General And Administration": 11140000.0,
        "General And Administrative Expense": 11140000.0,
        "Other Gand A": 11140000.0,
        "Gross Profit": 24306000.0,
        "Cost Of Revenue": 89978000.0,
        "Total Revenue": 114284000.0,
        "Operating Revenue": 114284000.0
    },
    "2025-03-31": {
        "Tax Effect Of Unusual Items": -6534.0,
        "Tax Rate For Calcs": 0.297,
        "Normalized EBITDA": 12881000.0,
        "Total Unusual Items": -22000.0,
        "Total Unusual Items Excluding Goodwill": -22000.0,
        "Net Income From Continuing Operation Net Minority Interest": 5481000.0,
        "Reconciled Depreciation": 3887000.0,
        "Reconciled Cost Of Revenue": 95033000.0,
        "EBITDA": 12859000.0,
        "EBIT": 8972000.0,
        "Net Interest Income": -1176000.0,
        "Interest Expense": 1176000.0,
        "Normalized Income": 5496466.0,
        "Net Income From Continuing And Discontinued Operation": 5481000.0,
        "Total Expenses": 110183000.0,
        "Rent Expense Supplemental": 25673000.0,
        "Total Operating Income As Reported": 8972000.0,
        "Diluted Average Shares": 29337906.0,
        "Basic Average Shares": 29085836.0,
        "Diluted EPS": 0.19,
        "Basic EPS": 0.19,
        "Diluted NI Availto Com Stockholders": 5481000.0,
        "Net Income Common Stockholders": 5481000.0,
        "Net Income": 5481000.0,
        "Net Income Including Noncontrolling Interests": 5481000.0,
        "Net Income Continuous Operations": 5481000.0,
        "Tax Provision": 2315000.0,
        "Pretax Income": 7796000.0,
        "Other Income Expense": -22000.0,
        "Special Income Charges": -22000.0,
        "Gain On Sale Of Ppe": -11000.0,
        "Gain On Sale Of Business": NaN,
        "Other Special Charges": NaN,
        "Impairment Of Capital Assets": 11000.0,
        "Net Non Operating Interest Income Expense": -1176000.0,
        "Interest Expense Non Operating": 1176000.0,
        "Operating Income": 8994000.0,
        "Operating Expense": 15150000.0,
        "Depreciation Amortization Depletion Income Statement": 3887000.0,
        "Depreciation And Amortization In Income Statement": 3887000.0,
        "Selling General And Administration": 11263000.0,
        "General And Administrative Expense": 11263000.0,
        "Other Gand A": 11263000.0,
        "Gross Profit": 24144000.0,
        "Cost Of Revenue": 95033000.0,
        "Total Revenue": 119177000.0,
        "Operating Revenue": 119177000.0
    },
    "2025-06-30": {
        "Tax Effect Of Unusual Items": -14513.666072,
        "Tax Rate For Calcs": 0.296197,
        "Normalized EBITDA": 15283000.0,
        "Total Unusual Items": -49000.0,
        "Total Unusual Items Excluding Goodwill": -49000.0,
        "Net Income From Continuing Operation Net Minority Interest": 7107000.0,
        "Reconciled Depreciation": 3929000.0,
        "Reconciled Cost Of Revenue": 97019000.0,
        "EBITDA": 15234000.0,
        "EBIT": 11305000.0,
        "Net Interest Income": -1207000.0,
        "Interest Expense": 1207000.0,
        "Normalized Income": 7141486.333928,
        "Net Income From Continuing And Discontinued Operation": 7107000.0,
        "Total Expenses": 114480000.0,
        "Rent Expense Supplemental": 26741000.0,
        "Total Operating Income As Reported": 11305000.0,
        "Diluted Average Shares": 29272394.0,
        "Basic Average Shares": 29097871.0,
        "Diluted EPS": 0.24,
        "Basic EPS": 0.24,
        "Diluted NI Availto Com Stockholders": 7107000.0,
        "Net Income Common Stockholders": 7107000.0,
        "Net Income": 7107000.0,
        "Net Income Including Noncontrolling Interests": 7107000.0,
        "Net Income Continuous Operations": 7107000.0,
        "Tax Provision": 2991000.0,
        "Pretax Income": 10098000.0,
        "Other Income Expense": -49000.0,
        "Special Income Charges": -49000.0,
        "Gain On Sale Of Ppe": -43000.0,
        "Gain On Sale Of Business": 0.0,
        "Other Special Charges": NaN,
        "Impairment Of Capital Assets": 6000.0,
        "Net Non Operating Interest Income Expense": -1207000.0,
        "Interest Expense Non Operating": 1207000.0,
        "Operating Income": 11354000.0,
        "Operating Expense": 17461000.0,
        "Depreciation Amortization Depletion Income Statement": 3929000.0,
        "Depreciation And Amortization In Income Statement": 3929000.0,
        "Selling General And Administration": 13532000.0,
        "General And Administrative Expense": 13532000.0,
        "Other Gand A": 13532000.0,
        "Gross Profit": 28815000.0,
        "Cost Of Revenue": 97019000.0,
        "Total Revenue": 125834000.0,
        "Operating Revenue": 125834000.0
    }
}