{
    "2023-06-30": {
        "Tax Effect Of Unusual Items": NaN,
        "Tax Rate For Calcs": NaN,
        "Normalized EBITDA": NaN,
        "Total Unusual Items": NaN,
        "Total Unusual Items Excluding Goodwill": NaN,
        "Net Income From Continuing Operation Net Minority Interest": NaN,
        "Reconciled Depreciation": NaN,
        "Reconciled Cost Of Revenue": NaN,
        "EBITDA": NaN,
        "EBIT": NaN,
        "Net Interest Income": NaN,
        "Interest Income": NaN,
        "Normalized Income": NaN,
        "Net Income From Continuing And Discontinued Operation": NaN,
        "Total Expenses": NaN,
        "Total Operating Income As Reported": NaN,
        "Diluted Average Shares": NaN,
        "Basic Average Shares": NaN,
        "Diluted EPS": NaN,
        "Basic EPS": NaN,
        "Diluted NI Availto Com Stockholders": NaN,
        "Net Income Common Stockholders": NaN,
        "Net Income": NaN,
        "Net Income Including Noncontrolling Interests": NaN,
        "Net Income Continuous Operations": NaN,
        "Tax Provision": NaN,
        "Pretax Income": NaN,
        "Other Income Expense": NaN,
        "Other Non Operating Income Expenses": 913000.0,
        "Special Income Charges": NaN,
        "Restructuring And Mergern Acquisition": NaN,
        "Gain On Sale Of Security": NaN,
        "Net Non Operating Interest Income Expense": NaN,
        "Interest Income Non Operating": NaN,
        "Operating Income": NaN,
        "Operating Expense": NaN,
        "Depreciation Amortization Depletion Income Statement": NaN,
        "Depreciation And Amortization In Income Statement": NaN,
        "Amortization": NaN,
        "Amortization Of Intangibles Income Statement": NaN,
        "Research And Development": NaN,
        "Selling General And Administration": NaN,
        "Selling And Marketing Expense": NaN,
        "General And Administrative Expense": NaN,
        "Other Gand A": NaN,
        "Salaries And Wages": -913000.0,
        "Gross Profit": NaN,
        "Cost Of Revenue": NaN,
        "Total Revenue": NaN,
        "Operating Revenue": NaN
    },
    "2023-03-31": {
        "Tax Effect Of Unusual Items": NaN,
        "Tax Rate For Calcs": NaN,
        "Normalized EBITDA": NaN,
        "Total Unusual Items": NaN,
        "Total Unusual Items Excluding Goodwill": NaN,
        "Net Income From Continuing Operation Net Minority Interest": NaN,
        "Reconciled Depreciation": NaN,
        "Reconciled Cost Of Revenue": NaN,
        "EBITDA": NaN,
        "EBIT": NaN,
        "Net Interest Income": NaN,
        "Interest Income": NaN,
        "Normalized Income": NaN,
        "Net Income From Continuing And Discontinued Operation": NaN,
        "Total Expenses": NaN,
        "Total Operating Income As Reported": NaN,
        "Diluted Average Shares": NaN,
        "Basic Average Shares": NaN,
        "Diluted EPS": NaN,
        "Basic EPS": NaN,
        "Diluted NI Availto Com Stockholders": NaN,
        "Net Income Common Stockholders": NaN,
        "Net Income": NaN,
        "Net Income Including Noncontrolling Interests": NaN,
        "Net Income Continuous Operations": NaN,
        "Tax Provision": NaN,
        "Pretax Income": NaN,
        "Other Income Expense": NaN,
        "Other Non Operating Income Expenses": 8727000.0,
        "Special Income Charges": NaN,
        "Impairment Of Capital Assets": 0.0,
        "Restructuring And Mergern Acquisition": NaN,
        "Gain On Sale Of Security": NaN,
        "Net Non Operating Interest Income Expense": NaN,
        "Interest Income Non Operating": NaN,
        "Operating Income": NaN,
        "Operating Expense": NaN,
        "Depreciation Amortization Depletion Income Statement": NaN,
        "Depreciation And Amortization In Income Statement": NaN,
        "Amortization": NaN,
        "Amortization Of Intangibles Income Statement": NaN,
        "Research And Development": NaN,
        "Selling General And Administration": NaN,
        "Selling And Marketing Expense": NaN,
        "General And Administrative Expense": NaN,
        "Other Gand A": NaN,
        "Salaries And Wages": NaN,
        "Gross Profit": NaN,
        "Cost Of Revenue": NaN,
        "Total Revenue": NaN,
        "Operating Revenue": NaN
    },
    "2022-12-31": {
        "Tax Effect Of Unusual Items": NaN,
        "Tax Rate For Calcs": NaN,
        "Normalized EBITDA": NaN,
        "Total Unusual Items": NaN,
        "Total Unusual Items Excluding Goodwill": NaN,
        "Net Income From Continuing Operation Net Minority Interest": NaN,
        "Reconciled Depreciation": NaN,
        "Reconciled Cost Of Revenue": NaN,
        "EBITDA": NaN,
        "EBIT": NaN,
        "Net Interest Income": NaN,
        "Interest Income": NaN,
        "Normalized Income": NaN,
        "Net Income From Continuing And Discontinued Operation": NaN,
        "Total Expenses": NaN,
        "Total Operating Income As Reported": NaN,
        "Diluted Average Shares": NaN,
        "Basic Average Shares": NaN,
        "Diluted EPS": NaN,
        "Basic EPS": NaN,
        "Diluted NI Availto Com Stockholders": NaN,
        "Net Income Common Stockholders": NaN,
        "Net Income": NaN,
        "Net Income Including Noncontrolling Interests": NaN,
        "Net Income Continuous Operations": NaN,
        "Tax Provision": NaN,
        "Pretax Income": NaN,
        "Other Income Expense": NaN,
        "Other Non Operating Income Expenses": 402000.0,
        "Special Income Charges": NaN,
        "Impairment Of Capital Assets": 0.0,
        "Restructuring And Mergern Acquisition": NaN,
        "Gain On Sale Of Security": NaN,
        "Net Non Operating Interest Income Expense": NaN,
        "Interest Income Non Operating": NaN,
        "Operating Income": NaN,
        "Operating Expense": NaN,
        "Depreciation Amortization Depletion Income Statement": NaN,
        "Depreciation And Amortization In Income Statement": NaN,
        "Amortization": NaN,
        "Amortization Of Intangibles Income Statement": NaN,
        "Research And Development": NaN,
        "Selling General And Administration": NaN,
        "Selling And Marketing Expense": NaN,
        "General And Administrative Expense": NaN,
        "Other Gand A": NaN,
        "Salaries And Wages": NaN,
        "Gross Profit": NaN,
        "Cost Of Revenue": NaN,
        "Total Revenue": NaN,
        "Operating Revenue": NaN
    },
    "2022-09-30": {
        "Tax Effect Of Unusual Items": -2397190.711434,
        "Tax Rate For Calcs": 0.221613,
        "Normalized EBITDA": 173712000.0,
        "Total Unusual Items": -10817000.0,
        "Total Unusual Items Excluding Goodwill": -10817000.0,
        "Net Income From Continuing Operation Net Minority Interest": 82091000.0,
        "Reconciled Depreciation": 24677000.0,
        "Reconciled Cost Of Revenue": 688367000.0,
        "EBITDA": 162895000.0,
        "EBIT": 138218000.0,
        "Net Interest Income": 3459000.0,
        "Interest Income": 3459000.0,
        "Normalized Income": 90510809.288566,
        "Net Income From Continuing And Discontinued Operation": 82091000.0,
        "Total Expenses": 1010733000.0,
        "Total Operating Income As Reported": 127401000.0,
        "Diluted Average Shares": 164328000.0,
        "Basic Average Shares": 163186000.0,
        "Diluted EPS": 0.5,
        "Basic EPS": 0.5,
        "Diluted NI Availto Com Stockholders": 82091000.0,
        "Net Income Common Stockholders": 82091000.0,
        "Net Income": 82091000.0,
        "Net Income Including Noncontrolling Interests": 82091000.0,
        "Net Income Continuous Operations": 82091000.0,
        "Tax Provision": 23372000.0,
        "Pretax Income": 105463000.0,
        "Other Income Expense": -36214000.0,
        "Other Non Operating Income Expenses": -25397000.0,
        "Special Income Charges": -10817000.0,
        "Impairment Of Capital Assets": NaN,
        "Restructuring And Mergern Acquisition": 10817000.0,
        "Gain On Sale Of Security": -25748000.0,
        "Net Non Operating Interest Income Expense": 3459000.0,
        "Interest Income Non Operating": 3459000.0,
        "Operating Income": 138218000.0,
        "Operating Expense": 300562000.0,
        "Depreciation Amortization Depletion Income Statement": 2873000.0,
        "Depreciation And Amortization In Income Statement": 2873000.0,
        "Amortization": 2873000.0,
        "Amortization Of Intangibles Income Statement": 2873000.0,
        "Research And Development": 69009000.0,
        "Selling General And Administration": 228680000.0,
        "Selling And Marketing Expense": 202091000.0,
        "General And Administrative Expense": 26589000.0,
        "Other Gand A": 26589000.0,
        "Gross Profit": 438780000.0,
        "Cost Of Revenue": 710171000.0,
        "Total Revenue": 1148951000.0,
        "Operating Revenue": 1148951000.0
    },
    "2022-06-30": {
        "Tax Effect Of Unusual Items": 0.0,
        "Tax Rate For Calcs": 0.177198,
        "Normalized EBITDA": 140334000.0,
        "Total Unusual Items": 0.0,
        "Total Unusual Items Excluding Goodwill": 0.0,
        "Net Income From Continuing Operation Net Minority Interest": 100836000.0,
        "Reconciled Depreciation": 24855000.0,
        "Reconciled Cost Of Revenue": 678776000.0,
        "EBITDA": 140334000.0,
        "EBIT": 115479000.0,
        "Net Interest Income": 1449000.0,
        "Interest Income": 1449000.0,
        "Normalized Income": 100836000.0,
        "Net Income From Continuing And Discontinued Operation": 100836000.0,
        "Total Expenses": 1044386000.0,
        "Total Operating Income As Reported": 115479000.0,
        "Diluted Average Shares": 166406000.0,
        "Basic Average Shares": 164679000.0,
        "Diluted EPS": 0.61,
        "Basic EPS": 0.61,
        "Diluted NI Availto Com Stockholders": 100836000.0,
        "Net Income Common Stockholders": 100836000.0,
        "Net Income": 100836000.0,
        "Net Income Including Noncontrolling Interests": 100836000.0,
        "Net Income Continuous Operations": 100836000.0,
        "Tax Provision": 21716000.0,
        "Pretax Income": 122552000.0,
        "Other Income Expense": 5624000.0,
        "Other Non Operating Income Expenses": 5624000.0,
        "Special Income Charges": 0.0,
        "Impairment Of Capital Assets": NaN,
        "Restructuring And Mergern Acquisition": 0.0,
        "Gain On Sale Of Security": 5011000.0,
        "Net Non Operating Interest Income Expense": 1449000.0,
        "Interest Income Non Operating": 1449000.0,
        "Operating Income": 115479000.0,
        "Operating Expense": 344124000.0,
        "Depreciation Amortization Depletion Income Statement": 3369000.0,
        "Depreciation And Amortization In Income Statement": 3369000.0,
        "Amortization": 3369000.0,
        "Amortization Of Intangibles Income Statement": 3369000.0,
        "Research And Development": 75517000.0,
        "Selling General And Administration": 265238000.0,
        "Selling And Marketing Expense": 229378000.0,
        "General And Administrative Expense": 35860000.0,
        "Other Gand A": 35860000.0,
        "Gross Profit": 459603000.0,
        "Cost Of Revenue": 700262000.0,
        "Total Revenue": 1159865000.0,
        "Operating Revenue": 1159865000.0
    },
    "2022-03-31": {
        "Diluted EPS": 0.64,
        "Total Revenue": NaN,
        "Gross Profit": 494,
        "Operating Income": 129,
        "EBIT": 158,
        "Net Income": 108
    },
    "2021-12-31": {
        "Diluted EPS": 1.24,
        "Total Revenue": NaN,
        "Gross Profit": 658,
        "Operating Income": 263,
        "EBIT": 298,
        "Net Income": 210
    },
    "2021-09-30": {
        "Diluted EPS": 0.81,
        "Total Revenue": NaN,
        "Gross Profit": 542,
        "Operating Income": 179,
        "EBIT": 211,
        "Net Income": 139
    },
    "2021-06-30": {
        "Diluted EPS": 1.09,
        "Total Revenue": NaN,
        "Gross Profit": 569,
        "Operating Income": 203,
        "EBIT": 232,
        "Net Income": 187
    },
    "2021-03-31": {
        "Diluted EPS": 1.31,
        "Total Revenue": NaN,
        "Gross Profit": 711,
        "Operating Income": 295,
        "EBIT": 318,
        "Net Income": 226
    },
    "2020-12-31": {
        "Diluted EPS": 2.22,
        "Total Revenue": NaN,
        "Gross Profit": 749,
        "Operating Income": 448,
        "EBIT": 470,
        "Net Income": 383
    },
    "2020-09-30": {
        "Diluted EPS": 1.56,
        "Total Revenue": NaN,
        "Gross Profit": 570,
        "Operating Income": 322,
        "EBIT": 340,
        "Net Income": 267
    },
    "2020-06-30": {
        "Diluted EPS": 0.42,
        "Total Revenue": 792,
        "Gross Profit": 306,
        "Operating Income": 83,
        "EBIT": 103,
        "Net Income": 72
    },
    "2020-03-31": {
        "Diluted EPS": 1.27,
        "Total Revenue": 709,
        "Gross Profit": 277,
        "Operating Income": 32,
        "EBIT": 52,
        "Net Income": 214
    },
    "2019-12-31": {
        "Diluted EPS": 0.69,
        "Total Revenue": 903,
        "Gross Profit": 334,
        "Operating Income": 129,
        "EBIT": 148,
        "Net Income": 118
    },
    "2019-09-30": {
        "Diluted EPS": 0.43,
        "Total Revenue": 720,
        "Gross Profit": 272,
        "Operating Income": 68,
        "EBIT": 86,
        "Net Income": 73
    },
    "2019-06-30": {
        "Diluted EPS": 0.27,
        "Total Revenue": 644,
        "Gross Profit": 239,
        "Operating Income": 47,
        "EBIT": 65,
        "Net Income": 45
    },
    "2019-03-31": {
        "Diluted EPS": 0.24,
        "Total Revenue": 624,
        "Gross Profit": 233,
        "Operating Income": 42,
        "EBIT": 60,
        "Net Income": 42
    },
    "2018-12-31": {
        "Diluted EPS": 0.67,
        "Total Revenue": 864,
        "Gross Profit": 324,
        "Operating Income": 123,
        "EBIT": 141,
        "Net Income": 113
    },
    "2018-09-30": {
        "Diluted EPS": 0.38,
        "Total Revenue": 691,
        "Gross Profit": 256,
        "Operating Income": 65,
        "EBIT": 82,
        "Net Income": 64
    },
    "2018-06-30": {
        "Diluted EPS": 0.23,
        "Total Revenue": 608,
        "Gross Profit": 224,
        "Operating Income": 32,
        "EBIT": 48,
        "Net Income": 38
    },
    "2018-03-31": {
        "Diluted EPS": 0.2,
        "Total Revenue": 592,
        "Gross Profit": 212,
        "Operating Income": 39,
        "EBIT": 55,
        "Net Income": 34
    },
    "2017-12-31": {
        "Diluted EPS": 0.48,
        "Total Revenue": 812,
        "Gross Profit": 276,
        "Operating Income": 100,
        "EBIT": 116,
        "Net Income": 81
    },
    "2017-09-30": {
        "Diluted EPS": 0.33,
        "Total Revenue": 632,
        "Gross Profit": 228,
        "Operating Income": 59,
        "EBIT": 73,
        "Net Income": 56
    },
    "2017-06-30": {
        "Diluted EPS": 0.22,
        "Total Revenue": 530,
        "Gross Profit": 194,
        "Operating Income": 31,
        "EBIT": 43,
        "Net Income": 37
    },
    "2017-03-31": {
        "Diluted EPS": 0.24,
        "Total Revenue": 511,
        "Gross Profit": 198,
        "Operating Income": 36,
        "EBIT": 48,
        "Net Income": 39
    },
    "2016-12-31": {
        "Diluted EPS": 0.59,
        "Total Revenue": 667,
        "Gross Profit": 247,
        "Operating Income": 96,
        "EBIT": 108,
        "Net Income": 97
    },
    "2016-09-30": {
        "Diluted EPS": 0.28,
        "Total Revenue": 564,
        "Gross Profit": 207,
        "Operating Income": 53,
        "EBIT": 66,
        "Net Income": 47
    },
    "2016-06-30": {
        "Diluted EPS": 0.13,
        "Total Revenue": 480,
        "Gross Profit": 169,
        "Operating Income": 26,
        "EBIT": 41,
        "Net Income": 22
    },
    "2016-03-31": {
        "Diluted EPS": 0.18,
        "Total Revenue": 431,
        "Gross Profit": 142,
        "Operating Income": 10,
        "EBIT": 25,
        "Net Income": 29
    },
    "2015-12-31": {
        "Diluted EPS": 0.39,
        "Total Revenue": 621,
        "Gross Profit": 208,
        "Operating Income": 69,
        "EBIT": 83,
        "Net Income": 65
    },
    "2015-09-30": {
        "Diluted EPS": 0.11,
        "Total Revenue": 518,
        "Gross Profit": 173,
        "Operating Income": 37,
        "EBIT": 49,
        "Net Income": 18
    },
    "2015-06-30": {
        "Diluted EPS": 0.04,
        "Total Revenue": 448,
        "Gross Profit": 158,
        "Operating Income": 14,
        "EBIT": 25,
        "Net Income": 7
    },
    "2015-03-31": {
        "Diluted EPS": 0.1,
        "Total Revenue": 467,
        "Gross Profit": 185,
        "Operating Income": 82,
        "EBIT": 217,
        "Net Income": 17
    },
    "2014-12-31": {
        "Diluted EPS": 0.38,
        "Total Revenue": 604,
        "Gross Profit": 213,
        "Operating Income": 70,
        "EBIT": 82,
        "Net Income": 63
    },
    "2014-09-30": {
        "Diluted EPS": 0.22,
        "Total Revenue": 530,
        "Gross Profit": 205,
        "Operating Income": 42,
        "EBIT": 54,
        "Net Income": 36
    },
    "2014-06-30": {
        "Diluted EPS": 0.13,
        "Total Revenue": 484,
        "Gross Profit": 183,
        "Operating Income": 24,
        "EBIT": 37,
        "Net Income": 22
    },
    "2014-03-31": {
        "Diluted EPS": 0.07,
        "Total Revenue": 485,
        "Gross Profit": 211,
        "Operating Income": 115,
        "EBIT": 132,
        "Net Income": 12
    },
    "2013-12-31": {
        "Diluted EPS": 0.3,
        "Total Revenue": 628,
        "Gross Profit": 213,
        "Operating Income": 54,
        "EBIT": 68,
        "Net Income": 49
    },
    "2013-09-30": {
        "Diluted EPS": 0.09,
        "Total Revenue": 532,
        "Gross Profit": 183,
        "Operating Income": 23,
        "EBIT": 37,
        "Net Income": 14
    },
    "2013-06-30": {
        "Diluted EPS": 0.01,
        "Total Revenue": 478,
        "Gross Profit": 168,
        "Operating Income": 2,
        "EBIT": 18,
        "Net Income": 1
    },
    "2013-03-31": {
        "Diluted EPS": -0.23,
        "Total Revenue": 469,
        "Gross Profit": 160,
        "Operating Income": -274,
        "EBIT": -224,
        "Net Income": -36
    },
    "2012-12-31": {
        "Diluted EPS": -1.24,
        "Total Revenue": 615,
        "Gross Profit": 210,
        "Operating Income": 31,
        "EBIT": 13,
        "Net Income": -195
    },
    "2012-09-30": {
        "Diluted EPS": 0.35,
        "Total Revenue": 548,
        "Gross Profit": 196,
        "Operating Income": 21,
        "EBIT": 39,
        "Net Income": 55
    },
    "2012-06-30": {
        "Diluted EPS": -0.32,
        "Total Revenue": 469,
        "Gross Profit": 144,
        "Operating Income": -28,
        "EBIT": -11,
        "Net Income": -52
    },
    "2012-03-31": {
        "Diluted EPS": 0.17,
        "Total Revenue": 532,
        "Gross Profit": 194,
        "Operating Income": 24,
        "EBIT": 41,
        "Net Income": 28
    },
    "2011-12-31": {
        "Diluted EPS": 0.32,
        "Total Revenue": 715,
        "Gross Profit": 259,
        "Operating Income": 70,
        "EBIT": 87,
        "Net Income": 55
    },
    "2011-09-30": {
        "Diluted EPS": 0.1,
        "Total Revenue": 589,
        "Gross Profit": 198,
        "Operating Income": 24,
        "EBIT": 42,
        "Net Income": 17
    },
    "2011-06-30": {
        "Diluted EPS": -0.17,
        "Total Revenue": 480,
        "Gross Profit": 126,
        "Operating Income": -45,
        "EBIT": -25,
        "Net Income": -30
    },
    "2011-03-31": {
        "Diluted EPS": 0.01,
        "Total Revenue": 548,
        "Gross Profit": 179,
        "Operating Income": 4,
        "EBIT": 21,
        "Net Income": 3
    },
    "2010-12-31": {
        "Diluted EPS": 0.36,
        "Total Revenue": 754,
        "Gross Profit": 271,
        "Operating Income": 76,
        "EBIT": 96,
        "Net Income": 65
    },
    "2010-09-30": {
        "Diluted EPS": 0.23,
        "Total Revenue": 582,
        "Gross Profit": 217,
        "Operating Income": 51,
        "EBIT": 69,
        "Net Income": 41
    },
    "2010-06-30": {
        "Diluted EPS": 0.11,
        "Total Revenue": 479,
        "Gross Profit": 169,
        "Operating Income": 12,
        "EBIT": 31,
        "Net Income": 20
    },
    "2010-03-31": {
        "Diluted EPS": 0.14,
        "Total Revenue": 525,
        "Gross Profit": 188,
        "Operating Income": 28,
        "EBIT": 49,
        "Net Income": 24
    },
    "2009-12-31": {
        "Diluted EPS": 0.32,
        "Total Revenue": 617,
        "Gross Profit": 209,
        "Operating Income": 58,
        "EBIT": 77,
        "Net Income": 57
    },
    "2009-09-30": {
        "Diluted EPS": 0.11,
        "Total Revenue": 498,
        "Gross Profit": 152,
        "Operating Income": 27,
        "EBIT": 44,
        "Net Income": 21
    },
    "2009-06-30": {
        "Diluted EPS": -0.2,
        "Total Revenue": 328,
        "Gross Profit": 80,
        "Operating Income": -32,
        "EBIT": -18,
        "Net Income": -36
    },
    "2009-03-31": {
        "Diluted EPS": -0.2,
        "Total Revenue": 408,
        "Gross Profit": 102,
        "Operating Income": -23,
        "EBIT": -10,
        "Net Income": -35
    },
    "2023-09-30": {
        "Tax Effect Of Unusual Items": NaN,
        "Tax Rate For Calcs": NaN,
        "Normalized EBITDA": NaN,
        "Total Unusual Items": NaN,
        "Total Unusual Items Excluding Goodwill": NaN,
        "Net Income From Continuing Operation Net Minority Interest": NaN,
        "Reconciled Depreciation": NaN,
        "Reconciled Cost Of Revenue": NaN,
        "EBITDA": NaN,
        "EBIT": NaN,
        "Net Interest Income": NaN,
        "Interest Income": NaN,
        "Normalized Income": NaN,
        "Net Income From Continuing And Discontinued Operation": NaN,
        "Total Expenses": NaN,
        "Total Operating Income As Reported": NaN,
        "Diluted Average Shares": NaN,
        "Basic Average Shares": NaN,
        "Diluted EPS": NaN,
        "Basic EPS": NaN,
        "Diluted NI Availto Com Stockholders": NaN,
        "Net Income Common Stockholders": NaN,
        "Net Income": NaN,
        "Net Income Including Noncontrolling Interests": NaN,
        "Net Income Continuous Operations": NaN,
        "Tax Provision": NaN,
        "Pretax Income": NaN,
        "Other Income Expense": NaN,
        "Other Non Operating Income Expenses": 778000.0,
        "Special Income Charges": NaN,
        "Restructuring And Mergern Acquisition": NaN,
        "Gain On Sale Of Security": NaN,
        "Net Non Operating Interest Income Expense": NaN,
        "Interest Income Non Operating": NaN,
        "Operating Income": NaN,
        "Operating Expense": NaN,
        "Depreciation Amortization Depletion Income Statement": NaN,
        "Depreciation And Amortization In Income Statement": NaN,
        "Amortization": NaN,
        "Amortization Of Intangibles Income Statement": NaN,
        "Research And Development": NaN,
        "Selling General And Administration": NaN,
        "Selling And Marketing Expense": NaN,
        "General And Administrative Expense": NaN,
        "Other Gand A": NaN,
        "Salaries And Wages": -778000.0,
        "Gross Profit": NaN,
        "Cost Of Revenue": NaN,
        "Total Revenue": NaN,
        "Operating Revenue": NaN
    },
    "2023-12-31": {
        "Tax Effect Of Unusual Items": NaN,
        "Tax Rate For Calcs": NaN,
        "Normalized EBITDA": NaN,
        "Total Unusual Items": NaN,
        "Total Unusual Items Excluding Goodwill": NaN,
        "Net Income From Continuing Operation Net Minority Interest": NaN,
        "Reconciled Depreciation": NaN,
        "Reconciled Cost Of Revenue": NaN,
        "EBITDA": NaN,
        "EBIT": NaN,
        "Net Interest Income": NaN,
        "Interest Income": NaN,
        "Normalized Income": NaN,
        "Net Income From Continuing And Discontinued Operation": NaN,
        "Total Expenses": NaN,
        "Total Operating Income As Reported": NaN,
        "Diluted Average Shares": NaN,
        "Basic Average Shares": NaN,
        "Diluted EPS": NaN,
        "Basic EPS": NaN,
        "Diluted NI Availto Com Stockholders": NaN,
        "Net Income Common Stockholders": NaN,
        "Net Income": NaN,
        "Net Income Including Noncontrolling Interests": NaN,
        "Net Income Continuous Operations": NaN,
        "Tax Provision": NaN,
        "Pretax Income": NaN,
        "Other Income Expense": NaN,
        "Other Non Operating Income Expenses": NaN,
        "Special Income Charges": NaN,
        "Restructuring And Mergern Acquisition": NaN,
        "Gain On Sale Of Security": NaN,
        "Net Non Operating Interest Income Expense": NaN,
        "Interest Income Non Operating": NaN,
        "Operating Income": NaN,
        "Operating Expense": NaN,
        "Depreciation Amortization Depletion Income Statement": NaN,
        "Depreciation And Amortization In Income Statement": NaN,
        "Amortization": NaN,
        "Amortization Of Intangibles Income Statement": NaN,
        "Research And Development": NaN,
        "Selling General And Administration": NaN,
        "Selling And Marketing Expense": NaN,
        "General And Administrative Expense": NaN,
        "Other Gand A": NaN,
        "Salaries And Wages": -582000.0,
        "Gross Profit": NaN,
        "Cost Of Revenue": NaN,
        "Total Revenue": NaN,
        "Operating Revenue": NaN
    },
    "2024-03-31": {
        "Tax Effect Of Unusual Items": NaN,
        "Tax Rate For Calcs": NaN,
        "Normalized EBITDA": NaN,
        "Total Unusual Items": NaN,
        "Total Unusual Items Excluding Goodwill": NaN,
        "Net Income From Continuing Operation Net Minority Interest": NaN,
        "Reconciled Depreciation": NaN,
        "Reconciled Cost Of Revenue": NaN,
        "EBITDA": NaN,
        "EBIT": NaN,
        "Net Interest Income": NaN,
        "Interest Income": NaN,
        "Normalized Income": NaN,
        "Net Income From Continuing And Discontinued Operation": NaN,
        "Total Expenses": NaN,
        "Total Operating Income As Reported": NaN,
        "Diluted Average Shares": NaN,
        "Basic Average Shares": NaN,
        "Diluted EPS": NaN,
        "Basic EPS": NaN,
        "Diluted NI Availto Com Stockholders": NaN,
        "Net Income Common Stockholders": NaN,
        "Net Income": NaN,
        "Net Income Including Noncontrolling Interests": NaN,
        "Net Income Continuous Operations": NaN,
        "Tax Provision": NaN,
        "Pretax Income": NaN,
        "Other Income Expense": NaN,
        "Other Non Operating Income Expenses": NaN,
        "Special Income Charges": NaN,
        "Restructuring And Mergern Acquisition": NaN,
        "Gain On Sale Of Security": NaN,
        "Net Non Operating Interest Income Expense": NaN,
        "Interest Income Non Operating": NaN,
        "Operating Income": NaN,
        "Operating Expense": NaN,
        "Depreciation Amortization Depletion Income Statement": NaN,
        "Depreciation And Amortization In Income Statement": NaN,
        "Amortization": NaN,
        "Amortization Of Intangibles Income Statement": NaN,
        "Research And Development": NaN,
        "Selling General And Administration": NaN,
        "Selling And Marketing Expense": NaN,
        "General And Administrative Expense": NaN,
        "Other Gand A": NaN,
        "Salaries And Wages": -475000.0,
        "Gross Profit": NaN,
        "Cost Of Revenue": NaN,
        "Total Revenue": NaN,
        "Operating Revenue": NaN
    },
    "2024-06-30": {
        "Tax Effect Of Unusual Items": NaN,
        "Tax Rate For Calcs": NaN,
        "Normalized EBITDA": NaN,
        "Total Unusual Items": NaN,
        "Total Unusual Items Excluding Goodwill": NaN,
        "Net Income From Continuing Operation Net Minority Interest": NaN,
        "Reconciled Depreciation": NaN,
        "Reconciled Cost Of Revenue": NaN,
        "EBITDA": NaN,
        "EBIT": NaN,
        "Net Interest Income": NaN,
        "Interest Income": NaN,
        "Normalized Income": NaN,
        "Net Income From Continuing And Discontinued Operation": NaN,
        "Total Expenses": NaN,
        "Total Operating Income As Reported": NaN,
        "Diluted Average Shares": NaN,
        "Basic Average Shares": NaN,
        "Diluted EPS": NaN,
        "Basic EPS": NaN,
        "Diluted NI Availto Com Stockholders": NaN,
        "Net Income Common Stockholders": NaN,
        "Net Income": NaN,
        "Net Income Including Noncontrolling Interests": NaN,
        "Net Income Continuous Operations": NaN,
        "Tax Provision": NaN,
        "Pretax Income": NaN,
        "Other Income Expense": NaN,
        "Other Non Operating Income Expenses": NaN,
        "Special Income Charges": NaN,
        "Restructuring And Mergern Acquisition": NaN,
        "Gain On Sale Of Security": NaN,
        "Net Non Operating Interest Income Expense": NaN,
        "Interest Income Non Operating": NaN,
        "Operating Income": NaN,
        "Operating Expense": NaN,
        "Depreciation Amortization Depletion Income Statement": NaN,
        "Depreciation And Amortization In Income Statement": NaN,
        "Amortization": NaN,
        "Amortization Of Intangibles Income Statement": NaN,
        "Research And Development": NaN,
        "Selling General And Administration": NaN,
        "Selling And Marketing Expense": NaN,
        "General And Administrative Expense": NaN,
        "Other Gand A": NaN,
        "Salaries And Wages": -1159000.0,
        "Gross Profit": NaN,
        "Cost Of Revenue": NaN,
        "Total Revenue": NaN,
        "Operating Revenue": NaN
    },
    "2024-09-30": {
        "Tax Effect Of Unusual Items": -87348.0,
        "Tax Rate For Calcs": 0.174,
        "Normalized EBITDA": 181316000.0,
        "Total Unusual Items": -502000.0,
        "Total Unusual Items Excluding Goodwill": -502000.0,
        "Net Income From Continuing Operation Net Minority Interest": 145483000.0,
        "Reconciled Depreciation": 19689000.0,
        "Reconciled Cost Of Revenue": 612979000.0,
        "EBITDA": 180814000.0,
        "EBIT": 161125000.0,
        "Net Interest Income": 14637000.0,
        "Interest Income": 14637000.0,
        "Normalized Income": 145897652.0,
        "Net Income From Continuing And Discontinued Operation": 145483000.0,
        "Total Expenses": 954909000.0,
        "Total Operating Income As Reported": 160896000.0,
        "Diluted Average Shares": NaN,
        "Basic Average Shares": NaN,
        "Diluted EPS": NaN,
        "Basic EPS": NaN,
        "Diluted NI Availto Com Stockholders": 145483000.0,
        "Net Income Common Stockholders": 145483000.0,
        "Net Income": 145483000.0,
        "Net Income Including Noncontrolling Interests": 145483000.0,
        "Net Income Continuous Operations": 145483000.0,
        "Tax Provision": 30583000.0,
        "Pretax Income": 176066000.0,
        "Other Income Expense": 304000.0,
        "Other Non Operating Income Expenses": 806000.0,
        "Special Income Charges": -229000.0,
        "Restructuring And Mergern Acquisition": 229000.0,
        "Gain On Sale Of Security": -273000.0,
        "Net Non Operating Interest Income Expense": 14637000.0,
        "Interest Income Non Operating": 14637000.0,
        "Operating Income": 161125000.0,
        "Operating Expense": 324966000.0,
        "Depreciation Amortization Depletion Income Statement": 2725000.0,
        "Depreciation And Amortization In Income Statement": 2725000.0,
        "Amortization": 2725000.0,
        "Amortization Of Intangibles Income Statement": 2725000.0,
        "Research And Development": 76205000.0,
        "Selling General And Administration": 246036000.0,
        "Selling And Marketing Expense": 201863000.0,
        "General And Administrative Expense": 44173000.0,
        "Other Gand A": 44173000.0,
        "Salaries And Wages": NaN,
        "Gross Profit": 486091000.0,
        "Cost Of Revenue": 629943000.0,
        "Total Revenue": 1116034000.0,
        "Operating Revenue": 1116034000.0
    },
    "2024-12-31": {
        "Tax Effect Of Unusual Items": -540960.0,
        "Tax Rate For Calcs": 0.184,
        "Normalized EBITDA": 257768000.0,
        "Total Unusual Items": -2940000.0,
        "Total Unusual Items Excluding Goodwill": -2940000.0,
        "Net Income From Continuing Operation Net Minority Interest": 200147000.0,
        "Reconciled Depreciation": 20162000.0,
        "Reconciled Cost Of Revenue": 748328000.0,
        "EBITDA": 254828000.0,
        "EBIT": 234666000.0,
        "Net Interest Income": 12176000.0,
        "Interest Income": 12176000.0,
        "Normalized Income": 202546040.0,
        "Net Income From Continuing And Discontinued Operation": 200147000.0,
        "Total Expenses": 1105628000.0,
        "Total Operating Income As Reported": 234556000.0,
        "Diluted Average Shares": 151895000.0,
        "Basic Average Shares": 150647000.0,
        "Diluted EPS": 1.32,
        "Basic EPS": 1.33,
        "Diluted NI Availto Com Stockholders": 200147000.0,
        "Net Income Common Stockholders": 200147000.0,
        "Net Income": 200147000.0,
        "Net Income Including Noncontrolling Interests": 200147000.0,
        "Net Income Continuous Operations": 200147000.0,
        "Tax Provision": 45061000.0,
        "Pretax Income": 245208000.0,
        "Other Income Expense": -1634000.0,
        "Other Non Operating Income Expenses": 1306000.0,
        "Special Income Charges": -110000.0,
        "Restructuring And Mergern Acquisition": 110000.0,
        "Gain On Sale Of Security": -2830000.0,
        "Net Non Operating Interest Income Expense": 12176000.0,
        "Interest Income Non Operating": 12176000.0,
        "Operating Income": 234666000.0,
        "Operating Expense": 339775000.0,
        "Depreciation Amortization Depletion Income Statement": 2637000.0,
        "Depreciation And Amortization In Income Statement": 2637000.0,
        "Amortization": 2637000.0,
        "Amortization Of Intangibles Income Statement": 2637000.0,
        "Research And Development": 77973000.0,
        "Selling General And Administration": 259165000.0,
        "Selling And Marketing Expense": 217048000.0,
        "General And Administrative Expense": 42117000.0,
        "Other Gand A": 42117000.0,
        "Salaries And Wages": NaN,
        "Gross Profit": 574441000.0,
        "Cost Of Revenue": 765853000.0,
        "Total Revenue": 1340294000.0,
        "Operating Revenue": 1340294000.0
    },
    "2025-03-31": {
        "Tax Effect Of Unusual Items": -767465.0,
        "Tax Rate For Calcs": 0.085,
        "Normalized EBITDA": 144149000.0,
        "Total Unusual Items": -9029000.0,
        "Total Unusual Items Excluding Goodwill": -9029000.0,
        "Net Income From Continuing Operation Net Minority Interest": 144066000.0,
        "Reconciled Depreciation": 20326000.0,
        "Reconciled Cost Of Revenue": 556848000.0,
        "EBITDA": 135120000.0,
        "EBIT": 114794000.0,
        "Net Interest Income": 12394000.0,
        "Interest Income": 12394000.0,
        "Normalized Income": 152327535.0,
        "Net Income From Continuing And Discontinued Operation": 144066000.0,
        "Total Expenses": 895561000.0,
        "Total Operating Income As Reported": 105904000.0,
        "Diluted Average Shares": 150709000.0,
        "Basic Average Shares": 148999000.0,
        "Diluted EPS": 0.96,
        "Basic EPS": 0.97,
        "Diluted NI Availto Com Stockholders": 144066000.0,
        "Net Income Common Stockholders": 144066000.0,
        "Net Income": 144066000.0,
        "Net Income Including Noncontrolling Interests": 144066000.0,
        "Net Income Continuous Operations": 144066000.0,
        "Tax Provision": -25859000.0,
        "Pretax Income": 118207000.0,
        "Other Income Expense": -8981000.0,
        "Other Non Operating Income Expenses": 48000.0,
        "Special Income Charges": -8890000.0,
        "Restructuring And Mergern Acquisition": 8890000.0,
        "Gain On Sale Of Security": -139000.0,
        "Net Non Operating Interest Income Expense": 12394000.0,
        "Interest Income Non Operating": 12394000.0,
        "Operating Income": 114794000.0,
        "Operating Expense": 321017000.0,
        "Depreciation Amortization Depletion Income Statement": 2630000.0,
        "Depreciation And Amortization In Income Statement": 2630000.0,
        "Amortization": 2630000.0,
        "Amortization Of Intangibles Income Statement": 2630000.0,
        "Research And Development": 79523000.0,
        "Selling General And Administration": 238864000.0,
        "Selling And Marketing Expense": 198598000.0,
        "General And Administrative Expense": 40266000.0,
        "Other Gand A": 40266000.0,
        "Salaries And Wages": NaN,
        "Gross Profit": 435811000.0,
        "Cost Of Revenue": 574544000.0,
        "Total Revenue": 1010355000.0,
        "Operating Revenue": 1010355000.0
    },
    "2025-06-30": {
        "Tax Effect Of Unusual Items": -387614.0,
        "Tax Rate For Calcs": 0.163,
        "Normalized EBITDA": 186373000.0,
        "Total Unusual Items": -2378000.0,
        "Total Unusual Items Excluding Goodwill": -2378000.0,
        "Net Income From Continuing Operation Net Minority Interest": 146015000.0,
        "Reconciled Depreciation": 19859000.0,
        "Reconciled Cost Of Revenue": 651528000.0,
        "EBITDA": 183995000.0,
        "EBIT": 164136000.0,
        "Net Interest Income": 11229000.0,
        "Interest Income": 11229000.0,
        "Normalized Income": 148005386.0,
        "Net Income From Continuing And Discontinued Operation": 146015000.0,
        "Total Expenses": 983567000.0,
        "Total Operating Income As Reported": 162094000.0,
        "Diluted Average Shares": 149053000.0,
        "Basic Average Shares": 147864000.0,
        "Diluted EPS": 0.98,
        "Basic EPS": 0.99,
        "Diluted NI Availto Com Stockholders": 146015000.0,
        "Net Income Common Stockholders": 146015000.0,
        "Net Income": 146015000.0,
        "Net Income Including Noncontrolling Interests": 146015000.0,
        "Net Income Continuous Operations": 146015000.0,
        "Tax Provision": 28470000.0,
        "Pretax Income": 174485000.0,
        "Other Income Expense": -880000.0,
        "Other Non Operating Income Expenses": 1498000.0,
        "Special Income Charges": -2042000.0,
        "Restructuring And Mergern Acquisition": 2042000.0,
        "Gain On Sale Of Security": -336000.0,
        "Net Non Operating Interest Income Expense": 11229000.0,
        "Interest Income Non Operating": 11229000.0,
        "Operating Income": 164136000.0,
        "Operating Expense": 314826000.0,
        "Depreciation Amortization Depletion Income Statement": 2646000.0,
        "Depreciation And Amortization In Income Statement": 2646000.0,
        "Amortization": 2646000.0,
        "Amortization Of Intangibles Income Statement": 2646000.0,
        "Research And Development": 74587000.0,
        "Selling General And Administration": 237593000.0,
        "Selling And Marketing Expense": 195796000.0,
        "General And Administrative Expense": 41797000.0,
        "Other Gand A": 41797000.0,
        "Salaries And Wages": NaN,
        "Gross Profit": 478962000.0,
        "Cost Of Revenue": 668741000.0,
        "Total Revenue": 1147703000.0,
        "Operating Revenue": 1147703000.0
    },
    "2025-09-30": {
        "Tax Effect Of Unusual Items": -916794.0,
        "Tax Rate For Calcs": 0.159,
        "Normalized EBITDA": 221370000.0,
        "Total Unusual Items": -5766000.0,
        "Total Unusual Items Excluding Goodwill": -5766000.0,
        "Net Income From Continuing Operation Net Minority Interest": 170670000.0,
        "Reconciled Depreciation": 19871000.0,
        "Reconciled Cost Of Revenue": 653547000.0,
        "EBITDA": 215604000.0,
        "EBIT": 195733000.0,
        "Net Interest Income": 11828000.0,
        "Interest Income": 11828000.0,
        "Normalized Income": 175519206.0,
        "Net Income From Continuing And Discontinued Operation": 170670000.0,
        "Total Expenses": 990323000.0,
        "Total Operating Income As Reported": 191291000.0,
        "Diluted Average Shares": 148422000.0,
        "Basic Average Shares": 147123000.0,
        "Diluted EPS": 1.15,
        "Basic EPS": 1.16,
        "Diluted NI Availto Com Stockholders": 170670000.0,
        "Net Income Common Stockholders": 170670000.0,
        "Net Income": 170670000.0,
        "Net Income Including Noncontrolling Interests": 170670000.0,
        "Net Income Continuous Operations": 170670000.0,
        "Tax Provision": 32385000.0,
        "Pretax Income": 203055000.0,
        "Other Income Expense": -4506000.0,
        "Other Non Operating Income Expenses": 1260000.0,
        "Special Income Charges": -4442000.0,
        "Restructuring And Mergern Acquisition": 4442000.0,
        "Gain On Sale Of Security": -1324000.0,
        "Net Non Operating Interest Income Expense": 11828000.0,
        "Interest Income Non Operating": 11828000.0,
        "Operating Income": 195733000.0,
        "Operating Expense": 318723000.0,
        "Depreciation Amortization Depletion Income Statement": 1818000.0,
        "Depreciation And Amortization In Income Statement": 1818000.0,
        "Amortization": 1818000.0,
        "Amortization Of Intangibles Income Statement": 1818000.0,
        "Research And Development": 76110000.0,
        "Selling General And Administration": 240795000.0,
        "Selling And Marketing Expense": 198993000.0,
        "General And Administrative Expense": 41802000.0,
        "Other Gand A": 41802000.0,
        "Salaries And Wages": NaN,
        "Gross Profit": 514456000.0,
        "Cost Of Revenue": 671600000.0,
        "Total Revenue": 1186056000.0,
        "Operating Revenue": 1186056000.0
    },
    "2025-12-31": {
        "Tax Effect Of Unusual Items": 69069.0,
        "Tax Rate For Calcs": 0.161,
        "Normalized EBITDA": 305222000.0,
        "Total Unusual Items": 429000.0,
        "Total Unusual Items Excluding Goodwill": 429000.0,
        "Net Income From Continuing Operation Net Minority Interest": 251039000.0,
        "Reconciled Depreciation": 19175000.0,
        "Reconciled Cost Of Revenue": 788580000.0,
        "EBITDA": 305651000.0,
        "EBIT": 286476000.0,
        "Net Interest Income": 10985000.0,
        "Interest Income": 10985000.0,
        "Normalized Income": 250679069.0,
        "Net Income From Continuing And Discontinued Operation": 251039000.0,
        "Total Expenses": 1135003000.0,
        "Total Operating Income As Reported": 286014000.0,
        "Diluted Average Shares": 148450000.0,
        "Basic Average Shares": 146827000.0,
        "Diluted EPS": 1.69,
        "Basic EPS": 1.71,
        "Diluted NI Availto Com Stockholders": 251039000.0,
        "Net Income Common Stockholders": 251039000.0,
        "Net Income": 251039000.0,
        "Net Income Including Noncontrolling Interests": 251039000.0,
        "Net Income Continuous Operations": 251039000.0,
        "Tax Provision": 48091000.0,
        "Pretax Income": 299130000.0,
        "Other Income Expense": 1669000.0,
        "Other Non Operating Income Expenses": 1240000.0,
        "Special Income Charges": -462000.0,
        "Restructuring And Mergern Acquisition": 462000.0,
        "Gain On Sale Of Security": 891000.0,
        "Net Non Operating Interest Income Expense": 10985000.0,
        "Interest Income Non Operating": 10985000.0,
        "Operating Income": 286476000.0,
        "Operating Expense": 328163000.0,
        "Depreciation Amortization Depletion Income Statement": 915000.0,
        "Depreciation And Amortization In Income Statement": 915000.0,
        "Amortization": 915000.0,
        "Amortization Of Intangibles Income Statement": 915000.0,
        "Research And Development": 78452000.0,
        "Selling General And Administration": 248796000.0,
        "Selling And Marketing Expense": 206875000.0,
        "General And Administrative Expense": 41921000.0,
        "Other Gand A": 41921000.0,
        "Salaries And Wages": NaN,
        "Gross Profit": 614639000.0,
        "Cost Of Revenue": 806840000.0,
        "Total Revenue": 1421479000.0,
        "Operating Revenue": 1421479000.0
    }
}