{
    "2023-03-31": {
        "Tax Effect Of Unusual Items": NaN,
        "Tax Rate For Calcs": NaN,
        "Normalized EBITDA": NaN,
        "Total Unusual Items": NaN,
        "Total Unusual Items Excluding Goodwill": NaN,
        "Net Income From Continuing Operation Net Minority Interest": NaN,
        "Reconciled Depreciation": NaN,
        "Reconciled Cost Of Revenue": NaN,
        "EBITDA": NaN,
        "EBIT": NaN,
        "Net Interest Income": NaN,
        "Interest Expense": NaN,
        "Interest Income": NaN,
        "Normalized Income": NaN,
        "Net Income From Continuing And Discontinued Operation": NaN,
        "Total Expenses": NaN,
        "Rent Expense Supplemental": 9069000.0,
        "Diluted Average Shares": NaN,
        "Basic Average Shares": NaN,
        "Diluted EPS": NaN,
        "Basic EPS": NaN,
        "Diluted NI Availto Com Stockholders": NaN,
        "Net Income Common Stockholders": NaN,
        "Net Income": NaN,
        "Minority Interests": NaN,
        "Net Income Including Noncontrolling Interests": NaN,
        "Net Income Continuous Operations": NaN,
        "Tax Provision": NaN,
        "Pretax Income": NaN,
        "Other Income Expense": NaN,
        "Other Non Operating Income Expenses": NaN,
        "Special Income Charges": 0.0,
        "Gain On Sale Of Ppe": -28844000.0,
        "Other Special Charges": 11941000.0,
        "Impairment Of Capital Assets": 0.0,
        "Earnings From Equity Interest": 0.0,
        "Gain On Sale Of Security": NaN,
        "Net Non Operating Interest Income Expense": NaN,
        "Total Other Finance Cost": NaN,
        "Interest Expense Non Operating": NaN,
        "Interest Income Non Operating": NaN,
        "Operating Income": NaN,
        "Operating Expense": NaN,
        "Other Operating Expenses": 9284000.0,
        "Other Taxes": NaN,
        "Provision For Doubtful Accounts": 2531000.0,
        "Depreciation Amortization Depletion Income Statement": 176828000.0,
        "Depreciation And Amortization In Income Statement": 176828000.0,
        "Selling General And Administration": NaN,
        "Selling And Marketing Expense": 740237000.0,
        "General And Administrative Expense": 1917503000.0,
        "Other Gand A": 604958000.0,
        "Insurance And Claims": 201191000.0,
        "Rent And Landing Fees": 9069000.0,
        "Salaries And Wages": 1102285000.0,
        "Gross Profit": NaN,
        "Cost Of Revenue": NaN,
        "Total Revenue": NaN,
        "Operating Revenue": NaN
    },
    "2022-12-31": {
        "Tax Effect Of Unusual Items": NaN,
        "Tax Rate For Calcs": NaN,
        "Normalized EBITDA": NaN,
        "Total Unusual Items": NaN,
        "Total Unusual Items Excluding Goodwill": NaN,
        "Net Income From Continuing Operation Net Minority Interest": NaN,
        "Reconciled Depreciation": NaN,
        "Reconciled Cost Of Revenue": NaN,
        "EBITDA": NaN,
        "EBIT": NaN,
        "Net Interest Income": NaN,
        "Interest Expense": NaN,
        "Interest Income": NaN,
        "Normalized Income": NaN,
        "Net Income From Continuing And Discontinued Operation": NaN,
        "Total Expenses": NaN,
        "Rent Expense Supplemental": NaN,
        "Diluted Average Shares": NaN,
        "Basic Average Shares": NaN,
        "Diluted EPS": NaN,
        "Basic EPS": NaN,
        "Diluted NI Availto Com Stockholders": NaN,
        "Net Income Common Stockholders": NaN,
        "Net Income": NaN,
        "Minority Interests": NaN,
        "Net Income Including Noncontrolling Interests": NaN,
        "Net Income Continuous Operations": NaN,
        "Tax Provision": NaN,
        "Pretax Income": NaN,
        "Other Income Expense": NaN,
        "Other Non Operating Income Expenses": NaN,
        "Special Income Charges": 3369742000.0,
        "Gain On Sale Of Ppe": NaN,
        "Other Special Charges": NaN,
        "Impairment Of Capital Assets": 0.0,
        "Earnings From Equity Interest": 0.0,
        "Gain On Sale Of Security": NaN,
        "Net Non Operating Interest Income Expense": NaN,
        "Total Other Finance Cost": NaN,
        "Interest Expense Non Operating": NaN,
        "Interest Income Non Operating": NaN,
        "Operating Income": NaN,
        "Operating Expense": NaN,
        "Other Operating Expenses": NaN,
        "Other Taxes": NaN,
        "Provision For Doubtful Accounts": NaN,
        "Depreciation Amortization Depletion Income Statement": NaN,
        "Depreciation And Amortization In Income Statement": NaN,
        "Selling General And Administration": NaN,
        "Selling And Marketing Expense": NaN,
        "General And Administrative Expense": NaN,
        "Other Gand A": NaN,
        "Insurance And Claims": NaN,
        "Rent And Landing Fees": NaN,
        "Salaries And Wages": NaN,
        "Gross Profit": NaN,
        "Cost Of Revenue": NaN,
        "Total Revenue": NaN,
        "Operating Revenue": NaN
    },
    "2022-09-30": {
        "Tax Effect Of Unusual Items": NaN,
        "Tax Rate For Calcs": NaN,
        "Normalized EBITDA": NaN,
        "Total Unusual Items": NaN,
        "Total Unusual Items Excluding Goodwill": NaN,
        "Net Income From Continuing Operation Net Minority Interest": NaN,
        "Reconciled Depreciation": NaN,
        "Reconciled Cost Of Revenue": NaN,
        "EBITDA": NaN,
        "EBIT": NaN,
        "Net Interest Income": NaN,
        "Interest Expense": NaN,
        "Interest Income": NaN,
        "Normalized Income": NaN,
        "Net Income From Continuing And Discontinued Operation": NaN,
        "Total Expenses": NaN,
        "Rent Expense Supplemental": NaN,
        "Diluted Average Shares": NaN,
        "Basic Average Shares": NaN,
        "Diluted EPS": NaN,
        "Basic EPS": NaN,
        "Diluted NI Availto Com Stockholders": NaN,
        "Net Income Common Stockholders": NaN,
        "Net Income": NaN,
        "Minority Interests": NaN,
        "Net Income Including Noncontrolling Interests": NaN,
        "Net Income Continuous Operations": NaN,
        "Tax Provision": NaN,
        "Pretax Income": NaN,
        "Other Income Expense": NaN,
        "Other Non Operating Income Expenses": NaN,
        "Special Income Charges": 0.0,
        "Gain On Sale Of Ppe": NaN,
        "Other Special Charges": NaN,
        "Impairment Of Capital Assets": 0.0,
        "Earnings From Equity Interest": 0.0,
        "Gain On Sale Of Security": NaN,
        "Net Non Operating Interest Income Expense": NaN,
        "Total Other Finance Cost": NaN,
        "Interest Expense Non Operating": NaN,
        "Interest Income Non Operating": NaN,
        "Operating Income": NaN,
        "Operating Expense": NaN,
        "Other Operating Expenses": NaN,
        "Other Taxes": NaN,
        "Provision For Doubtful Accounts": NaN,
        "Depreciation Amortization Depletion Income Statement": NaN,
        "Depreciation And Amortization In Income Statement": NaN,
        "Selling General And Administration": NaN,
        "Selling And Marketing Expense": NaN,
        "General And Administrative Expense": NaN,
        "Other Gand A": NaN,
        "Insurance And Claims": NaN,
        "Rent And Landing Fees": NaN,
        "Salaries And Wages": NaN,
        "Gross Profit": NaN,
        "Cost Of Revenue": NaN,
        "Total Revenue": NaN,
        "Operating Revenue": NaN
    },
    "2022-06-30": {
        "Tax Effect Of Unusual Items": -159340800.0,
        "Tax Rate For Calcs": 0.4,
        "Normalized EBITDA": 8077124000.0,
        "Total Unusual Items": -398352000.0,
        "Total Unusual Items Excluding Goodwill": -398352000.0,
        "Net Income From Continuing Operation Net Minority Interest": 2488927000.0,
        "Reconciled Depreciation": 2783041000.0,
        "Reconciled Cost Of Revenue": 18174834000.0,
        "EBITDA": 7678772000.0,
        "EBIT": 4895731000.0,
        "Net Interest Income": -540704000.0,
        "Interest Expense": 597926000.0,
        "Interest Income": 57222000.0,
        "Normalized Income": 2727938200.0,
        "Net Income From Continuing And Discontinued Operation": 2488927000.0,
        "Total Expenses": 20637648000.0,
        "Rent Expense Supplemental": NaN,
        "Diluted Average Shares": 117088711.0,
        "Basic Average Shares": 117088711.0,
        "Diluted EPS": 45.8285,
        "Basic EPS": 45.8285,
        "Diluted NI Availto Com Stockholders": 2488927000.0,
        "Net Income Common Stockholders": 2488927000.0,
        "Net Income": 2488927000.0,
        "Minority Interests": 75568000.0,
        "Net Income Including Noncontrolling Interests": 2413359000.0,
        "Net Income Continuous Operations": 2413359000.0,
        "Tax Provision": 1884446000.0,
        "Pretax Income": 4297805000.0,
        "Other Income Expense": 207828000.0,
        "Other Non Operating Income Expenses": 606180000.0,
        "Special Income Charges": 0.0,
        "Gain On Sale Of Ppe": NaN,
        "Other Special Charges": -629323000.0,
        "Impairment Of Capital Assets": 0.0,
        "Earnings From Equity Interest": 0.0,
        "Gain On Sale Of Security": -398352000.0,
        "Net Non Operating Interest Income Expense": -540704000.0,
        "Total Other Finance Cost": -629000000.0,
        "Interest Expense Non Operating": 597926000.0,
        "Interest Income Non Operating": 57222000.0,
        "Operating Income": 4630681000.0,
        "Operating Expense": 2462814000.0,
        "Other Operating Expenses": NaN,
        "Other Taxes": 255311000.0,
        "Provision For Doubtful Accounts": NaN,
        "Depreciation Amortization Depletion Income Statement": NaN,
        "Depreciation And Amortization In Income Statement": NaN,
        "Selling General And Administration": 2207503000.0,
        "Selling And Marketing Expense": NaN,
        "General And Administrative Expense": NaN,
        "Other Gand A": NaN,
        "Insurance And Claims": NaN,
        "Rent And Landing Fees": NaN,
        "Salaries And Wages": NaN,
        "Gross Profit": 7093495000.0,
        "Cost Of Revenue": 18174834000.0,
        "Total Revenue": 25268329000.0,
        "Operating Revenue": 25268329000.0
    },
    "2022-03-31": {
        "Diluted EPS": 0.25,
        "Total Revenue": 182,
        "Gross Profit": 61,
        "Operating Income": 44,
        "EBIT": 61,
        "Net Income": 30
    },
    "2021-12-31": {
        "Diluted EPS": 0.33,
        "Total Revenue": 290,
        "Gross Profit": 98,
        "Operating Income": 71,
        "EBIT": 93,
        "Net Income": 39
    },
    "2021-09-30": {
        "Diluted EPS": 0.12,
        "Total Revenue": 183,
        "Gross Profit": 47,
        "Operating Income": 34,
        "EBIT": 49,
        "Net Income": 14
    },
    "2021-06-30": {
        "Diluted EPS": -0.11,
        "Total Revenue": 151,
        "Gross Profit": 46,
        "Operating Income": 33,
        "EBIT": 47,
        "Net Income": -13
    },
    "2021-03-31": {
        "Diluted EPS": 0.25,
        "Total Revenue": 149,
        "Gross Profit": 54,
        "Operating Income": 42,
        "EBIT": 53,
        "Net Income": 29
    },
    "2020-12-31": {
        "Diluted EPS": 0.49,
        "Total Revenue": 207,
        "Gross Profit": 72,
        "Operating Income": 50,
        "EBIT": 67,
        "Net Income": 58
    },
    "2020-09-30": {
        "Diluted EPS": 0.74,
        "Total Revenue": 147,
        "Gross Profit": 41,
        "Operating Income": 30,
        "EBIT": 43,
        "Net Income": 88
    },
    "2020-06-30": {
        "Diluted EPS": 0.01,
        "Total Revenue": 110,
        "Gross Profit": 27,
        "Operating Income": 17,
        "EBIT": 30,
        "Net Income": 1
    },
    "2020-03-31": {
        "Diluted EPS": 0.12,
        "Total Revenue": 127,
        "Gross Profit": 39,
        "Operating Income": 29,
        "EBIT": 42,
        "Net Income": 14
    },
    "2019-12-31": {
        "Diluted EPS": 0.24,
        "Total Revenue": 259,
        "Gross Profit": 75,
        "Operating Income": 44,
        "EBIT": 69,
        "Net Income": 27
    },
    "2019-09-30": {
        "Diluted EPS": 0.01,
        "Total Revenue": 186,
        "Gross Profit": 49,
        "Operating Income": 38,
        "EBIT": 54,
        "Net Income": 1
    },
    "2019-06-30": {
        "Diluted EPS": 0.2,
        "Total Revenue": 170,
        "Gross Profit": 44,
        "Operating Income": 43,
        "EBIT": 55,
        "Net Income": 24
    },
    "2019-03-31": {
        "Diluted EPS": 0.22,
        "Total Revenue": 191,
        "Gross Profit": 55,
        "Operating Income": 39,
        "EBIT": 55,
        "Net Income": 27
    },
    "2018-12-31": {
        "Diluted EPS": 0.22,
        "Total Revenue": 319,
        "Gross Profit": 59,
        "Operating Income": 39,
        "EBIT": 95,
        "Net Income": 26
    },
    "2018-09-30": {
        "Diluted EPS": 0.03,
        "Total Revenue": 196,
        "Gross Profit": 59,
        "Operating Income": 47,
        "EBIT": 50,
        "Net Income": 3
    },
    "2018-06-30": {
        "Diluted EPS": 0.07,
        "Total Revenue": 206,
        "Gross Profit": 58,
        "Operating Income": 41,
        "EBIT": 48,
        "Net Income": 8
    },
    "2018-03-31": {
        "Diluted EPS": 0.22,
        "Total Revenue": 231,
        "Gross Profit": 66,
        "Operating Income": 50,
        "EBIT": 59,
        "Net Income": 27
    },
    "2017-09-30": {
        "Diluted EPS": 0.15,
        "Total Revenue": 242,
        "Gross Profit": 67,
        "Operating Income": 49,
        "EBIT": 57,
        "Net Income": 17
    },
    "2017-06-30": {
        "Diluted EPS": 0.16,
        "Total Revenue": 221,
        "Gross Profit": 66,
        "Operating Income": 49,
        "EBIT": 49,
        "Net Income": 18
    },
    "2016-12-31": {
        "Diluted EPS": 0.0,
        "Total Revenue": NaN,
        "Gross Profit": NaN,
        "Operating Income": NaN,
        "EBIT": NaN,
        "Net Income": NaN
    },
    "2016-06-30": {
        "Diluted EPS": 0.02,
        "Total Revenue": 154,
        "Gross Profit": 154,
        "Operating Income": 154,
        "EBIT": 154,
        "Net Income": 3
    },
    "2023-06-30": {
        "Tax Effect Of Unusual Items": NaN,
        "Tax Rate For Calcs": NaN,
        "Normalized EBITDA": NaN,
        "Total Unusual Items": NaN,
        "Total Unusual Items Excluding Goodwill": NaN,
        "Net Income From Continuing Operation Net Minority Interest": NaN,
        "Reconciled Depreciation": NaN,
        "Reconciled Cost Of Revenue": NaN,
        "EBITDA": NaN,
        "EBIT": NaN,
        "Net Interest Income": NaN,
        "Interest Expense": NaN,
        "Interest Income": NaN,
        "Normalized Income": NaN,
        "Net Income From Continuing And Discontinued Operation": NaN,
        "Total Expenses": NaN,
        "Diluted Average Shares": NaN,
        "Basic Average Shares": NaN,
        "Diluted EPS": NaN,
        "Basic EPS": NaN,
        "Diluted NI Availto Com Stockholders": NaN,
        "Net Income Common Stockholders": NaN,
        "Net Income": NaN,
        "Minority Interests": NaN,
        "Net Income Including Noncontrolling Interests": NaN,
        "Net Income Continuous Operations": NaN,
        "Tax Provision": NaN,
        "Pretax Income": NaN,
        "Other Income Expense": NaN,
        "Other Non Operating Income Expenses": NaN,
        "Special Income Charges": 0.0,
        "Other Special Charges": -10146000000.0,
        "Impairment Of Capital Assets": 0.0,
        "Earnings From Equity Interest": 0.0,
        "Gain On Sale Of Security": NaN,
        "Net Non Operating Interest Income Expense": NaN,
        "Total Other Finance Cost": NaN,
        "Interest Expense Non Operating": NaN,
        "Interest Income Non Operating": NaN,
        "Operating Income": NaN,
        "Operating Expense": NaN,
        "Other Taxes": NaN,
        "Selling General And Administration": NaN,
        "Gross Profit": NaN,
        "Cost Of Revenue": NaN,
        "Total Revenue": NaN,
        "Operating Revenue": NaN
    },
    "2023-09-30": {
        "Tax Effect Of Unusual Items": -8418191069.948467,
        "Tax Rate For Calcs": 0.164727,
        "Normalized EBITDA": 140792000000.0,
        "Total Unusual Items": -51104000000.0,
        "Total Unusual Items Excluding Goodwill": -51104000000.0,
        "Net Income From Continuing Operation Net Minority Interest": 22861000000.0,
        "Reconciled Depreciation": 18025000000.0,
        "Reconciled Cost Of Revenue": 175918000000.0,
        "EBITDA": 89688000000.0,
        "EBIT": 71663000000.0,
        "Net Interest Income": 46219000000.0,
        "Interest Expense": 43914000000.0,
        "Interest Income": 551000000.0,
        "Normalized Income": 65546808930.05154,
        "Net Income From Continuing And Discontinued Operation": 22861000000.0,
        "Total Expenses": 197400000000.0,
        "Diluted Average Shares": 116677044.0,
        "Basic Average Shares": 116677044.0,
        "Diluted EPS": 195.934,
        "Basic EPS": 195.934,
        "Diluted NI Availto Com Stockholders": 22861000000.0,
        "Net Income Common Stockholders": 22861000000.0,
        "Net Income": 22861000000.0,
        "Minority Interests": -315000000.0,
        "Net Income Including Noncontrolling Interests": 23177000000.0,
        "Net Income Continuous Operations": 23178000000.0,
        "Tax Provision": 4571000000.0,
        "Pretax Income": 27749000000.0,
        "Other Income Expense": -50295000000.0,
        "Other Non Operating Income Expenses": 809000000.0,
        "Special Income Charges": NaN,
        "Impairment Of Capital Assets": NaN,
        "Earnings From Equity Interest": NaN,
        "Gain On Sale Of Security": -51104000000.0,
        "Net Non Operating Interest Income Expense": 46219000000.0,
        "Total Other Finance Cost": -89582000000.0,
        "Interest Expense Non Operating": 43914000000.0,
        "Interest Income Non Operating": 551000000.0,
        "Operating Income": 31824000000.0,
        "Operating Expense": 21482000000.0,
        "Other Taxes": 2455000000.0,
        "Selling General And Administration": 19027000000.0,
        "Gross Profit": 53306000000.0,
        "Cost Of Revenue": 175918000000.0,
        "Total Revenue": 229223000000.0,
        "Operating Revenue": 229223000000.0
    },
    "2023-12-31": {
        "Tax Effect Of Unusual Items": -31447367350.0,
        "Tax Rate For Calcs": 0.35,
        "Normalized EBITDA": 124173309000.0,
        "Total Unusual Items": -89849621000.0,
        "Total Unusual Items Excluding Goodwill": -89849621000.0,
        "Net Income From Continuing Operation Net Minority Interest": -9321821000.0,
        "Reconciled Depreciation": 15560480000.0,
        "Reconciled Cost Of Revenue": 157811576000.0,
        "EBITDA": 34323688000.0,
        "EBIT": 18763208000.0,
        "Net Interest Income": 50820029000.0,
        "Interest Expense": 27338955000.0,
        "Interest Income": 2092934000.0,
        "Normalized Income": 49080432650.0,
        "Net Income From Continuing And Discontinued Operation": -9321821000.0,
        "Total Expenses": 180008384000.0,
        "Rent Expense Supplemental": NaN,
        "Diluted Average Shares": 116695132.0,
        "Basic Average Shares": 116695132.0,
        "Diluted EPS": -169.5015,
        "Basic EPS": -169.5015,
        "Diluted NI Availto Com Stockholders": -9321821000.0,
        "Net Income Common Stockholders": -9321821000.0,
        "Net Income": -9321821000.0,
        "Minority Interests": 483656000.0,
        "Net Income Including Noncontrolling Interests": -9804477000.0,
        "Net Income Continuous Operations": -9804477000.0,
        "Tax Provision": 1228730000.0,
        "Pretax Income": -8575747000.0,
        "Other Income Expense": -90989209000.0,
        "Other Non Operating Income Expenses": -1139588000.0,
        "Special Income Charges": NaN,
        "Gain On Sale Of Ppe": NaN,
        "Impairment Of Capital Assets": NaN,
        "Earnings From Equity Interest": NaN,
        "Gain On Sale Of Security": -90304998000.0,
        "Net Non Operating Interest Income Expense": 50820029000.0,
        "Total Other Finance Cost": -76066050000.0,
        "Interest Expense Non Operating": 27338955000.0,
        "Interest Income Non Operating": 2092934000.0,
        "Operating Income": 31593433000.0,
        "Operating Expense": 22196808000.0,
        "Other Operating Expenses": NaN,
        "Other Taxes": 10587026000.0,
        "Provision For Doubtful Accounts": NaN,
        "Depreciation Amortization Depletion Income Statement": NaN,
        "Depreciation And Amortization In Income Statement": NaN,
        "Selling General And Administration": 9365997000.0,
        "Selling And Marketing Expense": NaN,
        "General And Administrative Expense": NaN,
        "Other Gand A": NaN,
        "Insurance And Claims": NaN,
        "Rent And Landing Fees": NaN,
        "Salaries And Wages": NaN,
        "Gross Profit": 53790241000.0,
        "Cost Of Revenue": 157811576000.0,
        "Total Revenue": 211601817000.0,
        "Operating Revenue": 418552644000.0
    },
    "2024-03-31": {
        "Tax Effect Of Unusual Items": NaN,
        "Tax Rate For Calcs": NaN,
        "Normalized EBITDA": NaN,
        "Total Unusual Items": NaN,
        "Total Unusual Items Excluding Goodwill": NaN,
        "Net Income From Continuing Operation Net Minority Interest": NaN,
        "Reconciled Depreciation": NaN,
        "Reconciled Cost Of Revenue": NaN,
        "EBITDA": NaN,
        "EBIT": NaN,
        "Net Interest Income": NaN,
        "Interest Expense": NaN,
        "Interest Income": 356000000.0,
        "Normalized Income": NaN,
        "Net Income From Continuing And Discontinued Operation": NaN,
        "Total Expenses": NaN,
        "Rent Expense Supplemental": NaN,
        "Diluted Average Shares": NaN,
        "Basic Average Shares": NaN,
        "Diluted EPS": NaN,
        "Basic EPS": NaN,
        "Diluted NI Availto Com Stockholders": NaN,
        "Net Income Common Stockholders": NaN,
        "Net Income": NaN,
        "Minority Interests": NaN,
        "Net Income Including Noncontrolling Interests": NaN,
        "Net Income Continuous Operations": NaN,
        "Tax Provision": NaN,
        "Pretax Income": NaN,
        "Other Income Expense": NaN,
        "Other Non Operating Income Expenses": NaN,
        "Special Income Charges": 0.0,
        "Gain On Sale Of Ppe": NaN,
        "Impairment Of Capital Assets": 0.0,
        "Earnings From Equity Interest": 0.0,
        "Gain On Sale Of Security": NaN,
        "Net Non Operating Interest Income Expense": NaN,
        "Total Other Finance Cost": NaN,
        "Interest Expense Non Operating": NaN,
        "Interest Income Non Operating": 356000000.0,
        "Operating Income": NaN,
        "Operating Expense": NaN,
        "Other Operating Expenses": NaN,
        "Other Taxes": NaN,
        "Provision For Doubtful Accounts": NaN,
        "Depreciation Amortization Depletion Income Statement": NaN,
        "Depreciation And Amortization In Income Statement": NaN,
        "Selling General And Administration": NaN,
        "Selling And Marketing Expense": NaN,
        "General And Administrative Expense": NaN,
        "Other Gand A": NaN,
        "Insurance And Claims": NaN,
        "Rent And Landing Fees": NaN,
        "Salaries And Wages": NaN,
        "Gross Profit": NaN,
        "Cost Of Revenue": NaN,
        "Total Revenue": NaN,
        "Operating Revenue": NaN
    },
    "2024-06-30": {
        "Tax Effect Of Unusual Items": -4657389493.914158,
        "Tax Rate For Calcs": 0.37087,
        "Normalized EBITDA": 121300000000.0,
        "Total Unusual Items": -12558000000.0,
        "Total Unusual Items Excluding Goodwill": -12558000000.0,
        "Net Income From Continuing Operation Net Minority Interest": 41309000000.0,
        "Reconciled Depreciation": 19250000000.0,
        "Reconciled Cost Of Revenue": 138538000000.0,
        "EBITDA": 108742000000.0,
        "EBIT": 89492000000.0,
        "Net Interest Income": 46020000000.0,
        "Interest Expense": 23930000000.0,
        "Interest Income": 353000000.0,
        "Normalized Income": 49209610506.08584,
        "Net Income From Continuing And Discontinued Operation": 41309000000.0,
        "Total Expenses": 158287000000.0,
        "Rent Expense Supplemental": NaN,
        "Diluted Average Shares": 116695222.0,
        "Basic Average Shares": 116695222.0,
        "Diluted EPS": 353.9905,
        "Basic EPS": 353.9905,
        "Diluted NI Availto Com Stockholders": 41309000000.0,
        "Net Income Common Stockholders": 41309000000.0,
        "Net Income": 41309000000.0,
        "Minority Interests": 63000000.0,
        "Net Income Including Noncontrolling Interests": 41246000000.0,
        "Net Income Continuous Operations": 41247000000.0,
        "Tax Provision": 24315000000.0,
        "Pretax Income": 65562000000.0,
        "Other Income Expense": -11923000000.0,
        "Other Non Operating Income Expenses": 635000000.0,
        "Special Income Charges": NaN,
        "Gain On Sale Of Ppe": NaN,
        "Impairment Of Capital Assets": NaN,
        "Earnings From Equity Interest": NaN,
        "Gain On Sale Of Security": -12558000000.0,
        "Net Non Operating Interest Income Expense": 46020000000.0,
        "Total Other Finance Cost": -69597000000.0,
        "Interest Expense Non Operating": 23930000000.0,
        "Interest Income Non Operating": 353000000.0,
        "Operating Income": 31466000000.0,
        "Operating Expense": 19749000000.0,
        "Other Operating Expenses": NaN,
        "Other Taxes": 2007000000.0,
        "Provision For Doubtful Accounts": NaN,
        "Depreciation Amortization Depletion Income Statement": NaN,
        "Depreciation And Amortization In Income Statement": NaN,
        "Selling General And Administration": 17742000000.0,
        "Selling And Marketing Expense": NaN,
        "General And Administrative Expense": NaN,
        "Other Gand A": NaN,
        "Insurance And Claims": NaN,
        "Rent And Landing Fees": NaN,
        "Salaries And Wages": NaN,
        "Gross Profit": 51215000000.0,
        "Cost Of Revenue": 138538000000.0,
        "Total Revenue": 189753000000.0,
        "Operating Revenue": 189753000000.0
    },
    "2024-09-30": {
        "Tax Effect Of Unusual Items": -3349569300.0,
        "Tax Rate For Calcs": 0.35,
        "Normalized EBITDA": 69502223000.0,
        "Total Unusual Items": -9570198000.0,
        "Total Unusual Items Excluding Goodwill": -9570198000.0,
        "Net Income From Continuing Operation Net Minority Interest": 20929287000.0,
        "Reconciled Depreciation": 10847342000.0,
        "Reconciled Cost Of Revenue": 139911133000.0,
        "EBITDA": 59932025000.0,
        "EBIT": 49084683000.0,
        "Net Interest Income": 22169196000.0,
        "Interest Expense": 12902449000.0,
        "Interest Income": 567320000.0,
        "Normalized Income": 27149915700.0,
        "Net Income From Continuing And Discontinued Operation": 20929287000.0,
        "Total Expenses": 158300744000.0,
        "Rent Expense Supplemental": NaN,
        "Diluted Average Shares": 116696600.0,
        "Basic Average Shares": 116696600.0,
        "Diluted EPS": 179.348,
        "Basic EPS": 179.348,
        "Diluted NI Availto Com Stockholders": 20929287000.0,
        "Net Income Common Stockholders": 20929287000.0,
        "Net Income": 20929287000.0,
        "Minority Interests": -223805000.0,
        "Net Income Including Noncontrolling Interests": 21153092000.0,
        "Net Income Continuous Operations": 21153092000.0,
        "Tax Provision": 15029142000.0,
        "Pretax Income": 36182234000.0,
        "Other Income Expense": -8371762000.0,
        "Other Non Operating Income Expenses": 1198436000.0,
        "Special Income Charges": NaN,
        "Gain On Sale Of Ppe": NaN,
        "Impairment Of Capital Assets": NaN,
        "Earnings From Equity Interest": NaN,
        "Gain On Sale Of Security": -9570198000.0,
        "Net Non Operating Interest Income Expense": 22169196000.0,
        "Total Other Finance Cost": -34504325000.0,
        "Interest Expense Non Operating": 12902449000.0,
        "Interest Income Non Operating": 567320000.0,
        "Operating Income": 22384800000.0,
        "Operating Expense": 18389611000.0,
        "Other Operating Expenses": NaN,
        "Other Taxes": 1820930000.0,
        "Provision For Doubtful Accounts": NaN,
        "Depreciation Amortization Depletion Income Statement": NaN,
        "Depreciation And Amortization In Income Statement": NaN,
        "Selling General And Administration": 16568681000.0,
        "Selling And Marketing Expense": NaN,
        "General And Administrative Expense": NaN,
        "Other Gand A": NaN,
        "Insurance And Claims": NaN,
        "Rent And Landing Fees": NaN,
        "Salaries And Wages": NaN,
        "Gross Profit": 40774411000.0,
        "Cost Of Revenue": 139911133000.0,
        "Total Revenue": 180685544000.0,
        "Operating Revenue": 180685544000.0
    },
    "2024-12-31": {
        "Tax Effect Of Unusual Items": -4138958250.0,
        "Tax Rate For Calcs": 0.35,
        "Normalized EBITDA": 84683088000.0,
        "Total Unusual Items": -11825595000.0,
        "Total Unusual Items Excluding Goodwill": -11825595000.0,
        "Net Income From Continuing Operation Net Minority Interest": 32181111000.0,
        "Reconciled Depreciation": 15875155000.0,
        "Reconciled Cost Of Revenue": 132147823000.0,
        "EBITDA": 72857493000.0,
        "EBIT": 56982338000.0,
        "Net Interest Income": -237209204000.0,
        "Interest Expense": 3812759000.0,
        "Interest Income": -162483000.0,
        "Normalized Income": 39867747750.0,
        "Net Income From Continuing And Discontinued Operation": 32181111000.0,
        "Total Expenses": 173723852000.0,
        "Rent Expense Supplemental": 515129000.0,
        "Diluted Average Shares": 116696860.0,
        "Basic Average Shares": 116696860.0,
        "Diluted EPS": 192.096,
        "Basic EPS": 192.096,
        "Diluted NI Availto Com Stockholders": 32181111000.0,
        "Net Income Common Stockholders": 32181111000.0,
        "Net Income": 32181111000.0,
        "Minority Interests": 290083000.0,
        "Net Income Including Noncontrolling Interests": 31891028000.0,
        "Net Income Continuous Operations": 31891028000.0,
        "Tax Provision": 21278551000.0,
        "Pretax Income": 53169579000.0,
        "Other Income Expense": 250915194000.0,
        "Other Non Operating Income Expenses": 262740789000.0,
        "Special Income Charges": 1777246000.0,
        "Gain On Sale Of Ppe": 1777246000.0,
        "Impairment Of Capital Assets": NaN,
        "Earnings From Equity Interest": NaN,
        "Gain On Sale Of Security": -13602841000.0,
        "Net Non Operating Interest Income Expense": -237209204000.0,
        "Total Other Finance Cost": 233233962000.0,
        "Interest Expense Non Operating": 3812759000.0,
        "Interest Income Non Operating": -162483000.0,
        "Operating Income": 39463589000.0,
        "Operating Expense": 26948495000.0,
        "Other Operating Expenses": 51203000.0,
        "Other Taxes": 6965723000.0,
        "Provision For Doubtful Accounts": 55085000.0,
        "Depreciation Amortization Depletion Income Statement": 1247621000.0,
        "Depreciation And Amortization In Income Statement": 1247621000.0,
        "Selling General And Administration": 18628863000.0,
        "Selling And Marketing Expense": 4453949000.0,
        "General And Administrative Expense": 14174914000.0,
        "Other Gand A": 4466628000.0,
        "Insurance And Claims": 978234000.0,
        "Rent And Landing Fees": 157013000.0,
        "Salaries And Wages": 8573039000.0,
        "Gross Profit": 66412084000.0,
        "Cost Of Revenue": 146775357000.0,
        "Total Revenue": 213187441000.0,
        "Operating Revenue": 367764367000.0
    },
    "2025-03-31": {
        "Tax Effect Of Unusual Items": -2872944672.580797,
        "Tax Rate For Calcs": 0.333908,
        "Normalized EBITDA": 63880000000.0,
        "Total Unusual Items": -8604000000.0,
        "Total Unusual Items Excluding Goodwill": -8604000000.0,
        "Net Income From Continuing Operation Net Minority Interest": 21473000000.0,
        "Reconciled Depreciation": 14394000000.0,
        "Reconciled Cost Of Revenue": 120015000000.0,
        "EBITDA": 55276000000.0,
        "EBIT": 40882000000.0,
        "Net Interest Income": 17511000000.0,
        "Interest Expense": 8981000000.0,
        "Interest Income": 1082000000.0,
        "Normalized Income": 27204055327.419205,
        "Net Income From Continuing And Discontinued Operation": 21473000000.0,
        "Total Expenses": 140821000000.0,
        "Rent Expense Supplemental": NaN,
        "Diluted Average Shares": 116600000.0,
        "Basic Average Shares": 116600000.0,
        "Diluted EPS": 184.01,
        "Basic EPS": 184.01,
        "Diluted NI Availto Com Stockholders": 21473000000.0,
        "Net Income Common Stockholders": 21473000000.0,
        "Net Income": 21473000000.0,
        "Minority Interests": 224000000.0,
        "Net Income Including Noncontrolling Interests": 21250000000.0,
        "Net Income Continuous Operations": 21249000000.0,
        "Tax Provision": 10652000000.0,
        "Pretax Income": 31901000000.0,
        "Other Income Expense": -7939000000.0,
        "Other Non Operating Income Expenses": 665000000.0,
        "Special Income Charges": NaN,
        "Gain On Sale Of Ppe": NaN,
        "Impairment Of Capital Assets": NaN,
        "Earnings From Equity Interest": NaN,
        "Gain On Sale Of Security": -8604000000.0,
        "Net Non Operating Interest Income Expense": 17511000000.0,
        "Total Other Finance Cost": -25410000000.0,
        "Interest Expense Non Operating": 8981000000.0,
        "Interest Income Non Operating": 1082000000.0,
        "Operating Income": 22330000000.0,
        "Operating Expense": 20806000000.0,
        "Other Operating Expenses": NaN,
        "Other Taxes": 1779000000.0,
        "Provision For Doubtful Accounts": NaN,
        "Depreciation Amortization Depletion Income Statement": NaN,
        "Depreciation And Amortization In Income Statement": NaN,
        "Selling General And Administration": 19027000000.0,
        "Selling And Marketing Expense": NaN,
        "General And Administrative Expense": NaN,
        "Other Gand A": NaN,
        "Insurance And Claims": NaN,
        "Rent And Landing Fees": NaN,
        "Salaries And Wages": NaN,
        "Gross Profit": 43136000000.0,
        "Cost Of Revenue": 120015000000.0,
        "Total Revenue": 163151000000.0,
        "Operating Revenue": 163151000000.0
    },
    "2025-06-30": {
        "Tax Effect Of Unusual Items": -8394400000.0,
        "Tax Rate For Calcs": 0.35,
        "Normalized EBITDA": 51973000000.0,
        "Total Unusual Items": -23984000000.0,
        "Total Unusual Items Excluding Goodwill": -23984000000.0,
        "Net Income From Continuing Operation Net Minority Interest": 397000000.0,
        "Reconciled Depreciation": 18685000000.0,
        "Reconciled Cost Of Revenue": 138917000000.0,
        "EBITDA": 27989000000.0,
        "EBIT": 9304000000.0,
        "Net Interest Income": 7292000000.0,
        "Interest Expense": 9787000000.0,
        "Interest Income": NaN,
        "Normalized Income": 15986600000.0,
        "Net Income From Continuing And Discontinued Operation": 397000000.0,
        "Total Expenses": 159706000000.0,
        "Rent Expense Supplemental": NaN,
        "Diluted Average Shares": 116610369.0,
        "Basic Average Shares": 116610369.0,
        "Diluted EPS": 3.4045,
        "Basic EPS": 3.4045,
        "Diluted NI Availto Com Stockholders": 397000000.0,
        "Net Income Common Stockholders": 397000000.0,
        "Net Income": 397000000.0,
        "Minority Interests": 12000000.0,
        "Net Income Including Noncontrolling Interests": 385000000.0,
        "Net Income Continuous Operations": 385000000.0,
        "Tax Provision": -868000000.0,
        "Pretax Income": -483000000.0,
        "Other Income Expense": -22581000000.0,
        "Other Non Operating Income Expenses": 1403000000.0,
        "Special Income Charges": NaN,
        "Gain On Sale Of Ppe": NaN,
        "Impairment Of Capital Assets": NaN,
        "Earnings From Equity Interest": NaN,
        "Gain On Sale Of Security": -23984000000.0,
        "Net Non Operating Interest Income Expense": 7292000000.0,
        "Total Other Finance Cost": -17079000000.0,
        "Interest Expense Non Operating": 9787000000.0,
        "Interest Income Non Operating": NaN,
        "Operating Income": 14805000000.0,
        "Operating Expense": 20789000000.0,
        "Other Operating Expenses": NaN,
        "Other Taxes": 2113000000.0,
        "Provision For Doubtful Accounts": NaN,
        "Depreciation Amortization Depletion Income Statement": NaN,
        "Depreciation And Amortization In Income Statement": NaN,
        "Selling General And Administration": 18676000000.0,
        "Selling And Marketing Expense": NaN,
        "General And Administrative Expense": NaN,
        "Other Gand A": NaN,
        "Insurance And Claims": NaN,
        "Rent And Landing Fees": NaN,
        "Salaries And Wages": NaN,
        "Gross Profit": 35594000000.0,
        "Cost Of Revenue": 138917000000.0,
        "Total Revenue": 174511000000.0,
        "Operating Revenue": 174511000000.0
    }
}