{
    "2023-03-31": {
        "Tax Effect Of Unusual Items": NaN,
        "Tax Rate For Calcs": NaN,
        "Normalized EBITDA": NaN,
        "Net Income From Continuing Operation Net Minority Interest": NaN,
        "Reconciled Depreciation": NaN,
        "Reconciled Cost Of Revenue": NaN,
        "EBITDA": NaN,
        "EBIT": NaN,
        "Net Interest Income": NaN,
        "Interest Expense": NaN,
        "Interest Income": NaN,
        "Normalized Income": NaN,
        "Net Income From Continuing And Discontinued Operation": NaN,
        "Total Expenses": NaN,
        "Total Operating Income As Reported": NaN,
        "Diluted Average Shares": 30638000.0,
        "Basic Average Shares": 30461000.0,
        "Diluted EPS": 1.94,
        "Basic EPS": 1.96,
        "Diluted NI Availto Com Stockholders": NaN,
        "Net Income Common Stockholders": NaN,
        "Net Income": NaN,
        "Net Income Including Noncontrolling Interests": NaN,
        "Net Income Continuous Operations": NaN,
        "Tax Provision": NaN,
        "Pretax Income": NaN,
        "Net Non Operating Interest Income Expense": NaN,
        "Interest Expense Non Operating": NaN,
        "Interest Income Non Operating": NaN,
        "Operating Income": NaN,
        "Operating Expense": NaN,
        "Depreciation Amortization Depletion Income Statement": NaN,
        "Depreciation And Amortization In Income Statement": NaN,
        "Amortization": NaN,
        "Amortization Of Intangibles Income Statement": NaN,
        "Selling General And Administration": NaN,
        "Selling And Marketing Expense": NaN,
        "General And Administrative Expense": NaN,
        "Other Gand A": NaN,
        "Gross Profit": NaN,
        "Cost Of Revenue": NaN,
        "Total Revenue": NaN,
        "Operating Revenue": NaN
    },
    "2022-12-31": {
        "Tax Effect Of Unusual Items": NaN,
        "Tax Rate For Calcs": NaN,
        "Normalized EBITDA": NaN,
        "Net Income From Continuing Operation Net Minority Interest": NaN,
        "Reconciled Depreciation": NaN,
        "Reconciled Cost Of Revenue": NaN,
        "EBITDA": NaN,
        "EBIT": NaN,
        "Net Interest Income": NaN,
        "Interest Expense": NaN,
        "Interest Income": NaN,
        "Normalized Income": NaN,
        "Net Income From Continuing And Discontinued Operation": NaN,
        "Total Expenses": NaN,
        "Total Operating Income As Reported": NaN,
        "Diluted Average Shares": 30835000.0,
        "Basic Average Shares": 30669000.0,
        "Diluted EPS": 2.3,
        "Basic EPS": 2.32,
        "Diluted NI Availto Com Stockholders": NaN,
        "Net Income Common Stockholders": NaN,
        "Net Income": NaN,
        "Net Income Including Noncontrolling Interests": NaN,
        "Net Income Continuous Operations": NaN,
        "Tax Provision": NaN,
        "Pretax Income": NaN,
        "Net Non Operating Interest Income Expense": NaN,
        "Interest Expense Non Operating": NaN,
        "Interest Income Non Operating": NaN,
        "Operating Income": NaN,
        "Operating Expense": NaN,
        "Depreciation Amortization Depletion Income Statement": NaN,
        "Depreciation And Amortization In Income Statement": NaN,
        "Amortization": NaN,
        "Amortization Of Intangibles Income Statement": NaN,
        "Selling General And Administration": NaN,
        "Selling And Marketing Expense": NaN,
        "General And Administrative Expense": NaN,
        "Other Gand A": NaN,
        "Gross Profit": NaN,
        "Cost Of Revenue": NaN,
        "Total Revenue": NaN,
        "Operating Revenue": NaN
    },
    "2022-09-30": {
        "Tax Effect Of Unusual Items": 0.0,
        "Tax Rate For Calcs": 0.172,
        "Normalized EBITDA": 44033000.0,
        "Net Income From Continuing Operation Net Minority Interest": 30008000.0,
        "Reconciled Depreciation": 7776000.0,
        "Reconciled Cost Of Revenue": 99205000.0,
        "EBITDA": 44033000.0,
        "EBIT": 36257000.0,
        "Net Interest Income": 745000.0,
        "Interest Expense": 0.0,
        "Interest Income": 745000.0,
        "Normalized Income": 30008000.0,
        "Net Income From Continuing And Discontinued Operation": 30008000.0,
        "Total Expenses": 173208000.0,
        "Total Operating Income As Reported": 35512000.0,
        "Diluted Average Shares": 31387000.0,
        "Basic Average Shares": 31302000.0,
        "Diluted EPS": 0.96,
        "Basic EPS": 0.96,
        "Diluted NI Availto Com Stockholders": 30008000.0,
        "Net Income Common Stockholders": 30008000.0,
        "Net Income": 30008000.0,
        "Net Income Including Noncontrolling Interests": 30008000.0,
        "Net Income Continuous Operations": 30008000.0,
        "Tax Provision": 6249000.0,
        "Pretax Income": 36257000.0,
        "Net Non Operating Interest Income Expense": 745000.0,
        "Interest Expense Non Operating": 0.0,
        "Interest Income Non Operating": 745000.0,
        "Operating Income": 35512000.0,
        "Operating Expense": 68332000.0,
        "Depreciation Amortization Depletion Income Statement": 2105000.0,
        "Depreciation And Amortization In Income Statement": 2105000.0,
        "Amortization": 2105000.0,
        "Amortization Of Intangibles Income Statement": 2105000.0,
        "Selling General And Administration": 66227000.0,
        "Selling And Marketing Expense": 50651000.0,
        "General And Administrative Expense": 15576000.0,
        "Other Gand A": 15576000.0,
        "Gross Profit": 103844000.0,
        "Cost Of Revenue": 104876000.0,
        "Total Revenue": 208720000.0,
        "Operating Revenue": 208720000.0
    },
    "2022-06-30": {
        "Tax Effect Of Unusual Items": 0.0,
        "Tax Rate For Calcs": 0.252,
        "Normalized EBITDA": 41922000.0,
        "Net Income From Continuing Operation Net Minority Interest": 25562000.0,
        "Reconciled Depreciation": 7733000.0,
        "Reconciled Cost Of Revenue": 98586000.0,
        "EBITDA": 41922000.0,
        "EBIT": 34189000.0,
        "Net Interest Income": 339000.0,
        "Interest Expense": 5000.0,
        "Interest Income": 344000.0,
        "Normalized Income": 25562000.0,
        "Net Income From Continuing And Discontinued Operation": 25562000.0,
        "Total Expenses": 165908000.0,
        "Total Operating Income As Reported": 33845000.0,
        "Diluted Average Shares": 31877000.0,
        "Basic Average Shares": 31800000.0,
        "Diluted EPS": 0.8,
        "Basic EPS": 0.8,
        "Diluted NI Availto Com Stockholders": 25562000.0,
        "Net Income Common Stockholders": 25562000.0,
        "Net Income": 25562000.0,
        "Net Income Including Noncontrolling Interests": 25562000.0,
        "Net Income Continuous Operations": 25562000.0,
        "Tax Provision": 8622000.0,
        "Pretax Income": 34184000.0,
        "Net Non Operating Interest Income Expense": 339000.0,
        "Interest Expense Non Operating": 5000.0,
        "Interest Income Non Operating": 344000.0,
        "Operating Income": 33845000.0,
        "Operating Expense": 61694000.0,
        "Depreciation Amortization Depletion Income Statement": 2105000.0,
        "Depreciation And Amortization In Income Statement": 2105000.0,
        "Amortization": 2105000.0,
        "Amortization Of Intangibles Income Statement": 2105000.0,
        "Selling General And Administration": 59589000.0,
        "Selling And Marketing Expense": 49735000.0,
        "General And Administrative Expense": 9854000.0,
        "Other Gand A": 9854000.0,
        "Gross Profit": 95539000.0,
        "Cost Of Revenue": 104214000.0,
        "Total Revenue": 199753000.0,
        "Operating Revenue": 199753000.0
    },
    "2023-06-30": {
        "Tax Effect Of Unusual Items": NaN,
        "Tax Rate For Calcs": NaN,
        "Normalized EBITDA": NaN,
        "Net Income From Continuing Operation Net Minority Interest": NaN,
        "Reconciled Depreciation": NaN,
        "Reconciled Cost Of Revenue": NaN,
        "EBITDA": NaN,
        "EBIT": NaN,
        "Net Interest Income": NaN,
        "Interest Expense": NaN,
        "Interest Income": NaN,
        "Normalized Income": NaN,
        "Net Income From Continuing And Discontinued Operation": NaN,
        "Total Expenses": NaN,
        "Total Operating Income As Reported": NaN,
        "Diluted Average Shares": 30287000.0,
        "Basic Average Shares": 30183000.0,
        "Diluted EPS": 0.96,
        "Basic EPS": 0.96,
        "Diluted NI Availto Com Stockholders": NaN,
        "Net Income Common Stockholders": NaN,
        "Net Income": NaN,
        "Net Income Including Noncontrolling Interests": NaN,
        "Net Income Continuous Operations": NaN,
        "Tax Provision": NaN,
        "Pretax Income": NaN,
        "Net Non Operating Interest Income Expense": NaN,
        "Interest Expense Non Operating": NaN,
        "Interest Income Non Operating": NaN,
        "Operating Income": NaN,
        "Operating Expense": NaN,
        "Depreciation Amortization Depletion Income Statement": NaN,
        "Depreciation And Amortization In Income Statement": NaN,
        "Amortization": NaN,
        "Amortization Of Intangibles Income Statement": NaN,
        "Selling General And Administration": NaN,
        "Selling And Marketing Expense": NaN,
        "General And Administrative Expense": NaN,
        "Other Gand A": NaN,
        "Gross Profit": NaN,
        "Cost Of Revenue": NaN,
        "Total Revenue": NaN,
        "Operating Revenue": NaN
    },
    "2022-03-31": {
        "Diluted EPS": 1.66,
        "Total Revenue": 244,
        "Gross Profit": 140,
        "Operating Income": 77,
        "EBIT": 85,
        "Net Income": 58
    },
    "2021-12-31": {
        "Diluted EPS": 2.06,
        "Total Revenue": 251,
        "Gross Profit": 156,
        "Operating Income": 102,
        "EBIT": 110,
        "Net Income": 85
    },
    "2021-09-30": {
        "Diluted EPS": 1.08,
        "Total Revenue": 207,
        "Gross Profit": 109,
        "Operating Income": 45,
        "EBIT": 53,
        "Net Income": 48
    },
    "2021-06-30": {
        "Diluted EPS": 1.09,
        "Total Revenue": 201,
        "Gross Profit": 107,
        "Operating Income": 50,
        "EBIT": 58,
        "Net Income": 49
    },
    "2021-03-31": {
        "Diluted EPS": 1.69,
        "Total Revenue": 237,
        "Gross Profit": 144,
        "Operating Income": 84,
        "EBIT": 92,
        "Net Income": 78
    },
    "2020-12-31": {
        "Diluted EPS": 1.85,
        "Total Revenue": 238,
        "Gross Profit": 148,
        "Operating Income": 97,
        "EBIT": 105,
        "Net Income": 87
    },
    "2020-09-30": {
        "Diluted EPS": 1.11,
        "Total Revenue": 198,
        "Gross Profit": 109,
        "Operating Income": 51,
        "EBIT": 59,
        "Net Income": 52
    },
    "2020-06-30": {
        "Diluted EPS": 1.0,
        "Total Revenue": 186,
        "Gross Profit": 101,
        "Operating Income": 48,
        "EBIT": 56,
        "Net Income": 47
    },
    "2020-03-31": {
        "Diluted EPS": 1.49,
        "Total Revenue": 222,
        "Gross Profit": 135,
        "Operating Income": 81,
        "EBIT": 88,
        "Net Income": 71
    },
    "2019-12-31": {
        "Diluted EPS": 1.59,
        "Total Revenue": 213,
        "Gross Profit": 128,
        "Operating Income": 82,
        "EBIT": 89,
        "Net Income": 77
    },
    "2019-09-30": {
        "Diluted EPS": 1.2,
        "Total Revenue": 193,
        "Gross Profit": 113,
        "Operating Income": 60,
        "EBIT": 67,
        "Net Income": 58
    },
    "2019-06-30": {
        "Diluted EPS": 1.06,
        "Total Revenue": 175,
        "Gross Profit": 98,
        "Operating Income": 51,
        "EBIT": 58,
        "Net Income": 51
    },
    "2019-03-31": {
        "Diluted EPS": 1.52,
        "Total Revenue": 197,
        "Gross Profit": 126,
        "Operating Income": 72,
        "EBIT": 79,
        "Net Income": 73
    },
    "2018-12-31": {
        "Diluted EPS": 1.56,
        "Total Revenue": 178,
        "Gross Profit": 114,
        "Operating Income": 80,
        "EBIT": 84,
        "Net Income": 76
    },
    "2018-09-30": {
        "Diluted EPS": 0.7,
        "Total Revenue": 155,
        "Gross Profit": 93,
        "Operating Income": 29,
        "EBIT": 33,
        "Net Income": 34
    },
    "2018-06-30": {
        "Diluted EPS": 0.95,
        "Total Revenue": 237,
        "Gross Profit": 175,
        "Operating Income": 58,
        "EBIT": 73,
        "Net Income": 46
    },
    "2018-03-31": {
        "Diluted EPS": 1.52,
        "Total Revenue": 276,
        "Gross Profit": 214,
        "Operating Income": 90,
        "EBIT": 104,
        "Net Income": 74
    },
    "2017-12-31": {
        "Diluted EPS": 1.42,
        "Total Revenue": 271,
        "Gross Profit": 295,
        "Operating Income": 91,
        "EBIT": 105,
        "Net Income": 68
    },
    "2017-09-30": {
        "Diluted EPS": 0.81,
        "Total Revenue": 236,
        "Gross Profit": 180,
        "Operating Income": 60,
        "EBIT": 73,
        "Net Income": 39
    },
    "2017-06-30": {
        "Diluted EPS": 0.83,
        "Total Revenue": 218,
        "Gross Profit": 123,
        "Operating Income": 55,
        "EBIT": 69,
        "Net Income": 40
    },
    "2017-03-31": {
        "Diluted EPS": 1.16,
        "Total Revenue": 248,
        "Gross Profit": 146,
        "Operating Income": 77,
        "EBIT": 90,
        "Net Income": 56
    },
    "2016-12-31": {
        "Diluted EPS": 1.01,
        "Total Revenue": 245,
        "Gross Profit": 302,
        "Operating Income": 77,
        "EBIT": 90,
        "Net Income": 48
    },
    "2016-09-30": {
        "Diluted EPS": 0.62,
        "Total Revenue": 210,
        "Gross Profit": 119,
        "Operating Income": 47,
        "EBIT": 59,
        "Net Income": 29
    },
    "2016-06-30": {
        "Diluted EPS": 0.59,
        "Total Revenue": 191,
        "Gross Profit": 107,
        "Operating Income": 45,
        "EBIT": 56,
        "Net Income": 28
    },
    "2016-03-31": {
        "Diluted EPS": 0.93,
        "Total Revenue": 227,
        "Gross Profit": 132,
        "Operating Income": 69,
        "EBIT": 79,
        "Net Income": 44
    },
    "2015-12-31": {
        "Diluted EPS": 0.81,
        "Total Revenue": 216,
        "Gross Profit": 124,
        "Operating Income": 63,
        "EBIT": 73,
        "Net Income": 38
    },
    "2015-09-30": {
        "Diluted EPS": 0.7,
        "Total Revenue": 193,
        "Gross Profit": 110,
        "Operating Income": 49,
        "EBIT": 58,
        "Net Income": 33
    },
    "2015-06-30": {
        "Diluted EPS": 0.55,
        "Total Revenue": 175,
        "Gross Profit": 99,
        "Operating Income": 42,
        "EBIT": 50,
        "Net Income": 26
    },
    "2015-03-31": {
        "Diluted EPS": 0.72,
        "Total Revenue": 194,
        "Gross Profit": 115,
        "Operating Income": 56,
        "EBIT": 64,
        "Net Income": 34
    },
    "2014-12-31": {
        "Diluted EPS": 0.7,
        "Total Revenue": 190,
        "Gross Profit": 111,
        "Operating Income": 54,
        "EBIT": 62,
        "Net Income": 33
    },
    "2014-09-30": {
        "Diluted EPS": 0.62,
        "Total Revenue": 175,
        "Gross Profit": 103,
        "Operating Income": 46,
        "EBIT": 53,
        "Net Income": 29
    },
    "2014-06-30": {
        "Diluted EPS": 0.49,
        "Total Revenue": 159,
        "Gross Profit": 91,
        "Operating Income": 38,
        "EBIT": 45,
        "Net Income": 23
    },
    "2014-03-31": {
        "Diluted EPS": 0.56,
        "Total Revenue": 167,
        "Gross Profit": 97,
        "Operating Income": 43,
        "EBIT": 50,
        "Net Income": 26
    },
    "2013-12-31": {
        "Diluted EPS": 0.55,
        "Total Revenue": 162,
        "Gross Profit": 94,
        "Operating Income": 41,
        "EBIT": 48,
        "Net Income": 26
    },
    "2013-09-30": {
        "Diluted EPS": 0.49,
        "Total Revenue": 152,
        "Gross Profit": 88,
        "Operating Income": 37,
        "EBIT": 44,
        "Net Income": 23
    },
    "2013-06-30": {
        "Diluted EPS": 0.42,
        "Total Revenue": 141,
        "Gross Profit": 80,
        "Operating Income": 31,
        "EBIT": 38,
        "Net Income": 19
    },
    "2013-03-31": {
        "Diluted EPS": 0.46,
        "Total Revenue": 142,
        "Gross Profit": 82,
        "Operating Income": 34,
        "EBIT": 40,
        "Net Income": 21
    },
    "2012-12-31": {
        "Diluted EPS": 0.45,
        "Total Revenue": 141,
        "Gross Profit": 82,
        "Operating Income": 33,
        "EBIT": 40,
        "Net Income": 21
    },
    "2012-09-30": {
        "Diluted EPS": 0.41,
        "Total Revenue": 134,
        "Gross Profit": 76,
        "Operating Income": 31,
        "EBIT": 37,
        "Net Income": 18
    },
    "2012-06-30": {
        "Diluted EPS": 0.35,
        "Total Revenue": 119,
        "Gross Profit": 66,
        "Operating Income": 25,
        "EBIT": 31,
        "Net Income": 16
    },
    "2012-03-31": {
        "Diluted EPS": 0.32,
        "Total Revenue": 117,
        "Gross Profit": 66,
        "Operating Income": 24,
        "EBIT": 29,
        "Net Income": 14
    },
    "2011-12-31": {
        "Diluted EPS": 0.33,
        "Total Revenue": 113,
        "Gross Profit": 62,
        "Operating Income": 23,
        "EBIT": 28,
        "Net Income": 15
    },
    "2011-09-30": {
        "Diluted EPS": 0.29,
        "Total Revenue": 109,
        "Gross Profit": 60,
        "Operating Income": 21,
        "EBIT": 25,
        "Net Income": 13
    },
    "2011-06-30": {
        "Diluted EPS": 0.29,
        "Total Revenue": 103,
        "Gross Profit": 57,
        "Operating Income": 22,
        "EBIT": 26,
        "Net Income": 13
    },
    "2011-03-31": {
        "Diluted EPS": 0.21,
        "Total Revenue": 102,
        "Gross Profit": 53,
        "Operating Income": 16,
        "EBIT": 20,
        "Net Income": 9
    },
    "2010-12-31": {
        "Diluted EPS": 0.01,
        "Total Revenue": 100,
        "Gross Profit": 45,
        "Operating Income": 0,
        "EBIT": 3,
        "Net Income": 1
    },
    "2010-09-30": {
        "Diluted EPS": 0.23,
        "Total Revenue": 99,
        "Gross Profit": 53,
        "Operating Income": 18,
        "EBIT": 22,
        "Net Income": 11
    },
    "2010-06-30": {
        "Diluted EPS": 0.27,
        "Total Revenue": 98,
        "Gross Profit": 56,
        "Operating Income": 21,
        "EBIT": 23,
        "Net Income": 12
    },
    "2010-03-31": {
        "Diluted EPS": 0.25,
        "Total Revenue": 89,
        "Gross Profit": 53,
        "Operating Income": 20,
        "EBIT": 22,
        "Net Income": 11
    },
    "2009-12-31": {
        "Diluted EPS": 0.24,
        "Total Revenue": 77,
        "Gross Profit": 37,
        "Operating Income": 18,
        "EBIT": 20,
        "Net Income": 11
    },
    "2009-09-30": {
        "Diluted EPS": 0.08,
        "Total Revenue": 66,
        "Gross Profit": 43,
        "Operating Income": 7,
        "EBIT": 9,
        "Net Income": 3
    },
    "2009-06-30": {
        "Diluted EPS": 0.17,
        "Total Revenue": 63,
        "Gross Profit": 42,
        "Operating Income": 13,
        "EBIT": 15,
        "Net Income": 8
    },
    "2009-03-31": {
        "Diluted EPS": 0.11,
        "Total Revenue": 55,
        "Gross Profit": 37,
        "Operating Income": 9,
        "EBIT": 11,
        "Net Income": 5
    },
    "2023-09-30": {
        "Tax Effect Of Unusual Items": NaN,
        "Tax Rate For Calcs": NaN,
        "Normalized EBITDA": NaN,
        "Net Income From Continuing Operation Net Minority Interest": NaN,
        "Reconciled Depreciation": NaN,
        "Reconciled Cost Of Revenue": NaN,
        "EBITDA": NaN,
        "EBIT": NaN,
        "Net Interest Income": NaN,
        "Interest Expense": NaN,
        "Interest Income": NaN,
        "Normalized Income": NaN,
        "Net Income From Continuing And Discontinued Operation": NaN,
        "Total Expenses": NaN,
        "Total Operating Income As Reported": NaN,
        "Diluted Average Shares": 29912000.0,
        "Basic Average Shares": 29776000.0,
        "Diluted EPS": 1.19,
        "Basic EPS": 1.2,
        "Diluted NI Availto Com Stockholders": NaN,
        "Net Income Common Stockholders": NaN,
        "Net Income": NaN,
        "Net Income Including Noncontrolling Interests": NaN,
        "Net Income Continuous Operations": NaN,
        "Tax Provision": NaN,
        "Pretax Income": NaN,
        "Net Non Operating Interest Income Expense": NaN,
        "Interest Expense Non Operating": NaN,
        "Interest Income Non Operating": NaN,
        "Operating Income": NaN,
        "Operating Expense": NaN,
        "Depreciation Amortization Depletion Income Statement": NaN,
        "Depreciation And Amortization In Income Statement": NaN,
        "Amortization": NaN,
        "Amortization Of Intangibles Income Statement": NaN,
        "Selling General And Administration": NaN,
        "Selling And Marketing Expense": NaN,
        "General And Administrative Expense": NaN,
        "Other Gand A": NaN,
        "Gross Profit": NaN,
        "Cost Of Revenue": NaN,
        "Total Revenue": NaN,
        "Operating Revenue": NaN
    },
    "2023-12-31": {
        "Tax Effect Of Unusual Items": 0.0,
        "Tax Rate For Calcs": 0.199021,
        "Normalized EBITDA": 109433000.0,
        "Net Income From Continuing Operation Net Minority Interest": 80709000.0,
        "Reconciled Depreciation": 8664000.0,
        "Reconciled Cost Of Revenue": 115421000.0,
        "EBITDA": 109433000.0,
        "EBIT": 100769000.0,
        "Net Interest Income": 2964000.0,
        "Interest Expense": 6000.0,
        "Interest Income": 2970000.0,
        "Normalized Income": 80709000.0,
        "Net Income From Continuing And Discontinued Operation": 80709000.0,
        "Total Expenses": 180485000.0,
        "Total Operating Income As Reported": 97799000.0,
        "Diluted Average Shares": NaN,
        "Basic Average Shares": NaN,
        "Diluted EPS": NaN,
        "Basic EPS": NaN,
        "Diluted NI Availto Com Stockholders": 80709000.0,
        "Net Income Common Stockholders": 80709000.0,
        "Net Income": 80709000.0,
        "Net Income Including Noncontrolling Interests": 80709000.0,
        "Net Income Continuous Operations": 80709000.0,
        "Tax Provision": 20054000.0,
        "Pretax Income": 100763000.0,
        "Net Non Operating Interest Income Expense": 2964000.0,
        "Interest Expense Non Operating": 6000.0,
        "Interest Income Non Operating": 2970000.0,
        "Operating Income": 97799000.0,
        "Operating Expense": 58504000.0,
        "Depreciation Amortization Depletion Income Statement": 2104000.0,
        "Depreciation And Amortization In Income Statement": 2104000.0,
        "Amortization": 2104000.0,
        "Amortization Of Intangibles Income Statement": 2104000.0,
        "Selling General And Administration": 56400000.0,
        "Selling And Marketing Expense": 46003000.0,
        "General And Administrative Expense": 10397000.0,
        "Other Gand A": 10397000.0,
        "Gross Profit": 156303000.0,
        "Cost Of Revenue": 121981000.0,
        "Total Revenue": 278284000.0,
        "Operating Revenue": 278284000.0
    },
    "2024-03-31": {
        "Tax Effect Of Unusual Items": 0.0,
        "Tax Rate For Calcs": 0.228955,
        "Normalized EBITDA": 96965000.0,
        "Net Income From Continuing Operation Net Minority Interest": 68010000.0,
        "Reconciled Depreciation": 8758000.0,
        "Reconciled Cost Of Revenue": 115356000.0,
        "EBITDA": 96965000.0,
        "EBIT": 88207000.0,
        "Net Interest Income": 3727000.0,
        "Interest Expense": 2000.0,
        "Interest Income": 3729000.0,
        "Normalized Income": 68010000.0,
        "Net Income From Continuing And Discontinued Operation": 68010000.0,
        "Total Expenses": 190197000.0,
        "Total Operating Income As Reported": 84478000.0,
        "Diluted Average Shares": 29639000.0,
        "Basic Average Shares": 29459000.0,
        "Diluted EPS": 2.29,
        "Basic EPS": 2.31,
        "Diluted NI Availto Com Stockholders": 68010000.0,
        "Net Income Common Stockholders": 68010000.0,
        "Net Income": 68010000.0,
        "Net Income Including Noncontrolling Interests": 68010000.0,
        "Net Income Continuous Operations": 68010000.0,
        "Tax Provision": 20195000.0,
        "Pretax Income": 88205000.0,
        "Net Non Operating Interest Income Expense": 3727000.0,
        "Interest Expense Non Operating": 2000.0,
        "Interest Income Non Operating": 3729000.0,
        "Operating Income": 84478000.0,
        "Operating Expense": 68188000.0,
        "Depreciation Amortization Depletion Income Statement": 2105000.0,
        "Depreciation And Amortization In Income Statement": 2105000.0,
        "Amortization": 2105000.0,
        "Amortization Of Intangibles Income Statement": 2105000.0,
        "Selling General And Administration": 66083000.0,
        "Selling And Marketing Expense": 55353000.0,
        "General And Administrative Expense": 10730000.0,
        "Other Gand A": 10730000.0,
        "Gross Profit": 152666000.0,
        "Cost Of Revenue": 122009000.0,
        "Total Revenue": 274675000.0,
        "Operating Revenue": 274675000.0
    },
    "2024-06-30": {
        "Tax Effect Of Unusual Items": 0.0,
        "Tax Rate For Calcs": 0.255,
        "Normalized EBITDA": 55864000.0,
        "Net Income From Continuing Operation Net Minority Interest": 34878000.0,
        "Reconciled Depreciation": 9033000.0,
        "Reconciled Cost Of Revenue": 112180000.0,
        "EBITDA": 55864000.0,
        "EBIT": 46831000.0,
        "Net Interest Income": 4110000.0,
        "Interest Expense": 2000.0,
        "Interest Income": 4112000.0,
        "Normalized Income": 34878000.0,
        "Net Income From Continuing And Discontinued Operation": 34878000.0,
        "Total Expenses": 184744000.0,
        "Total Operating Income As Reported": 42719000.0,
        "Diluted Average Shares": 29415000.0,
        "Basic Average Shares": 29285000.0,
        "Diluted EPS": 1.19,
        "Basic EPS": 1.19,
        "Diluted NI Availto Com Stockholders": 34878000.0,
        "Net Income Common Stockholders": 34878000.0,
        "Net Income": 34878000.0,
        "Net Income Including Noncontrolling Interests": 34878000.0,
        "Net Income Continuous Operations": 34878000.0,
        "Tax Provision": 11951000.0,
        "Pretax Income": 46829000.0,
        "Net Non Operating Interest Income Expense": 4110000.0,
        "Interest Expense Non Operating": 2000.0,
        "Interest Income Non Operating": 4112000.0,
        "Operating Income": 42719000.0,
        "Operating Expense": 65636000.0,
        "Depreciation Amortization Depletion Income Statement": 2105000.0,
        "Depreciation And Amortization In Income Statement": 2105000.0,
        "Amortization": 2105000.0,
        "Amortization Of Intangibles Income Statement": 2105000.0,
        "Selling General And Administration": 63531000.0,
        "Selling And Marketing Expense": 52895000.0,
        "General And Administrative Expense": 10636000.0,
        "Other Gand A": 10636000.0,
        "Gross Profit": 108355000.0,
        "Cost Of Revenue": 119108000.0,
        "Total Revenue": 227463000.0,
        "Operating Revenue": 227463000.0
    },
    "2024-09-30": {
        "Tax Effect Of Unusual Items": 0.0,
        "Tax Rate For Calcs": 0.208,
        "Normalized EBITDA": 61560000.0,
        "Net Income From Continuing Operation Net Minority Interest": 41467000.0,
        "Reconciled Depreciation": 9231000.0,
        "Reconciled Cost Of Revenue": 111995000.0,
        "EBITDA": 61560000.0,
        "EBIT": 52329000.0,
        "Net Interest Income": 4154000.0,
        "Interest Expense": 0.0,
        "Interest Income": 4154000.0,
        "Normalized Income": 41467000.0,
        "Net Income From Continuing And Discontinued Operation": 41467000.0,
        "Total Expenses": 190116000.0,
        "Total Operating Income As Reported": 48175000.0,
        "Diluted Average Shares": 29164000.0,
        "Basic Average Shares": 29003000.0,
        "Diluted EPS": 1.42,
        "Basic EPS": 1.43,
        "Diluted NI Availto Com Stockholders": 41467000.0,
        "Net Income Common Stockholders": 41467000.0,
        "Net Income": 41467000.0,
        "Net Income Including Noncontrolling Interests": 41467000.0,
        "Net Income Continuous Operations": 41467000.0,
        "Tax Provision": 10862000.0,
        "Pretax Income": 52329000.0,
        "Net Non Operating Interest Income Expense": 4154000.0,
        "Interest Expense Non Operating": 0.0,
        "Interest Income Non Operating": 4154000.0,
        "Operating Income": 48175000.0,
        "Operating Expense": 70995000.0,
        "Depreciation Amortization Depletion Income Statement": 2105000.0,
        "Depreciation And Amortization In Income Statement": 2105000.0,
        "Amortization": 2105000.0,
        "Amortization Of Intangibles Income Statement": 2105000.0,
        "Selling General And Administration": 68890000.0,
        "Selling And Marketing Expense": 54526000.0,
        "General And Administrative Expense": 14364000.0,
        "Other Gand A": 14364000.0,
        "Gross Profit": 119170000.0,
        "Cost Of Revenue": 119121000.0,
        "Total Revenue": 238291000.0,
        "Operating Revenue": 238291000.0
    },
    "2024-12-31": {
        "Tax Effect Of Unusual Items": 0.0,
        "Tax Rate For Calcs": 0.212338,
        "Normalized EBITDA": 113484000.0,
        "Net Income From Continuing Operation Net Minority Interest": 81879000.0,
        "Reconciled Depreciation": 9532000.0,
        "Reconciled Cost Of Revenue": 120903000.0,
        "EBITDA": 113484000.0,
        "EBIT": 103952000.0,
        "Net Interest Income": 3925000.0,
        "Interest Expense": 0.0,
        "Interest Income": 3925000.0,
        "Normalized Income": 81879000.0,
        "Net Income From Continuing And Discontinued Operation": 81879000.0,
        "Total Expenses": 190649000.0,
        "Total Operating Income As Reported": 100027000.0,
        "Diluted Average Shares": 28872000.0,
        "Basic Average Shares": 28677000.0,
        "Diluted EPS": 2.84,
        "Basic EPS": 2.86,
        "Diluted NI Availto Com Stockholders": 81879000.0,
        "Net Income Common Stockholders": 81879000.0,
        "Net Income": 81879000.0,
        "Net Income Including Noncontrolling Interests": 81879000.0,
        "Net Income Continuous Operations": 81879000.0,
        "Tax Provision": 22073000.0,
        "Pretax Income": 103952000.0,
        "Net Non Operating Interest Income Expense": 3925000.0,
        "Interest Expense Non Operating": 0.0,
        "Interest Income Non Operating": 3925000.0,
        "Operating Income": 101924000.0,
        "Operating Expense": 62318000.0,
        "Depreciation Amortization Depletion Income Statement": 2104000.0,
        "Depreciation And Amortization In Income Statement": 2104000.0,
        "Amortization": 2104000.0,
        "Amortization Of Intangibles Income Statement": 2104000.0,
        "Selling General And Administration": 60214000.0,
        "Selling And Marketing Expense": 49646000.0,
        "General And Administrative Expense": 10568000.0,
        "Other Gand A": 10568000.0,
        "Gross Profit": 164242000.0,
        "Cost Of Revenue": 128331000.0,
        "Total Revenue": 292573000.0,
        "Operating Revenue": 292573000.0
    },
    "2025-03-31": {
        "Tax Effect Of Unusual Items": 0.0,
        "Tax Rate For Calcs": 0.216468,
        "Normalized EBITDA": 100960000.0,
        "Net Income From Continuing Operation Net Minority Interest": 71618000.0,
        "Reconciled Depreciation": 9556000.0,
        "Reconciled Cost Of Revenue": 121035000.0,
        "EBITDA": 100960000.0,
        "EBIT": 91404000.0,
        "Net Interest Income": 3381000.0,
        "Interest Expense": 0.0,
        "Interest Income": 3381000.0,
        "Normalized Income": 71618000.0,
        "Net Income From Continuing And Discontinued Operation": 71618000.0,
        "Total Expenses": 201287000.0,
        "Total Operating Income As Reported": 88023000.0,
        "Diluted Average Shares": 28469000.0,
        "Basic Average Shares": 28277000.0,
        "Diluted EPS": 2.52,
        "Basic EPS": 2.53,
        "Diluted NI Availto Com Stockholders": 71618000.0,
        "Net Income Common Stockholders": 71618000.0,
        "Net Income": 71618000.0,
        "Net Income Including Noncontrolling Interests": 71618000.0,
        "Net Income Continuous Operations": 71618000.0,
        "Tax Provision": 19786000.0,
        "Pretax Income": 91404000.0,
        "Net Non Operating Interest Income Expense": 3381000.0,
        "Interest Expense Non Operating": 0.0,
        "Interest Income Non Operating": 3381000.0,
        "Operating Income": 88023000.0,
        "Operating Expense": 72801000.0,
        "Depreciation Amortization Depletion Income Statement": 2105000.0,
        "Depreciation And Amortization In Income Statement": 2105000.0,
        "Amortization": 2105000.0,
        "Amortization Of Intangibles Income Statement": 2105000.0,
        "Selling General And Administration": 70696000.0,
        "Selling And Marketing Expense": 60330000.0,
        "General And Administrative Expense": 10366000.0,
        "Other Gand A": 10366000.0,
        "Gross Profit": 160824000.0,
        "Cost Of Revenue": 128486000.0,
        "Total Revenue": 289310000.0,
        "Operating Revenue": 289310000.0
    }
}