{
    "2023-03-31": {
        "Tax Effect Of Unusual Items": NaN,
        "Tax Rate For Calcs": NaN,
        "Normalized EBITDA": NaN,
        "Total Unusual Items": NaN,
        "Total Unusual Items Excluding Goodwill": NaN,
        "Net Income From Continuing Operation Net Minority Interest": NaN,
        "Reconciled Depreciation": NaN,
        "Reconciled Cost Of Revenue": NaN,
        "EBITDA": NaN,
        "EBIT": NaN,
        "Net Interest Income": NaN,
        "Interest Expense": NaN,
        "Interest Income": NaN,
        "Normalized Income": NaN,
        "Net Income From Continuing And Discontinued Operation": NaN,
        "Total Expenses": NaN,
        "Total Operating Income As Reported": NaN,
        "Diluted Average Shares": NaN,
        "Basic Average Shares": NaN,
        "Diluted EPS": NaN,
        "Basic EPS": NaN,
        "Diluted NI Availto Com Stockholders": NaN,
        "Net Income Common Stockholders": NaN,
        "Net Income": NaN,
        "Net Income Including Noncontrolling Interests": NaN,
        "Net Income Continuous Operations": NaN,
        "Pretax Income": NaN,
        "Other Income Expense": NaN,
        "Other Non Operating Income Expenses": NaN,
        "Special Income Charges": 0.0,
        "Gain On Sale Of Ppe": 0.0,
        "Gain On Sale Of Security": NaN,
        "Net Non Operating Interest Income Expense": NaN,
        "Interest Expense Non Operating": NaN,
        "Interest Income Non Operating": NaN,
        "Operating Income": NaN,
        "Operating Expense": NaN,
        "Other Operating Expenses": NaN,
        "Selling General And Administration": NaN,
        "General And Administrative Expense": NaN,
        "Other Gand A": NaN,
        "Gross Profit": NaN,
        "Cost Of Revenue": NaN,
        "Total Revenue": NaN,
        "Operating Revenue": NaN
    },
    "2022-12-31": {
        "Tax Effect Of Unusual Items": NaN,
        "Tax Rate For Calcs": NaN,
        "Normalized EBITDA": NaN,
        "Total Unusual Items": NaN,
        "Total Unusual Items Excluding Goodwill": NaN,
        "Net Income From Continuing Operation Net Minority Interest": NaN,
        "Reconciled Depreciation": NaN,
        "Reconciled Cost Of Revenue": NaN,
        "EBITDA": NaN,
        "EBIT": NaN,
        "Net Interest Income": NaN,
        "Interest Expense": NaN,
        "Interest Income": NaN,
        "Normalized Income": NaN,
        "Net Income From Continuing And Discontinued Operation": NaN,
        "Total Expenses": NaN,
        "Total Operating Income As Reported": NaN,
        "Diluted Average Shares": NaN,
        "Basic Average Shares": NaN,
        "Diluted EPS": NaN,
        "Basic EPS": NaN,
        "Diluted NI Availto Com Stockholders": NaN,
        "Net Income Common Stockholders": NaN,
        "Net Income": NaN,
        "Net Income Including Noncontrolling Interests": NaN,
        "Net Income Continuous Operations": NaN,
        "Pretax Income": NaN,
        "Other Income Expense": NaN,
        "Other Non Operating Income Expenses": NaN,
        "Special Income Charges": 0.0,
        "Gain On Sale Of Ppe": 0.0,
        "Gain On Sale Of Security": NaN,
        "Net Non Operating Interest Income Expense": NaN,
        "Interest Expense Non Operating": NaN,
        "Interest Income Non Operating": NaN,
        "Operating Income": NaN,
        "Operating Expense": NaN,
        "Other Operating Expenses": NaN,
        "Selling General And Administration": NaN,
        "General And Administrative Expense": NaN,
        "Other Gand A": NaN,
        "Gross Profit": NaN,
        "Cost Of Revenue": NaN,
        "Total Revenue": NaN,
        "Operating Revenue": NaN
    },
    "2022-09-30": {
        "Tax Effect Of Unusual Items": NaN,
        "Tax Rate For Calcs": NaN,
        "Normalized EBITDA": NaN,
        "Total Unusual Items": NaN,
        "Total Unusual Items Excluding Goodwill": NaN,
        "Net Income From Continuing Operation Net Minority Interest": NaN,
        "Reconciled Depreciation": NaN,
        "Reconciled Cost Of Revenue": NaN,
        "EBITDA": NaN,
        "EBIT": NaN,
        "Net Interest Income": NaN,
        "Interest Expense": NaN,
        "Interest Income": NaN,
        "Normalized Income": NaN,
        "Net Income From Continuing And Discontinued Operation": NaN,
        "Total Expenses": NaN,
        "Total Operating Income As Reported": NaN,
        "Diluted Average Shares": NaN,
        "Basic Average Shares": NaN,
        "Diluted EPS": NaN,
        "Basic EPS": NaN,
        "Diluted NI Availto Com Stockholders": NaN,
        "Net Income Common Stockholders": NaN,
        "Net Income": NaN,
        "Net Income Including Noncontrolling Interests": NaN,
        "Net Income Continuous Operations": NaN,
        "Pretax Income": NaN,
        "Other Income Expense": NaN,
        "Other Non Operating Income Expenses": NaN,
        "Special Income Charges": 0.0,
        "Gain On Sale Of Ppe": 0.0,
        "Gain On Sale Of Security": NaN,
        "Net Non Operating Interest Income Expense": NaN,
        "Interest Expense Non Operating": NaN,
        "Interest Income Non Operating": NaN,
        "Operating Income": NaN,
        "Operating Expense": NaN,
        "Other Operating Expenses": NaN,
        "Selling General And Administration": NaN,
        "General And Administrative Expense": NaN,
        "Other Gand A": NaN,
        "Gross Profit": NaN,
        "Cost Of Revenue": NaN,
        "Total Revenue": NaN,
        "Operating Revenue": NaN
    },
    "2022-06-30": {
        "Tax Effect Of Unusual Items": 961540.0,
        "Tax Rate For Calcs": 0.4,
        "Normalized EBITDA": 48659813.0,
        "Total Unusual Items": 2403850.0,
        "Total Unusual Items Excluding Goodwill": 2403850.0,
        "Net Income From Continuing Operation Net Minority Interest": 24847720.0,
        "Reconciled Depreciation": 18257389.0,
        "Reconciled Cost Of Revenue": 39055381.0,
        "EBITDA": 51063663.0,
        "EBIT": 32806274.0,
        "Net Interest Income": -7550276.0,
        "Interest Expense": 7958554.0,
        "Interest Income": 408278.0,
        "Normalized Income": 23405410.0,
        "Net Income From Continuing And Discontinued Operation": 24847720.0,
        "Total Expenses": 47876718.0,
        "Total Operating Income As Reported": 28947004.0,
        "Diluted Average Shares": 40124705.0,
        "Basic Average Shares": 39898485.0,
        "Diluted EPS": 0.62,
        "Basic EPS": 0.62,
        "Diluted NI Availto Com Stockholders": 24847720.0,
        "Net Income Common Stockholders": 24847720.0,
        "Net Income": 24847720.0,
        "Net Income Including Noncontrolling Interests": 24847720.0,
        "Net Income Continuous Operations": 24847720.0,
        "Pretax Income": 24847720.0,
        "Other Income Expense": 3450992.0,
        "Other Non Operating Income Expenses": 1047142.0,
        "Special Income Charges": NaN,
        "Gain On Sale Of Ppe": NaN,
        "Gain On Sale Of Security": 2403850.0,
        "Net Non Operating Interest Income Expense": -7550276.0,
        "Interest Expense Non Operating": 7958554.0,
        "Interest Income Non Operating": 408278.0,
        "Operating Income": 28947004.0,
        "Operating Expense": 8821337.0,
        "Other Operating Expenses": -591802.0,
        "Selling General And Administration": 9413139.0,
        "General And Administrative Expense": 9413139.0,
        "Other Gand A": 9413139.0,
        "Gross Profit": 37768341.0,
        "Cost Of Revenue": 39055381.0,
        "Total Revenue": 76823722.0,
        "Operating Revenue": 76412916.0
    },
    "2023-06-30": {
        "Tax Effect Of Unusual Items": NaN,
        "Tax Rate For Calcs": NaN,
        "Normalized EBITDA": NaN,
        "Total Unusual Items": NaN,
        "Total Unusual Items Excluding Goodwill": NaN,
        "Net Income From Continuing Operation Net Minority Interest": NaN,
        "Reconciled Depreciation": NaN,
        "Reconciled Cost Of Revenue": NaN,
        "EBITDA": NaN,
        "EBIT": NaN,
        "Net Interest Income": NaN,
        "Interest Expense": NaN,
        "Interest Income": NaN,
        "Normalized Income": NaN,
        "Net Income From Continuing And Discontinued Operation": NaN,
        "Total Expenses": NaN,
        "Total Operating Income As Reported": NaN,
        "Diluted Average Shares": 40378835.0,
        "Basic Average Shares": 40137687.0,
        "Diluted EPS": 1.28,
        "Basic EPS": 1.29,
        "Diluted NI Availto Com Stockholders": NaN,
        "Net Income Common Stockholders": NaN,
        "Net Income": NaN,
        "Net Income Including Noncontrolling Interests": NaN,
        "Net Income Continuous Operations": NaN,
        "Pretax Income": NaN,
        "Other Income Expense": NaN,
        "Other Non Operating Income Expenses": NaN,
        "Gain On Sale Of Security": NaN,
        "Net Non Operating Interest Income Expense": NaN,
        "Interest Expense Non Operating": NaN,
        "Interest Income Non Operating": NaN,
        "Operating Income": NaN,
        "Operating Expense": NaN,
        "Other Operating Expenses": NaN,
        "Selling General And Administration": NaN,
        "General And Administrative Expense": NaN,
        "Other Gand A": NaN,
        "Gross Profit": NaN,
        "Cost Of Revenue": NaN,
        "Total Revenue": NaN,
        "Operating Revenue": NaN
    },
    "2022-03-31": {
        "Diluted EPS": 0.88,
        "Total Revenue": 80,
        "Gross Profit": 61,
        "Operating Income": 37,
        "EBIT": 58,
        "Net Income": 35
    },
    "2021-12-31": {
        "Diluted EPS": 0.41,
        "Total Revenue": 69,
        "Gross Profit": 50,
        "Operating Income": 23,
        "EBIT": 44,
        "Net Income": 17
    },
    "2021-09-30": {
        "Diluted EPS": 0.35,
        "Total Revenue": 63,
        "Gross Profit": 44,
        "Operating Income": 19,
        "EBIT": 39,
        "Net Income": 14
    },
    "2021-06-30": {
        "Diluted EPS": 0.14,
        "Total Revenue": 63,
        "Gross Profit": 41,
        "Operating Income": 13,
        "EBIT": 33,
        "Net Income": 6
    },
    "2021-03-31": {
        "Diluted EPS": 0.9,
        "Total Revenue": 100,
        "Gross Profit": 78,
        "Operating Income": 46,
        "EBIT": 66,
        "Net Income": 44
    },
    "2020-12-31": {
        "Diluted EPS": 0.71,
        "Total Revenue": 88,
        "Gross Profit": 69,
        "Operating Income": 42,
        "EBIT": 62,
        "Net Income": 36
    },
    "2020-09-30": {
        "Diluted EPS": 0.01,
        "Total Revenue": 55,
        "Gross Profit": 32,
        "Operating Income": 5,
        "EBIT": 26,
        "Net Income": 1
    },
    "2020-06-30": {
        "Diluted EPS": 0.24,
        "Total Revenue": 73,
        "Gross Profit": 55,
        "Operating Income": 23,
        "EBIT": 44,
        "Net Income": 12
    },
    "2020-03-31": {
        "Diluted EPS": 0.56,
        "Total Revenue": 95,
        "Gross Profit": 75,
        "Operating Income": 50,
        "EBIT": 69,
        "Net Income": 29
    },
    "2019-12-31": {
        "Diluted EPS": 0.66,
        "Total Revenue": 85,
        "Gross Profit": 65,
        "Operating Income": 42,
        "EBIT": 59,
        "Net Income": 36
    },
    "2019-09-30": {
        "Diluted EPS": 0.74,
        "Total Revenue": 92,
        "Gross Profit": 73,
        "Operating Income": 49,
        "EBIT": 66,
        "Net Income": 41
    },
    "2019-06-30": {
        "Diluted EPS": 0.11,
        "Total Revenue": 61,
        "Gross Profit": 45,
        "Operating Income": 20,
        "EBIT": 37,
        "Net Income": 6
    },
    "2019-03-31": {
        "Diluted EPS": -0.29,
        "Total Revenue": 34,
        "Gross Profit": 18,
        "Operating Income": -4,
        "EBIT": 13,
        "Net Income": -16
    },
    "2018-12-31": {
        "Diluted EPS": -0.11,
        "Total Revenue": 55,
        "Gross Profit": 38,
        "Operating Income": 9,
        "EBIT": 27,
        "Net Income": -6
    },
    "2018-09-30": {
        "Diluted EPS": -0.15,
        "Total Revenue": 41,
        "Gross Profit": 23,
        "Operating Income": 0,
        "EBIT": 17,
        "Net Income": -8
    },
    "2018-06-30": {
        "Diluted EPS": -0.38,
        "Total Revenue": 28,
        "Gross Profit": 11,
        "Operating Income": -13,
        "EBIT": 4,
        "Net Income": -21
    },
    "2018-03-31": {
        "Diluted EPS": -0.07,
        "Total Revenue": 39,
        "Gross Profit": 23,
        "Operating Income": 1,
        "EBIT": 20,
        "Net Income": -3
    },
    "2017-12-31": {
        "Diluted EPS": 0.03,
        "Total Revenue": 45,
        "Gross Profit": 28,
        "Operating Income": 7,
        "EBIT": 25,
        "Net Income": 2
    },
    "2017-09-30": {
        "Diluted EPS": -0.22,
        "Total Revenue": 35,
        "Gross Profit": 18,
        "Operating Income": -4,
        "EBIT": 15,
        "Net Income": -12
    },
    "2017-06-30": {
        "Diluted EPS": -0.12,
        "Total Revenue": 41,
        "Gross Profit": 24,
        "Operating Income": 0,
        "EBIT": 17,
        "Net Income": -7
    },
    "2017-03-31": {
        "Diluted EPS": 0.03,
        "Total Revenue": 48,
        "Gross Profit": 30,
        "Operating Income": 9,
        "EBIT": 26,
        "Net Income": 2
    },
    "2016-12-31": {
        "Diluted EPS": 0.09,
        "Total Revenue": 36,
        "Gross Profit": 17,
        "Operating Income": -3,
        "EBIT": 14,
        "Net Income": 5
    },
    "2016-09-30": {
        "Diluted EPS": -0.13,
        "Total Revenue": 34,
        "Gross Profit": 17,
        "Operating Income": -4,
        "EBIT": 13,
        "Net Income": -7
    },
    "2016-06-30": {
        "Diluted EPS": -0.02,
        "Total Revenue": 51,
        "Gross Profit": 34,
        "Operating Income": 12,
        "EBIT": 30,
        "Net Income": -1
    },
    "2016-03-31": {
        "Diluted EPS": 0.36,
        "Total Revenue": 85,
        "Gross Profit": 68,
        "Operating Income": 44,
        "EBIT": 61,
        "Net Income": 20
    },
    "2015-12-31": {
        "Diluted EPS": 0.97,
        "Total Revenue": 93,
        "Gross Profit": 75,
        "Operating Income": 54,
        "EBIT": 68,
        "Net Income": 55
    },
    "2015-09-30": {
        "Diluted EPS": 0.72,
        "Total Revenue": 75,
        "Gross Profit": 62,
        "Operating Income": 48,
        "EBIT": 57,
        "Net Income": 41
    },
    "2015-06-30": {
        "Diluted EPS": 0.24,
        "Total Revenue": 36,
        "Gross Profit": 25,
        "Operating Income": 13,
        "EBIT": 18,
        "Net Income": 14
    },
    "2015-03-31": {
        "Diluted EPS": 0.15,
        "Total Revenue": 35,
        "Gross Profit": 21,
        "Operating Income": 12,
        "EBIT": 17,
        "Net Income": 9
    },
    "2014-12-31": {
        "Diluted EPS": 0.16,
        "Total Revenue": 33,
        "Gross Profit": 19,
        "Operating Income": 11,
        "EBIT": 15,
        "Net Income": 9
    },
    "2014-09-30": {
        "Diluted EPS": 0.07,
        "Total Revenue": 20,
        "Gross Profit": 11,
        "Operating Income": 3,
        "EBIT": 7,
        "Net Income": 4
    },
    "2014-06-30": {
        "Diluted EPS": 0.07,
        "Total Revenue": 16,
        "Gross Profit": 10,
        "Operating Income": 5,
        "EBIT": 8,
        "Net Income": 4
    },
    "2014-03-31": {
        "Diluted EPS": 0.0,
        "Total Revenue": NaN,
        "Gross Profit": NaN,
        "Operating Income": NaN,
        "EBIT": NaN,
        "Net Income": NaN
    },
    "2013-12-31": {
        "Diluted EPS": 0.2,
        "Total Revenue": 14,
        "Gross Profit": 8,
        "Operating Income": 4,
        "EBIT": 4,
        "Net Income": 6
    },
    "2013-09-30": {
        "Diluted EPS": -0.08,
        "Total Revenue": 6,
        "Gross Profit": 2,
        "Operating Income": -1,
        "EBIT": -1,
        "Net Income": -1
    },
    "2013-03-31": {
        "Diluted EPS": 0.0,
        "Total Revenue": NaN,
        "Gross Profit": NaN,
        "Operating Income": NaN,
        "EBIT": NaN,
        "Net Income": NaN
    },
    "2023-09-30": {
        "Tax Effect Of Unusual Items": 732650.31,
        "Tax Rate For Calcs": 0.21,
        "Normalized EBITDA": 113950412.0,
        "Total Unusual Items": 3488811.0,
        "Total Unusual Items Excluding Goodwill": 3488811.0,
        "Net Income From Continuing Operation Net Minority Interest": 76512665.0,
        "Reconciled Depreciation": 30611677.0,
        "Reconciled Cost Of Revenue": 51312685.0,
        "EBITDA": 117439223.0,
        "EBIT": 86827546.0,
        "Net Interest Income": -8284129.0,
        "Interest Expense": 10314881.0,
        "Interest Income": 2030752.0,
        "Normalized Income": 73756504.31,
        "Net Income From Continuing And Discontinued Operation": 76512665.0,
        "Total Expenses": 64210383.0,
        "Total Operating Income As Reported": 80488079.0,
        "Diluted Average Shares": 40405417.0,
        "Basic Average Shares": 40281518.0,
        "Diluted EPS": 1.89,
        "Basic EPS": 1.9,
        "Diluted NI Availto Com Stockholders": 76512665.0,
        "Net Income Common Stockholders": 76512665.0,
        "Net Income": 76512665.0,
        "Net Income Including Noncontrolling Interests": 76512665.0,
        "Net Income Continuous Operations": 76512665.0,
        "Pretax Income": 76512665.0,
        "Other Income Expense": 4308715.0,
        "Other Non Operating Income Expenses": 819904.0,
        "Gain On Sale Of Security": 3488811.0,
        "Net Non Operating Interest Income Expense": -8284129.0,
        "Interest Expense Non Operating": 10314881.0,
        "Interest Income Non Operating": 2030752.0,
        "Operating Income": 80488079.0,
        "Operating Expense": 12897698.0,
        "Other Operating Expenses": -680950.0,
        "Selling General And Administration": 13578648.0,
        "General And Administrative Expense": 13578648.0,
        "Other Gand A": 13578648.0,
        "Gross Profit": 93385777.0,
        "Cost Of Revenue": 51312685.0,
        "Total Revenue": 144698462.0,
        "Operating Revenue": 144327170.0
    },
    "2023-12-31": {
        "Tax Effect Of Unusual Items": NaN,
        "Tax Rate For Calcs": NaN,
        "Normalized EBITDA": NaN,
        "Total Unusual Items": NaN,
        "Total Unusual Items Excluding Goodwill": NaN,
        "Net Income From Continuing Operation Net Minority Interest": NaN,
        "Reconciled Depreciation": NaN,
        "Reconciled Cost Of Revenue": NaN,
        "EBITDA": NaN,
        "EBIT": NaN,
        "Net Interest Income": NaN,
        "Interest Expense": NaN,
        "Interest Income": NaN,
        "Normalized Income": NaN,
        "Net Income From Continuing And Discontinued Operation": NaN,
        "Total Expenses": NaN,
        "Total Operating Income As Reported": NaN,
        "Diluted Average Shares": 40507503.0,
        "Basic Average Shares": 40350476.0,
        "Diluted EPS": 2.47,
        "Basic EPS": 2.48,
        "Diluted NI Availto Com Stockholders": NaN,
        "Net Income Common Stockholders": NaN,
        "Net Income": NaN,
        "Net Income Including Noncontrolling Interests": NaN,
        "Net Income Continuous Operations": NaN,
        "Pretax Income": NaN,
        "Other Income Expense": NaN,
        "Other Non Operating Income Expenses": NaN,
        "Gain On Sale Of Security": NaN,
        "Net Non Operating Interest Income Expense": NaN,
        "Interest Expense Non Operating": NaN,
        "Interest Income Non Operating": NaN,
        "Operating Income": NaN,
        "Operating Expense": NaN,
        "Other Operating Expenses": NaN,
        "Selling General And Administration": NaN,
        "General And Administrative Expense": NaN,
        "Other Gand A": NaN,
        "Gross Profit": NaN,
        "Cost Of Revenue": NaN,
        "Total Revenue": NaN,
        "Operating Revenue": NaN
    },
    "2024-03-31": {
        "Tax Effect Of Unusual Items": NaN,
        "Tax Rate For Calcs": NaN,
        "Normalized EBITDA": NaN,
        "Total Unusual Items": NaN,
        "Total Unusual Items Excluding Goodwill": NaN,
        "Net Income From Continuing Operation Net Minority Interest": NaN,
        "Reconciled Depreciation": NaN,
        "Reconciled Cost Of Revenue": NaN,
        "EBITDA": NaN,
        "EBIT": NaN,
        "Net Interest Income": NaN,
        "Interest Expense": NaN,
        "Interest Income": NaN,
        "Normalized Income": NaN,
        "Net Income From Continuing And Discontinued Operation": NaN,
        "Total Expenses": NaN,
        "Total Operating Income As Reported": NaN,
        "Diluted Average Shares": 40428672.0,
        "Basic Average Shares": 40428672.0,
        "Diluted EPS": 1.96,
        "Basic EPS": 1.96,
        "Diluted NI Availto Com Stockholders": NaN,
        "Net Income Common Stockholders": NaN,
        "Net Income": NaN,
        "Net Income Including Noncontrolling Interests": NaN,
        "Net Income Continuous Operations": NaN,
        "Pretax Income": NaN,
        "Other Income Expense": NaN,
        "Other Non Operating Income Expenses": NaN,
        "Gain On Sale Of Security": NaN,
        "Net Non Operating Interest Income Expense": NaN,
        "Interest Expense Non Operating": NaN,
        "Interest Income Non Operating": NaN,
        "Operating Income": NaN,
        "Operating Expense": NaN,
        "Other Operating Expenses": NaN,
        "Selling General And Administration": NaN,
        "General And Administrative Expense": NaN,
        "Other Gand A": NaN,
        "Gross Profit": NaN,
        "Cost Of Revenue": NaN,
        "Total Revenue": NaN,
        "Operating Revenue": NaN
    },
    "2024-06-30": {
        "Tax Effect Of Unusual Items": 272080.62,
        "Tax Rate For Calcs": 0.21,
        "Normalized EBITDA": 76681934.0,
        "Total Unusual Items": 1295622.0,
        "Total Unusual Items Excluding Goodwill": 1295622.0,
        "Net Income From Continuing Operation Net Minority Interest": 51288140.0,
        "Reconciled Depreciation": 17170986.0,
        "Reconciled Cost Of Revenue": 49101390.0,
        "EBITDA": 77977556.0,
        "EBIT": 60806570.0,
        "Net Interest Income": -5789923.0,
        "Interest Expense": 9518430.0,
        "Interest Income": 3728507.0,
        "Normalized Income": 50264598.62,
        "Net Income From Continuing And Discontinued Operation": 51288140.0,
        "Total Expenses": 58879517.0,
        "Total Operating Income As Reported": 55473525.0,
        "Diluted Average Shares": 41115667.0,
        "Basic Average Shares": 40905196.0,
        "Diluted EPS": 1.25,
        "Basic EPS": 1.25,
        "Diluted NI Availto Com Stockholders": 51288140.0,
        "Net Income Common Stockholders": 51288140.0,
        "Net Income": 51288140.0,
        "Net Income Including Noncontrolling Interests": 51288140.0,
        "Net Income Continuous Operations": 51288140.0,
        "Pretax Income": 51288140.0,
        "Other Income Expense": 1604538.0,
        "Other Non Operating Income Expenses": 308916.0,
        "Gain On Sale Of Security": 1295622.0,
        "Net Non Operating Interest Income Expense": -5789923.0,
        "Interest Expense Non Operating": 9518430.0,
        "Interest Income Non Operating": 3728507.0,
        "Operating Income": 55473525.0,
        "Operating Expense": 9778127.0,
        "Other Operating Expenses": -645943.0,
        "Selling General And Administration": 10424070.0,
        "General And Administrative Expense": 10424070.0,
        "Other Gand A": 10424070.0,
        "Gross Profit": 65251652.0,
        "Cost Of Revenue": 49101390.0,
        "Total Revenue": 114353042.0,
        "Operating Revenue": 112821405.0
    },
    "2024-09-30": {
        "Tax Effect Of Unusual Items": -825114.99,
        "Tax Rate For Calcs": 0.21,
        "Normalized EBITDA": 40166659.0,
        "Total Unusual Items": -3929119.0,
        "Total Unusual Items Excluding Goodwill": -3929119.0,
        "Net Income From Continuing Operation Net Minority Interest": 9428605.0,
        "Reconciled Depreciation": 17370662.0,
        "Reconciled Cost Of Revenue": 47514198.0,
        "EBITDA": 36237540.0,
        "EBIT": 18866878.0,
        "Net Interest Income": -4977099.0,
        "Interest Expense": 9438273.0,
        "Interest Income": 4461174.0,
        "Normalized Income": 12532609.01,
        "Net Income From Continuing And Discontinued Operation": 9428605.0,
        "Total Expenses": 63337394.0,
        "Total Operating Income As Reported": 19096086.0,
        "Diluted Average Shares": 42600848.0,
        "Basic Average Shares": 42491949.0,
        "Diluted EPS": 0.22,
        "Basic EPS": 0.22,
        "Diluted NI Availto Com Stockholders": 9428605.0,
        "Net Income Common Stockholders": 9428605.0,
        "Net Income": 9428605.0,
        "Net Income Including Noncontrolling Interests": 9428605.0,
        "Net Income Continuous Operations": 9428605.0,
        "Pretax Income": 9428605.0,
        "Other Income Expense": -4690382.0,
        "Other Non Operating Income Expenses": -761263.0,
        "Gain On Sale Of Security": -3929119.0,
        "Net Non Operating Interest Income Expense": -4977099.0,
        "Interest Expense Non Operating": 9438273.0,
        "Interest Income Non Operating": 4461174.0,
        "Operating Income": 19096086.0,
        "Operating Expense": 15823196.0,
        "Other Operating Expenses": -635454.0,
        "Selling General And Administration": 16458650.0,
        "General And Administrative Expense": 16458650.0,
        "Other Gand A": 16458650.0,
        "Gross Profit": 34919282.0,
        "Cost Of Revenue": 47514198.0,
        "Total Revenue": 82433480.0,
        "Operating Revenue": 82310633.0
    },
    "2024-12-31": {
        "Tax Effect Of Unusual Items": 777949.83,
        "Tax Rate For Calcs": 0.21,
        "Normalized EBITDA": 44039187.0,
        "Total Unusual Items": 3704523.0,
        "Total Unusual Items Excluding Goodwill": 3704523.0,
        "Net Income From Continuing Operation Net Minority Interest": 21361828.0,
        "Reconciled Depreciation": 17497383.0,
        "Reconciled Cost Of Revenue": 50473854.0,
        "EBITDA": 47743710.0,
        "EBIT": 30246327.0,
        "Net Interest Income": -5087235.0,
        "Interest Expense": 8884499.0,
        "Interest Income": 3797264.0,
        "Normalized Income": 18435254.83,
        "Net Income From Continuing And Discontinued Operation": 21361828.0,
        "Total Expenses": 57283345.0,
        "Total Operating Income As Reported": 23383434.0,
        "Diluted Average Shares": 42595323.0,
        "Basic Average Shares": 42574256.0,
        "Diluted EPS": 0.5,
        "Basic EPS": 0.5,
        "Diluted NI Availto Com Stockholders": 21361828.0,
        "Net Income Common Stockholders": 21361828.0,
        "Net Income": 21361828.0,
        "Net Income Including Noncontrolling Interests": 21361828.0,
        "Net Income Continuous Operations": 21361828.0,
        "Pretax Income": 21361828.0,
        "Other Income Expense": 3065629.0,
        "Other Non Operating Income Expenses": -638894.0,
        "Gain On Sale Of Security": 3704523.0,
        "Net Non Operating Interest Income Expense": -5087235.0,
        "Interest Expense Non Operating": 8884499.0,
        "Interest Income Non Operating": 3797264.0,
        "Operating Income": 23383434.0,
        "Operating Expense": 6809491.0,
        "Other Operating Expenses": -655365.0,
        "Selling General And Administration": 7464856.0,
        "General And Administrative Expense": 7464856.0,
        "Other Gand A": 7464856.0,
        "Gross Profit": 30192925.0,
        "Cost Of Revenue": 50473854.0,
        "Total Revenue": 80666779.0,
        "Operating Revenue": 80455899.0
    },
    "2025-03-31": {
        "Tax Effect Of Unusual Items": -324607.71,
        "Tax Rate For Calcs": 0.21,
        "Normalized EBITDA": 32563263.0,
        "Total Unusual Items": -1545751.0,
        "Total Unusual Items Excluding Goodwill": -1545751.0,
        "Net Income From Continuing Operation Net Minority Interest": 8091907.0,
        "Reconciled Depreciation": 17560056.0,
        "Reconciled Cost Of Revenue": 53562977.0,
        "EBITDA": 31017512.0,
        "EBIT": 13457456.0,
        "Net Interest Income": -4739045.0,
        "Interest Expense": 5365549.0,
        "Interest Income": 3232676.0,
        "Normalized Income": 9313050.29,
        "Net Income From Continuing And Discontinued Operation": 8091907.0,
        "Total Expenses": 61196388.0,
        "Total Operating Income As Reported": 14691787.0,
        "Diluted Average Shares": 42588984.0,
        "Basic Average Shares": 42588984.0,
        "Diluted EPS": 0.19,
        "Basic EPS": 0.19,
        "Diluted NI Availto Com Stockholders": 8091907.0,
        "Net Income Common Stockholders": 8091907.0,
        "Net Income": 8091907.0,
        "Net Income Including Noncontrolling Interests": 8091907.0,
        "Net Income Continuous Operations": 8091907.0,
        "Pretax Income": 8091907.0,
        "Other Income Expense": -1860835.0,
        "Other Non Operating Income Expenses": -315084.0,
        "Gain On Sale Of Security": -1545751.0,
        "Net Non Operating Interest Income Expense": -4739045.0,
        "Interest Expense Non Operating": 5365549.0,
        "Interest Income Non Operating": 3232676.0,
        "Operating Income": 14691787.0,
        "Operating Expense": 7633411.0,
        "Other Operating Expenses": -645364.0,
        "Selling General And Administration": 8278775.0,
        "General And Administrative Expense": 8278775.0,
        "Other Gand A": 8278775.0,
        "Gross Profit": 22325198.0,
        "Cost Of Revenue": 53562977.0,
        "Total Revenue": 75888175.0,
        "Operating Revenue": 74082725.0
    },
    "2025-06-30": {
        "Tax Effect Of Unusual Items": -135326.52,
        "Tax Rate For Calcs": 0.21,
        "Normalized EBITDA": 36820457.0,
        "Total Unusual Items": -644412.0,
        "Total Unusual Items Excluding Goodwill": -644412.0,
        "Net Income From Continuing Operation Net Minority Interest": 10082101.0,
        "Reconciled Depreciation": 18379147.0,
        "Reconciled Cost Of Revenue": 52355420.0,
        "EBITDA": 36176045.0,
        "EBIT": 17796898.0,
        "Net Interest Income": -4871351.0,
        "Interest Expense": 7714797.0,
        "Interest Income": 2843446.0,
        "Normalized Income": 10591186.48,
        "Net Income From Continuing And Discontinued Operation": 10082101.0,
        "Total Expenses": 68620157.0,
        "Total Operating Income As Reported": 15591809.0,
        "Diluted Average Shares": 42488024.0,
        "Basic Average Shares": 42427473.0,
        "Diluted EPS": 0.24,
        "Basic EPS": 0.24,
        "Diluted NI Availto Com Stockholders": 10082101.0,
        "Net Income Common Stockholders": 10082101.0,
        "Net Income": 10082101.0,
        "Net Income Including Noncontrolling Interests": 10082101.0,
        "Net Income Continuous Operations": 10082101.0,
        "Pretax Income": 10082101.0,
        "Other Income Expense": -638357.0,
        "Other Non Operating Income Expenses": 6055.0,
        "Gain On Sale Of Security": -644412.0,
        "Net Non Operating Interest Income Expense": -4871351.0,
        "Interest Expense Non Operating": 7714797.0,
        "Interest Income Non Operating": 2843446.0,
        "Operating Income": 15591809.0,
        "Operating Expense": 16264737.0,
        "Other Operating Expenses": -645364.0,
        "Selling General And Administration": 16910101.0,
        "General And Administrative Expense": 16910101.0,
        "Other Gand A": 16910101.0,
        "Gross Profit": 31856546.0,
        "Cost Of Revenue": 52355420.0,
        "Total Revenue": 84211966.0,
        "Operating Revenue": 83842752.0
    },
    "2025-09-30": {
        "Tax Effect Of Unusual Items": 30751.77,
        "Tax Rate For Calcs": 0.21,
        "Normalized EBITDA": 80756576.0,
        "Total Unusual Items": 146437.0,
        "Total Unusual Items Excluding Goodwill": 146437.0,
        "Net Income From Continuing Operation Net Minority Interest": 55382036.0,
        "Reconciled Depreciation": 17921869.0,
        "Reconciled Cost Of Revenue": 53352858.0,
        "EBITDA": 80903013.0,
        "EBIT": 62981144.0,
        "Net Interest Income": -4602331.0,
        "Interest Expense": 7599108.0,
        "Interest Income": 2996777.0,
        "Normalized Income": 55266350.77,
        "Net Income From Continuing And Discontinued Operation": 55382036.0,
        "Total Expenses": 64719536.0,
        "Total Operating Income As Reported": 59344745.0,
        "Diluted Average Shares": 42639337.0,
        "Basic Average Shares": 42535822.0,
        "Diluted EPS": 1.3,
        "Basic EPS": 1.3,
        "Diluted NI Availto Com Stockholders": 55382036.0,
        "Net Income Common Stockholders": 55382036.0,
        "Net Income": 55382036.0,
        "Net Income Including Noncontrolling Interests": 55382036.0,
        "Net Income Continuous Operations": 55382036.0,
        "Pretax Income": 55382036.0,
        "Other Income Expense": 639622.0,
        "Other Non Operating Income Expenses": 493185.0,
        "Gain On Sale Of Security": 146437.0,
        "Net Non Operating Interest Income Expense": -4602331.0,
        "Interest Expense Non Operating": 7599108.0,
        "Interest Income Non Operating": 2996777.0,
        "Operating Income": 59344745.0,
        "Operating Expense": 11366678.0,
        "Other Operating Expenses": -645364.0,
        "Selling General And Administration": 12012042.0,
        "General And Administrative Expense": 12012042.0,
        "Other Gand A": 12012042.0,
        "Gross Profit": 70711423.0,
        "Cost Of Revenue": 53352858.0,
        "Total Revenue": 124064281.0,
        "Operating Revenue": 120627086.0
    },
    "2025-12-31": {
        "Tax Effect Of Unusual Items": 49662.27,
        "Tax Rate For Calcs": 0.21,
        "Normalized EBITDA": 72148025.0,
        "Total Unusual Items": 236487.0,
        "Total Unusual Items Excluding Goodwill": 236487.0,
        "Net Income From Continuing Operation Net Minority Interest": 47188898.0,
        "Reconciled Depreciation": 18129336.0,
        "Reconciled Cost Of Revenue": 57899262.0,
        "EBITDA": 72384512.0,
        "EBIT": 54255176.0,
        "Net Interest Income": -4328788.0,
        "Interest Expense": 7066278.0,
        "Interest Income": 2737490.0,
        "Normalized Income": 47002073.27,
        "Net Income From Continuing And Discontinued Operation": 47188898.0,
        "Total Expenses": 67993986.0,
        "Total Operating Income As Reported": 51310955.0,
        "Diluted Average Shares": 42598873.0,
        "Basic Average Shares": 42598873.0,
        "Diluted EPS": 1.11,
        "Basic EPS": 1.11,
        "Diluted NI Availto Com Stockholders": 47188898.0,
        "Net Income Common Stockholders": 47188898.0,
        "Net Income": 47188898.0,
        "Net Income Including Noncontrolling Interests": 47188898.0,
        "Net Income Continuous Operations": 47188898.0,
        "Pretax Income": 47188898.0,
        "Other Income Expense": -452615.0,
        "Other Non Operating Income Expenses": -689102.0,
        "Gain On Sale Of Security": 236487.0,
        "Net Non Operating Interest Income Expense": -4328788.0,
        "Interest Expense Non Operating": 7066278.0,
        "Interest Income Non Operating": 2737490.0,
        "Operating Income": 51970301.0,
        "Operating Expense": 10094724.0,
        "Other Operating Expenses": -685009.0,
        "Selling General And Administration": 10779733.0,
        "General And Administrative Expense": 10779733.0,
        "Other Gand A": 10779733.0,
        "Gross Profit": 62065025.0,
        "Cost Of Revenue": 57899262.0,
        "Total Revenue": 119964287.0,
        "Operating Revenue": 118415858.0
    }
}