{
    "2023-06-30": {
        "Tax Effect Of Unusual Items": NaN,
        "Tax Rate For Calcs": NaN,
        "Normalized EBITDA": NaN,
        "Net Income From Continuing Operation Net Minority Interest": NaN,
        "Reconciled Depreciation": NaN,
        "Reconciled Cost Of Revenue": NaN,
        "EBITDA": NaN,
        "EBIT": NaN,
        "Net Interest Income": NaN,
        "Interest Expense": NaN,
        "Interest Income": 37972000.0,
        "Normalized Income": NaN,
        "Net Income From Continuing And Discontinued Operation": NaN,
        "Total Expenses": NaN,
        "Rent Expense Supplemental": NaN,
        "Diluted Average Shares": NaN,
        "Basic Average Shares": NaN,
        "Diluted EPS": NaN,
        "Basic EPS": NaN,
        "Diluted NI Availto Com Stockholders": NaN,
        "Net Income Common Stockholders": NaN,
        "Net Income": NaN,
        "Net Income Including Noncontrolling Interests": NaN,
        "Net Income Continuous Operations": NaN,
        "Tax Provision": NaN,
        "Pretax Income": NaN,
        "Net Non Operating Interest Income Expense": NaN,
        "Interest Expense Non Operating": NaN,
        "Operating Income": NaN,
        "Operating Expense": NaN,
        "Other Operating Expenses": NaN,
        "Depreciation Amortization Depletion Income Statement": NaN,
        "Depreciation And Amortization In Income Statement": NaN,
        "Amortization": NaN,
        "Amortization Of Intangibles Income Statement": NaN,
        "Depreciation Income Statement": NaN,
        "Selling General And Administration": NaN,
        "Selling And Marketing Expense": NaN,
        "General And Administrative Expense": NaN,
        "Other Gand A": NaN,
        "Rent And Landing Fees": NaN,
        "Salaries And Wages": 231680000.0,
        "Gross Profit": NaN,
        "Cost Of Revenue": NaN,
        "Total Revenue": NaN,
        "Operating Revenue": NaN,
        "Occupancy And Equipment": 65005000.0,
        "Professional Expense And Contract Services Expense": 18092000.0,
        "Other Non Interest Expense": 54772000.0
    },
    "2023-03-31": {
        "Tax Effect Of Unusual Items": NaN,
        "Tax Rate For Calcs": NaN,
        "Normalized EBITDA": NaN,
        "Net Income From Continuing Operation Net Minority Interest": NaN,
        "Reconciled Depreciation": NaN,
        "Reconciled Cost Of Revenue": NaN,
        "EBITDA": NaN,
        "EBIT": NaN,
        "Net Interest Income": NaN,
        "Interest Expense": NaN,
        "Interest Income": 37358000.0,
        "Normalized Income": NaN,
        "Net Income From Continuing And Discontinued Operation": NaN,
        "Total Expenses": NaN,
        "Rent Expense Supplemental": NaN,
        "Diluted Average Shares": NaN,
        "Basic Average Shares": NaN,
        "Diluted EPS": NaN,
        "Basic EPS": NaN,
        "Diluted NI Availto Com Stockholders": NaN,
        "Net Income Common Stockholders": NaN,
        "Net Income": NaN,
        "Net Income Including Noncontrolling Interests": NaN,
        "Net Income Continuous Operations": NaN,
        "Tax Provision": NaN,
        "Pretax Income": NaN,
        "Net Non Operating Interest Income Expense": NaN,
        "Interest Expense Non Operating": NaN,
        "Operating Income": NaN,
        "Operating Expense": NaN,
        "Other Operating Expenses": NaN,
        "Depreciation Amortization Depletion Income Statement": NaN,
        "Depreciation And Amortization In Income Statement": NaN,
        "Amortization": NaN,
        "Amortization Of Intangibles Income Statement": NaN,
        "Depreciation Income Statement": NaN,
        "Selling General And Administration": NaN,
        "Selling And Marketing Expense": NaN,
        "General And Administrative Expense": NaN,
        "Other Gand A": NaN,
        "Rent And Landing Fees": NaN,
        "Salaries And Wages": 233533000.0,
        "Gross Profit": NaN,
        "Cost Of Revenue": NaN,
        "Total Revenue": NaN,
        "Operating Revenue": NaN,
        "Occupancy And Equipment": 60173000.0,
        "Professional Expense And Contract Services Expense": 14220000.0,
        "Other Non Interest Expense": 51096000.0
    },
    "2022-12-31": {
        "Tax Effect Of Unusual Items": NaN,
        "Tax Rate For Calcs": NaN,
        "Normalized EBITDA": NaN,
        "Total Unusual Items": 0.0,
        "Total Unusual Items Excluding Goodwill": 0.0,
        "Net Income From Continuing Operation Net Minority Interest": NaN,
        "Reconciled Depreciation": NaN,
        "Reconciled Cost Of Revenue": NaN,
        "EBITDA": NaN,
        "EBIT": NaN,
        "Net Interest Income": NaN,
        "Interest Expense": NaN,
        "Interest Income": 37168000.0,
        "Normalized Income": NaN,
        "Net Income From Continuing And Discontinued Operation": NaN,
        "Total Expenses": NaN,
        "Rent Expense Supplemental": NaN,
        "Diluted Average Shares": NaN,
        "Basic Average Shares": NaN,
        "Diluted EPS": NaN,
        "Basic EPS": NaN,
        "Diluted NI Availto Com Stockholders": NaN,
        "Net Income Common Stockholders": NaN,
        "Net Income": NaN,
        "Net Income Including Noncontrolling Interests": NaN,
        "Net Income Continuous Operations": NaN,
        "Tax Provision": NaN,
        "Pretax Income": NaN,
        "Special Income Charges": 0.0,
        "Net Non Operating Interest Income Expense": NaN,
        "Interest Expense Non Operating": NaN,
        "Operating Income": NaN,
        "Operating Expense": NaN,
        "Other Operating Expenses": NaN,
        "Depreciation Amortization Depletion Income Statement": NaN,
        "Depreciation And Amortization In Income Statement": NaN,
        "Amortization": NaN,
        "Amortization Of Intangibles Income Statement": NaN,
        "Depreciation Income Statement": NaN,
        "Selling General And Administration": NaN,
        "Selling And Marketing Expense": NaN,
        "General And Administrative Expense": NaN,
        "Other Gand A": NaN,
        "Rent And Landing Fees": NaN,
        "Salaries And Wages": 223952000.0,
        "Gross Profit": NaN,
        "Cost Of Revenue": NaN,
        "Total Revenue": NaN,
        "Operating Revenue": NaN,
        "Occupancy And Equipment": 58144000.0,
        "Professional Expense And Contract Services Expense": 19336000.0,
        "Other Non Interest Expense": 57222000.0
    },
    "2022-09-30": {
        "Tax Effect Of Unusual Items": NaN,
        "Tax Rate For Calcs": NaN,
        "Normalized EBITDA": NaN,
        "Total Unusual Items": 0.0,
        "Total Unusual Items Excluding Goodwill": 0.0,
        "Net Income From Continuing Operation Net Minority Interest": NaN,
        "Reconciled Depreciation": NaN,
        "Reconciled Cost Of Revenue": NaN,
        "EBITDA": NaN,
        "EBIT": NaN,
        "Net Interest Income": NaN,
        "Interest Expense": NaN,
        "Interest Income": 22092000.0,
        "Normalized Income": NaN,
        "Net Income From Continuing And Discontinued Operation": NaN,
        "Total Expenses": NaN,
        "Rent Expense Supplemental": NaN,
        "Diluted Average Shares": NaN,
        "Basic Average Shares": NaN,
        "Diluted EPS": NaN,
        "Basic EPS": NaN,
        "Diluted NI Availto Com Stockholders": NaN,
        "Net Income Common Stockholders": NaN,
        "Net Income": NaN,
        "Net Income Including Noncontrolling Interests": NaN,
        "Net Income Continuous Operations": NaN,
        "Tax Provision": NaN,
        "Pretax Income": NaN,
        "Special Income Charges": 0.0,
        "Net Non Operating Interest Income Expense": NaN,
        "Interest Expense Non Operating": NaN,
        "Operating Income": NaN,
        "Operating Expense": NaN,
        "Other Operating Expenses": NaN,
        "Depreciation Amortization Depletion Income Statement": NaN,
        "Depreciation And Amortization In Income Statement": NaN,
        "Amortization": NaN,
        "Amortization Of Intangibles Income Statement": NaN,
        "Depreciation Income Statement": NaN,
        "Selling General And Administration": NaN,
        "Selling And Marketing Expense": NaN,
        "General And Administrative Expense": NaN,
        "Other Gand A": NaN,
        "Rent And Landing Fees": NaN,
        "Salaries And Wages": 208051000.0,
        "Gross Profit": NaN,
        "Cost Of Revenue": NaN,
        "Total Revenue": NaN,
        "Operating Revenue": NaN
    },
    "2022-06-30": {
        "Tax Effect Of Unusual Items": 0.0,
        "Tax Rate For Calcs": 0.243857,
        "Total Unusual Items": 0.0,
        "Total Unusual Items Excluding Goodwill": 0.0,
        "Net Income From Continuing Operation Net Minority Interest": 160545000.0,
        "Reconciled Depreciation": 69621000.0,
        "Net Interest Income": -18634000.0,
        "Interest Expense": 28755000.0,
        "Interest Income": 10121000.0,
        "Normalized Income": 160545000.0,
        "Net Income From Continuing And Discontinued Operation": 160545000.0,
        "Diluted Average Shares": 81410000.0,
        "Basic Average Shares": 79947000.0,
        "Diluted EPS": 1.97,
        "Basic EPS": 2.01,
        "Diluted NI Availto Com Stockholders": 160545000.0,
        "Net Income Common Stockholders": 160545000.0,
        "Net Income": 160545000.0,
        "Net Income Including Noncontrolling Interests": 160545000.0,
        "Net Income Continuous Operations": 160545000.0,
        "Tax Provision": 51776000.0,
        "Pretax Income": 212321000.0,
        "Special Income Charges": 0.0,
        "Depreciation Amortization Depletion Income Statement": 69621000.0,
        "Depreciation And Amortization In Income Statement": 69621000.0,
        "Amortization": 21168000.0,
        "Amortization Of Intangibles Income Statement": 21168000.0,
        "Depreciation Income Statement": 48453000.0,
        "Selling General And Administration": 274726000.0,
        "Selling And Marketing Expense": 78027000.0,
        "General And Administrative Expense": 196699000.0,
        "Other Gand A": 16223000.0,
        "Salaries And Wages": 196699000.0,
        "Total Revenue": 682348000.0,
        "Operating Revenue": 682348000.0
    },
    "2022-03-31": {
        "Diluted EPS": 1.64,
        "Total Revenue": NaN,
        "Gross Profit": 669,
        "Operating Income": 201,
        "EBIT": 269,
        "Net Income": 134
    },
    "2021-12-31": {
        "Diluted EPS": 1.32,
        "Total Revenue": NaN,
        "Gross Profit": 643,
        "Operating Income": 164,
        "EBIT": 226,
        "Net Income": 108
    },
    "2021-09-30": {
        "Diluted EPS": 1.26,
        "Total Revenue": NaN,
        "Gross Profit": 631,
        "Operating Income": 165,
        "EBIT": 226,
        "Net Income": 103
    },
    "2021-06-30": {
        "Diluted EPS": 1.46,
        "Total Revenue": NaN,
        "Gross Profit": 602,
        "Operating Income": 187,
        "EBIT": 245,
        "Net Income": 119
    },
    "2021-03-31": {
        "Diluted EPS": 1.59,
        "Total Revenue": NaN,
        "Gross Profit": 579,
        "Operating Income": 215,
        "EBIT": 269,
        "Net Income": 130
    },
    "2020-12-31": {
        "Diluted EPS": 1.38,
        "Total Revenue": NaN,
        "Gross Profit": 534,
        "Operating Income": 171,
        "EBIT": 218,
        "Net Income": 112
    },
    "2020-09-30": {
        "Diluted EPS": 1.29,
        "Total Revenue": NaN,
        "Gross Profit": 506,
        "Operating Income": 161,
        "EBIT": 206,
        "Net Income": 104
    },
    "2020-06-30": {
        "Diluted EPS": 1.27,
        "Total Revenue": NaN,
        "Gross Profit": 488,
        "Operating Income": 164,
        "EBIT": 208,
        "Net Income": 102
    },
    "2020-03-31": {
        "Diluted EPS": 1.92,
        "Total Revenue": NaN,
        "Gross Profit": 576,
        "Operating Income": 237,
        "EBIT": 282,
        "Net Income": 156
    },
    "2019-12-31": {
        "Diluted EPS": 1.55,
        "Total Revenue": NaN,
        "Gross Profit": 538,
        "Operating Income": 200,
        "EBIT": 243,
        "Net Income": 127
    },
    "2019-09-30": {
        "Diluted EPS": 1.57,
        "Total Revenue": NaN,
        "Gross Profit": 543,
        "Operating Income": 210,
        "EBIT": 252,
        "Net Income": 132
    },
    "2019-06-30": {
        "Diluted EPS": 1.71,
        "Total Revenue": NaN,
        "Gross Profit": 536,
        "Operating Income": 229,
        "EBIT": 269,
        "Net Income": 146
    },
    "2019-03-31": {
        "Diluted EPS": 1.79,
        "Total Revenue": NaN,
        "Gross Profit": 556,
        "Operating Income": 236,
        "EBIT": 277,
        "Net Income": 155
    },
    "2018-12-31": {
        "Diluted EPS": 1.35,
        "Total Revenue": NaN,
        "Gross Profit": 508,
        "Operating Income": 194,
        "EBIT": 233,
        "Net Income": 120
    },
    "2018-09-30": {
        "Diluted EPS": 1.19,
        "Total Revenue": NaN,
        "Gross Profit": 493,
        "Operating Income": 179,
        "EBIT": 219,
        "Net Income": 107
    },
    "2018-06-30": {
        "Diluted EPS": 1.3,
        "Total Revenue": NaN,
        "Gross Profit": 483,
        "Operating Income": 195,
        "EBIT": 234,
        "Net Income": 119
    },
    "2018-03-31": {
        "Diluted EPS": 1.01,
        "Total Revenue": NaN,
        "Gross Profit": 464,
        "Operating Income": 150,
        "EBIT": 185,
        "Net Income": 94
    },
    "2017-12-31": {
        "Diluted EPS": 0.7,
        "Total Revenue": NaN,
        "Gross Profit": 403,
        "Operating Income": 109,
        "EBIT": 140,
        "Net Income": 64
    },
    "2017-09-30": {
        "Diluted EPS": 0.63,
        "Total Revenue": NaN,
        "Gross Profit": 387,
        "Operating Income": 124,
        "EBIT": 157,
        "Net Income": 58
    },
    "2017-06-30": {
        "Diluted EPS": 0.74,
        "Total Revenue": NaN,
        "Gross Profit": 389,
        "Operating Income": 139,
        "EBIT": 171,
        "Net Income": 68
    },
    "2017-03-31": {
        "Diluted EPS": 0.52,
        "Total Revenue": NaN,
        "Gross Profit": 376,
        "Operating Income": 122,
        "EBIT": 153,
        "Net Income": 48
    },
    "2016-12-31": {
        "Diluted EPS": 0.46,
        "Total Revenue": NaN,
        "Gross Profit": 347,
        "Operating Income": 90,
        "EBIT": 121,
        "Net Income": 42
    },
    "2016-09-30": {
        "Diluted EPS": 0.58,
        "Total Revenue": NaN,
        "Gross Profit": 347,
        "Operating Income": 92,
        "EBIT": 121,
        "Net Income": 52
    },
    "2016-06-30": {
        "Diluted EPS": 0.53,
        "Total Revenue": NaN,
        "Gross Profit": 345,
        "Operating Income": 104,
        "EBIT": 133,
        "Net Income": 48
    },
    "2016-03-31": {
        "Diluted EPS": 0.56,
        "Total Revenue": NaN,
        "Gross Profit": 356,
        "Operating Income": 108,
        "EBIT": 138,
        "Net Income": 50
    },
    "2015-12-31": {
        "Diluted EPS": 0.27,
        "Total Revenue": NaN,
        "Gross Profit": 322,
        "Operating Income": 64,
        "EBIT": 97,
        "Net Income": 27
    },
    "2015-09-30": {
        "Diluted EPS": 0.43,
        "Total Revenue": NaN,
        "Gross Profit": 340,
        "Operating Income": 82,
        "EBIT": 110,
        "Net Income": 41
    },
    "2015-06-30": {
        "Diluted EPS": 0.52,
        "Total Revenue": NaN,
        "Gross Profit": 340,
        "Operating Income": 97,
        "EBIT": 125,
        "Net Income": 50
    },
    "2015-03-31": {
        "Diluted EPS": 0.52,
        "Total Revenue": NaN,
        "Gross Profit": 355,
        "Operating Income": 99,
        "EBIT": 125,
        "Net Income": 51
    },
    "2014-12-31": {
        "Diluted EPS": 0.49,
        "Total Revenue": NaN,
        "Gross Profit": 335,
        "Operating Income": 97,
        "EBIT": 124,
        "Net Income": 49
    },
    "2014-09-30": {
        "Diluted EPS": 0.33,
        "Total Revenue": NaN,
        "Gross Profit": 331,
        "Operating Income": 68,
        "EBIT": 94,
        "Net Income": 33
    },
    "2014-06-30": {
        "Diluted EPS": 0.42,
        "Total Revenue": NaN,
        "Gross Profit": 329,
        "Operating Income": 84,
        "EBIT": 109,
        "Net Income": 43
    },
    "2014-03-31": {
        "Diluted EPS": 0.51,
        "Total Revenue": NaN,
        "Gross Profit": 331,
        "Operating Income": 100,
        "EBIT": 124,
        "Net Income": 53
    },
    "2013-12-31": {
        "Diluted EPS": 0.43,
        "Total Revenue": NaN,
        "Gross Profit": 320,
        "Operating Income": 78,
        "EBIT": 101,
        "Net Income": 44
    },
    "2013-09-30": {
        "Diluted EPS": 0.36,
        "Total Revenue": NaN,
        "Gross Profit": 317,
        "Operating Income": 75,
        "EBIT": 97,
        "Net Income": 38
    },
    "2013-06-30": {
        "Diluted EPS": 0.42,
        "Total Revenue": NaN,
        "Gross Profit": 306,
        "Operating Income": 96,
        "EBIT": 117,
        "Net Income": 45
    },
    "2013-03-31": {
        "Diluted EPS": 0.51,
        "Total Revenue": 975,
        "Gross Profit": 305,
        "Operating Income": 103,
        "EBIT": 124,
        "Net Income": 55
    },
    "2012-12-31": {
        "Diluted EPS": 0.34,
        "Total Revenue": 944,
        "Gross Profit": 283,
        "Operating Income": 75,
        "EBIT": 95,
        "Net Income": 37
    },
    "2012-09-30": {
        "Diluted EPS": 0.31,
        "Total Revenue": 907,
        "Gross Profit": 277,
        "Operating Income": 67,
        "EBIT": 87,
        "Net Income": 34
    },
    "2012-06-30": {
        "Diluted EPS": 0.35,
        "Total Revenue": 908,
        "Gross Profit": 278,
        "Operating Income": 81,
        "EBIT": 99,
        "Net Income": 40
    },
    "2012-03-31": {
        "Diluted EPS": 0.37,
        "Total Revenue": 902,
        "Gross Profit": 275,
        "Operating Income": 99,
        "EBIT": 118,
        "Net Income": 41
    },
    "2011-12-31": {
        "Diluted EPS": 0.35,
        "Total Revenue": 829,
        "Gross Profit": 243,
        "Operating Income": 79,
        "EBIT": 98,
        "Net Income": 38
    },
    "2011-09-30": {
        "Diluted EPS": 0.32,
        "Total Revenue": 883,
        "Gross Profit": 259,
        "Operating Income": 79,
        "EBIT": 99,
        "Net Income": 36
    },
    "2011-06-30": {
        "Diluted EPS": 0.4,
        "Total Revenue": 894,
        "Gross Profit": 260,
        "Operating Income": 94,
        "EBIT": 113,
        "Net Income": 46
    },
    "2011-03-31": {
        "Diluted EPS": 0.43,
        "Total Revenue": 874,
        "Gross Profit": 270,
        "Operating Income": 100,
        "EBIT": 119,
        "Net Income": 49
    },
    "2010-12-31": {
        "Diluted EPS": -1.23,
        "Total Revenue": 820,
        "Gross Profit": 18,
        "Operating Income": -169,
        "EBIT": -149,
        "Net Income": -117
    },
    "2010-09-30": {
        "Diluted EPS": 0.26,
        "Total Revenue": 760,
        "Gross Profit": 234,
        "Operating Income": 66,
        "EBIT": 87,
        "Net Income": 26
    },
    "2010-06-30": {
        "Diluted EPS": 0.08,
        "Total Revenue": 790,
        "Gross Profit": 234,
        "Operating Income": 74,
        "EBIT": 98,
        "Net Income": 8
    },
    "2010-03-31": {
        "Diluted EPS": 0.25,
        "Total Revenue": 743,
        "Gross Profit": 230,
        "Operating Income": 69,
        "EBIT": 96,
        "Net Income": 26
    },
    "2009-12-31": {
        "Diluted EPS": 0.33,
        "Total Revenue": 735,
        "Gross Profit": 218,
        "Operating Income": 44,
        "EBIT": 72,
        "Net Income": 19
    },
    "2009-09-30": {
        "Diluted EPS": -0.02,
        "Total Revenue": 702,
        "Gross Profit": 221,
        "Operating Income": 18,
        "EBIT": 46,
        "Net Income": -1
    },
    "2009-06-30": {
        "Diluted EPS": 0.16,
        "Total Revenue": 669,
        "Gross Profit": 205,
        "Operating Income": 58,
        "EBIT": 86,
        "Net Income": 16
    },
    "2009-03-31": {
        "Diluted EPS": 0.0,
        "Total Revenue": 643,
        "Gross Profit": 200,
        "Operating Income": 53,
        "EBIT": 81,
        "Net Income": 15
    },
    "2023-09-30": {
        "Tax Effect Of Unusual Items": NaN,
        "Tax Rate For Calcs": NaN,
        "Normalized EBITDA": NaN,
        "Net Income From Continuing Operation Net Minority Interest": NaN,
        "Reconciled Depreciation": NaN,
        "Reconciled Cost Of Revenue": NaN,
        "EBITDA": NaN,
        "EBIT": NaN,
        "Net Interest Income": NaN,
        "Interest Expense": NaN,
        "Normalized Income": NaN,
        "Net Income From Continuing And Discontinued Operation": NaN,
        "Total Expenses": NaN,
        "Rent Expense Supplemental": NaN,
        "Diluted Average Shares": 77147000.0,
        "Basic Average Shares": 76062000.0,
        "Diluted EPS": 2.91,
        "Basic EPS": 2.95,
        "Diluted NI Availto Com Stockholders": NaN,
        "Net Income Common Stockholders": NaN,
        "Net Income": NaN,
        "Net Income Including Noncontrolling Interests": NaN,
        "Net Income Continuous Operations": NaN,
        "Tax Provision": NaN,
        "Pretax Income": NaN,
        "Net Non Operating Interest Income Expense": NaN,
        "Interest Expense Non Operating": NaN,
        "Operating Income": NaN,
        "Operating Expense": NaN,
        "Other Operating Expenses": NaN,
        "Depreciation Amortization Depletion Income Statement": NaN,
        "Depreciation And Amortization In Income Statement": NaN,
        "Amortization": NaN,
        "Amortization Of Intangibles Income Statement": NaN,
        "Depreciation Income Statement": NaN,
        "Selling General And Administration": NaN,
        "Selling And Marketing Expense": NaN,
        "General And Administrative Expense": NaN,
        "Other Gand A": NaN,
        "Rent And Landing Fees": NaN,
        "Gross Profit": NaN,
        "Cost Of Revenue": NaN,
        "Total Revenue": NaN,
        "Operating Revenue": NaN
    },
    "2023-12-31": {
        "Tax Effect Of Unusual Items": 0.0,
        "Tax Rate For Calcs": 0.259481,
        "Normalized EBITDA": 444756000.0,
        "Net Income From Continuing Operation Net Minority Interest": 217555000.0,
        "Reconciled Depreciation": 96554000.0,
        "Reconciled Cost Of Revenue": 1904604000.0,
        "EBITDA": 444756000.0,
        "EBIT": 348202000.0,
        "Net Interest Income": -54415000.0,
        "Interest Expense": 54415000.0,
        "Normalized Income": 217555000.0,
        "Net Income From Continuing And Discontinued Operation": 217555000.0,
        "Total Expenses": 2295627000.0,
        "Rent Expense Supplemental": 62103000.0,
        "Diluted Average Shares": 76240000.0,
        "Basic Average Shares": 75228000.0,
        "Diluted EPS": 2.85,
        "Basic EPS": 2.89,
        "Diluted NI Availto Com Stockholders": 217555000.0,
        "Net Income Common Stockholders": 217555000.0,
        "Net Income": 217555000.0,
        "Net Income Including Noncontrolling Interests": 217555000.0,
        "Net Income Continuous Operations": 217555000.0,
        "Tax Provision": 76232000.0,
        "Pretax Income": 293787000.0,
        "Net Non Operating Interest Income Expense": -54415000.0,
        "Interest Expense Non Operating": 54415000.0,
        "Operating Income": 348202000.0,
        "Operating Expense": 391023000.0,
        "Other Operating Expenses": 66180000.0,
        "Depreciation Amortization Depletion Income Statement": 96554000.0,
        "Depreciation And Amortization In Income Statement": 96554000.0,
        "Amortization": 28618000.0,
        "Amortization Of Intangibles Income Statement": 28618000.0,
        "Depreciation Income Statement": 67936000.0,
        "Selling General And Administration": 228289000.0,
        "Selling And Marketing Expense": 126800000.0,
        "General And Administrative Expense": 101489000.0,
        "Other Gand A": 39386000.0,
        "Rent And Landing Fees": 62103000.0,
        "Gross Profit": 739225000.0,
        "Cost Of Revenue": 1904604000.0,
        "Total Revenue": 2643829000.0,
        "Operating Revenue": 2576893000.0
    },
    "2024-03-31": {
        "Tax Effect Of Unusual Items": 0.0,
        "Tax Rate For Calcs": 0.228,
        "Normalized EBITDA": 530984000.0,
        "Net Income From Continuing Operation Net Minority Interest": 288764000.0,
        "Reconciled Depreciation": 96710000.0,
        "Reconciled Cost Of Revenue": 2038388000.0,
        "EBITDA": 530984000.0,
        "EBIT": 434274000.0,
        "Net Interest Income": -60082000.0,
        "Interest Expense": 60082000.0,
        "Normalized Income": 288764000.0,
        "Net Income From Continuing And Discontinued Operation": 288764000.0,
        "Total Expenses": 2398319000.0,
        "Rent Expense Supplemental": 66264000.0,
        "Diluted Average Shares": 75463000.0,
        "Basic Average Shares": 74562000.0,
        "Diluted EPS": 3.83,
        "Basic EPS": 3.87,
        "Diluted NI Availto Com Stockholders": 288764000.0,
        "Net Income Common Stockholders": 288764000.0,
        "Net Income": 288764000.0,
        "Net Income Including Noncontrolling Interests": 288764000.0,
        "Net Income Continuous Operations": 288764000.0,
        "Tax Provision": 85428000.0,
        "Pretax Income": 374192000.0,
        "Net Non Operating Interest Income Expense": -60082000.0,
        "Interest Expense Non Operating": 60082000.0,
        "Operating Income": 434274000.0,
        "Operating Expense": 359931000.0,
        "Other Operating Expenses": 37315000.0,
        "Depreciation Amortization Depletion Income Statement": 96710000.0,
        "Depreciation And Amortization In Income Statement": 96710000.0,
        "Amortization": 29552000.0,
        "Amortization Of Intangibles Income Statement": 29552000.0,
        "Depreciation Income Statement": 67158000.0,
        "Selling General And Administration": 225906000.0,
        "Selling And Marketing Expense": 126619000.0,
        "General And Administrative Expense": 99287000.0,
        "Other Gand A": 33023000.0,
        "Rent And Landing Fees": 66264000.0,
        "Gross Profit": 794205000.0,
        "Cost Of Revenue": 2038388000.0,
        "Total Revenue": 2832593000.0,
        "Operating Revenue": 2779933000.0
    },
    "2024-06-30": {
        "Tax Effect Of Unusual Items": 0.0,
        "Tax Rate For Calcs": 0.261,
        "Normalized EBITDA": 496018000.0,
        "Net Income From Continuing Operation Net Minority Interest": 243800000.0,
        "Reconciled Depreciation": 101606000.0,
        "Reconciled Cost Of Revenue": 2126011000.0,
        "EBITDA": 496018000.0,
        "EBIT": 394412000.0,
        "Net Interest Income": -64341000.0,
        "Interest Expense": 64341000.0,
        "Normalized Income": 243800000.0,
        "Net Income From Continuing And Discontinued Operation": 243800000.0,
        "Total Expenses": 2537357000.0,
        "Rent Expense Supplemental": 69529000.0,
        "Diluted Average Shares": NaN,
        "Basic Average Shares": NaN,
        "Diluted EPS": NaN,
        "Basic EPS": NaN,
        "Diluted NI Availto Com Stockholders": 243800000.0,
        "Net Income Common Stockholders": 243800000.0,
        "Net Income": 243800000.0,
        "Net Income Including Noncontrolling Interests": 243800000.0,
        "Net Income Continuous Operations": 243800000.0,
        "Tax Provision": 86271000.0,
        "Pretax Income": 330071000.0,
        "Net Non Operating Interest Income Expense": -64341000.0,
        "Interest Expense Non Operating": 64341000.0,
        "Operating Income": 394412000.0,
        "Operating Expense": 411346000.0,
        "Other Operating Expenses": 62580000.0,
        "Depreciation Amortization Depletion Income Statement": 101606000.0,
        "Depreciation And Amortization In Income Statement": 101606000.0,
        "Amortization": 30607000.0,
        "Amortization Of Intangibles Income Statement": 30607000.0,
        "Depreciation Income Statement": 70999000.0,
        "Selling General And Administration": 247160000.0,
        "Selling And Marketing Expense": 136125000.0,
        "General And Administrative Expense": 111035000.0,
        "Other Gand A": 41506000.0,
        "Rent And Landing Fees": 69529000.0,
        "Gross Profit": 805758000.0,
        "Cost Of Revenue": 2126011000.0,
        "Total Revenue": 2931769000.0,
        "Operating Revenue": 2917630000.0
    },
    "2024-09-30": {
        "Tax Effect Of Unusual Items": 0.0,
        "Tax Rate For Calcs": 0.265,
        "Normalized EBITDA": 525926000.0,
        "Net Income From Continuing Operation Net Minority Interest": 255303000.0,
        "Reconciled Depreciation": 110799000.0,
        "Reconciled Cost Of Revenue": 2244116000.0,
        "EBITDA": 525926000.0,
        "EBIT": 415127000.0,
        "Net Interest Income": -67779000.0,
        "Interest Expense": 67779000.0,
        "Normalized Income": 255303000.0,
        "Net Income From Continuing And Discontinued Operation": 255303000.0,
        "Total Expenses": 2693267000.0,
        "Rent Expense Supplemental": 69879000.0,
        "Diluted Average Shares": 75405000.0,
        "Basic Average Shares": 74776000.0,
        "Diluted EPS": 3.39,
        "Basic EPS": 3.41,
        "Diluted NI Availto Com Stockholders": 255303000.0,
        "Net Income Common Stockholders": 255303000.0,
        "Net Income": 255303000.0,
        "Net Income Including Noncontrolling Interests": 255303000.0,
        "Net Income Continuous Operations": 255303000.0,
        "Tax Provision": 92045000.0,
        "Pretax Income": 347348000.0,
        "Net Non Operating Interest Income Expense": -67779000.0,
        "Interest Expense Non Operating": 67779000.0,
        "Operating Income": 415127000.0,
        "Operating Expense": 449151000.0,
        "Other Operating Expenses": 59724000.0,
        "Depreciation Amortization Depletion Income Statement": 110799000.0,
        "Depreciation And Amortization In Income Statement": 110799000.0,
        "Amortization": 32461000.0,
        "Amortization Of Intangibles Income Statement": 32461000.0,
        "Depreciation Income Statement": 78338000.0,
        "Selling General And Administration": 278628000.0,
        "Selling And Marketing Expense": 164538000.0,
        "General And Administrative Expense": 114090000.0,
        "Other Gand A": 44211000.0,
        "Rent And Landing Fees": 69879000.0,
        "Gross Profit": 864278000.0,
        "Cost Of Revenue": 2244116000.0,
        "Total Revenue": 3108394000.0,
        "Operating Revenue": 3064971000.0
    },
    "2024-12-31": {
        "Tax Effect Of Unusual Items": 0.0,
        "Tax Rate For Calcs": 0.206668,
        "Normalized EBITDA": 557906000.0,
        "Net Income From Continuing Operation Net Minority Interest": 270749000.0,
        "Reconciled Depreciation": 134646000.0,
        "Reconciled Cost Of Revenue": 2607149000.0,
        "EBITDA": 557906000.0,
        "EBIT": 423260000.0,
        "Net Interest Income": -81979000.0,
        "Interest Expense": 81979000.0,
        "Normalized Income": 270749000.0,
        "Net Income From Continuing And Discontinued Operation": 270749000.0,
        "Total Expenses": 3089091000.0,
        "Rent Expense Supplemental": 75538000.0,
        "Diluted Average Shares": 75337000.0,
        "Basic Average Shares": 74785000.0,
        "Diluted EPS": 3.59,
        "Basic EPS": 3.62,
        "Diluted NI Availto Com Stockholders": 270749000.0,
        "Net Income Common Stockholders": 270749000.0,
        "Net Income": 270749000.0,
        "Net Income Including Noncontrolling Interests": 270749000.0,
        "Net Income Continuous Operations": 270749000.0,
        "Tax Provision": 70532000.0,
        "Pretax Income": 341281000.0,
        "Net Non Operating Interest Income Expense": -81979000.0,
        "Interest Expense Non Operating": 81979000.0,
        "Operating Income": 423260000.0,
        "Operating Expense": 481942000.0,
        "Other Operating Expenses": 58874000.0,
        "Depreciation Amortization Depletion Income Statement": 134646000.0,
        "Depreciation And Amortization In Income Statement": 134646000.0,
        "Amortization": 42614000.0,
        "Amortization Of Intangibles Income Statement": 42614000.0,
        "Depreciation Income Statement": 92032000.0,
        "Selling General And Administration": 288422000.0,
        "Selling And Marketing Expense": 162057000.0,
        "General And Administrative Expense": 126365000.0,
        "Other Gand A": 50827000.0,
        "Rent And Landing Fees": 75538000.0,
        "Gross Profit": 905202000.0,
        "Cost Of Revenue": 2607149000.0,
        "Total Revenue": 3512351000.0,
        "Operating Revenue": 3478409000.0
    },
    "2025-03-31": {
        "Tax Effect Of Unusual Items": 0.0,
        "Tax Rate For Calcs": 0.236,
        "Normalized EBITDA": 638992000.0,
        "Net Income From Continuing Operation Net Minority Interest": 318573000.0,
        "Reconciled Depreciation": 135877000.0,
        "Reconciled Cost Of Revenue": 2703609000.0,
        "EBITDA": 638992000.0,
        "EBIT": 503115000.0,
        "Net Interest Income": -85862000.0,
        "Interest Expense": 85862000.0,
        "Normalized Income": 318573000.0,
        "Net Income From Continuing And Discontinued Operation": 318573000.0,
        "Total Expenses": 3166892000.0,
        "Rent Expense Supplemental": 77240000.0,
        "Diluted Average Shares": 75112000.0,
        "Basic Average Shares": 74600000.0,
        "Diluted EPS": 4.24,
        "Basic EPS": 4.27,
        "Diluted NI Availto Com Stockholders": 318573000.0,
        "Net Income Common Stockholders": 318573000.0,
        "Net Income": 318573000.0,
        "Net Income Including Noncontrolling Interests": 318573000.0,
        "Net Income Continuous Operations": 318573000.0,
        "Tax Provision": 98680000.0,
        "Pretax Income": 417253000.0,
        "Net Non Operating Interest Income Expense": -85862000.0,
        "Interest Expense Non Operating": 85862000.0,
        "Operating Income": 503115000.0,
        "Operating Expense": 463283000.0,
        "Other Operating Expenses": 48689000.0,
        "Depreciation Amortization Depletion Income Statement": 135877000.0,
        "Depreciation And Amortization In Income Statement": 135877000.0,
        "Amortization": 43521000.0,
        "Amortization Of Intangibles Income Statement": 43521000.0,
        "Depreciation Income Statement": 92356000.0,
        "Selling General And Administration": 278717000.0,
        "Selling And Marketing Expense": 145645000.0,
        "General And Administrative Expense": 133072000.0,
        "Other Gand A": 55832000.0,
        "Rent And Landing Fees": 77240000.0,
        "Gross Profit": 966398000.0,
        "Cost Of Revenue": 2703609000.0,
        "Total Revenue": 3670007000.0,
        "Operating Revenue": 3689157000.0
    },
    "2025-06-30": {
        "Tax Effect Of Unusual Items": 0.0,
        "Tax Rate For Calcs": 0.259,
        "Normalized EBITDA": 616774000.0,
        "Net Income From Continuing Operation Net Minority Interest": 273249000.0,
        "Reconciled Depreciation": 142334000.0,
        "Reconciled Cost Of Revenue": 2845555000.0,
        "EBITDA": 616774000.0,
        "EBIT": 474440000.0,
        "Net Interest Income": -105636000.0,
        "Interest Expense": 105636000.0,
        "Normalized Income": 273249000.0,
        "Net Income From Continuing And Discontinued Operation": 273249000.0,
        "Total Expenses": 3360585000.0,
        "Rent Expense Supplemental": 81443000.0,
        "Diluted Average Shares": 80373000.0,
        "Basic Average Shares": 79984000.0,
        "Diluted EPS": 3.4,
        "Basic EPS": 3.42,
        "Diluted NI Availto Com Stockholders": 273249000.0,
        "Net Income Common Stockholders": 273249000.0,
        "Net Income": 273249000.0,
        "Net Income Including Noncontrolling Interests": 273249000.0,
        "Net Income Continuous Operations": 273249000.0,
        "Tax Provision": 95555000.0,
        "Pretax Income": 368804000.0,
        "Net Non Operating Interest Income Expense": -105636000.0,
        "Interest Expense Non Operating": 105636000.0,
        "Operating Income": 474440000.0,
        "Operating Expense": 515030000.0,
        "Other Operating Expenses": 51192000.0,
        "Depreciation Amortization Depletion Income Statement": 142334000.0,
        "Depreciation And Amortization In Income Statement": 142334000.0,
        "Amortization": 46103000.0,
        "Amortization Of Intangibles Income Statement": 46103000.0,
        "Depreciation Income Statement": 96231000.0,
        "Selling General And Administration": 321504000.0,
        "Selling And Marketing Expense": 177552000.0,
        "General And Administrative Expense": 143952000.0,
        "Other Gand A": 62509000.0,
        "Rent And Landing Fees": 81443000.0,
        "Gross Profit": 989470000.0,
        "Cost Of Revenue": 2845555000.0,
        "Total Revenue": 3835025000.0,
        "Operating Revenue": 3747493000.0
    },
    "2025-09-30": {
        "Tax Effect Of Unusual Items": 0.0,
        "Tax Rate For Calcs": 0.135,
        "Normalized EBITDA": 236612000.0,
        "Net Income From Continuing Operation Net Minority Interest": -29517000.0,
        "Reconciled Depreciation": 164428000.0,
        "Reconciled Cost Of Revenue": 3653965000.0,
        "EBITDA": 236612000.0,
        "EBIT": 72184000.0,
        "Net Interest Income": -106295000.0,
        "Interest Expense": 106295000.0,
        "Normalized Income": -29517000.0,
        "Net Income From Continuing And Discontinued Operation": -29517000.0,
        "Total Expenses": 4479793000.0,
        "Rent Expense Supplemental": 299680000.0,
        "Diluted Average Shares": 80357000.0,
        "Basic Average Shares": 80017000.0,
        "Diluted EPS": -0.37,
        "Basic EPS": -0.37,
        "Diluted NI Availto Com Stockholders": -29517000.0,
        "Net Income Common Stockholders": -29517000.0,
        "Net Income": -29517000.0,
        "Net Income Including Noncontrolling Interests": -29517000.0,
        "Net Income Continuous Operations": -29517000.0,
        "Tax Provision": -4594000.0,
        "Pretax Income": -34111000.0,
        "Net Non Operating Interest Income Expense": -106295000.0,
        "Interest Expense Non Operating": 106295000.0,
        "Operating Income": 72184000.0,
        "Operating Expense": 825828000.0,
        "Other Operating Expenses": 54606000.0,
        "Depreciation Amortization Depletion Income Statement": 164428000.0,
        "Depreciation And Amortization In Income Statement": 164428000.0,
        "Amortization": 64706000.0,
        "Amortization Of Intangibles Income Statement": 64706000.0,
        "Depreciation Income Statement": 99722000.0,
        "Selling General And Administration": 606794000.0,
        "Selling And Marketing Expense": 208547000.0,
        "General And Administrative Expense": 398247000.0,
        "Other Gand A": 98567000.0,
        "Rent And Landing Fees": 299680000.0,
        "Gross Profit": 898012000.0,
        "Cost Of Revenue": 3653965000.0,
        "Total Revenue": 4551977000.0,
        "Operating Revenue": 4483068000.0
    }
}