{
    "2023-03-31": {
        "Tax Effect Of Unusual Items": 0.0,
        "Tax Rate For Calcs": 0.252,
        "Normalized EBITDA": 19404000.0,
        "Total Unusual Items": NaN,
        "Total Unusual Items Excluding Goodwill": NaN,
        "Net Income From Continuing Operation Net Minority Interest": 12538000.0,
        "Reconciled Depreciation": 244000.0,
        "Reconciled Cost Of Revenue": 5431000.0,
        "EBITDA": 19404000.0,
        "EBIT": 19160000.0,
        "Net Interest Income": -323000.0,
        "Interest Expense": 2387000.0,
        "Interest Income": 2064000.0,
        "Normalized Income": 12538000.0,
        "Net Income From Continuing And Discontinued Operation": 12538000.0,
        "Total Expenses": 21265000.0,
        "Total Operating Income As Reported": 17096000.0,
        "Diluted Average Shares": 123424322.0,
        "Basic Average Shares": 123122014.0,
        "Diluted EPS": 0.1,
        "Basic EPS": 0.1,
        "Diluted NI Availto Com Stockholders": 12538000.0,
        "Net Income Common Stockholders": 12538000.0,
        "Net Income": 12538000.0,
        "Net Income Including Noncontrolling Interests": 12538000.0,
        "Net Income Continuous Operations": 12538000.0,
        "Tax Provision": 4235000.0,
        "Pretax Income": 16773000.0,
        "Other Income Expense": NaN,
        "Other Non Operating Income Expenses": NaN,
        "Special Income Charges": NaN,
        "Net Non Operating Interest Income Expense": -323000.0,
        "Interest Expense Non Operating": 2387000.0,
        "Interest Income Non Operating": 2064000.0,
        "Operating Income": 17096000.0,
        "Operating Expense": 15834000.0,
        "Research And Development": 1230000.0,
        "Selling General And Administration": 14604000.0,
        "Selling And Marketing Expense": 4409000.0,
        "General And Administrative Expense": 10195000.0,
        "Other Gand A": 10195000.0,
        "Gross Profit": 32930000.0,
        "Cost Of Revenue": 5431000.0,
        "Total Revenue": 38361000.0,
        "Operating Revenue": 38361000.0
    },
    "2022-12-31": {
        "Tax Effect Of Unusual Items": NaN,
        "Tax Rate For Calcs": NaN,
        "Normalized EBITDA": NaN,
        "Total Unusual Items": 0.0,
        "Total Unusual Items Excluding Goodwill": 0.0,
        "Net Income From Continuing Operation Net Minority Interest": NaN,
        "Reconciled Depreciation": NaN,
        "Reconciled Cost Of Revenue": NaN,
        "EBITDA": NaN,
        "EBIT": NaN,
        "Net Interest Income": NaN,
        "Interest Expense": NaN,
        "Interest Income": NaN,
        "Normalized Income": NaN,
        "Net Income From Continuing And Discontinued Operation": NaN,
        "Total Expenses": NaN,
        "Total Operating Income As Reported": NaN,
        "Diluted Average Shares": NaN,
        "Basic Average Shares": NaN,
        "Diluted EPS": NaN,
        "Basic EPS": NaN,
        "Diluted NI Availto Com Stockholders": NaN,
        "Net Income Common Stockholders": NaN,
        "Net Income": NaN,
        "Net Income Including Noncontrolling Interests": NaN,
        "Net Income Continuous Operations": NaN,
        "Tax Provision": NaN,
        "Pretax Income": NaN,
        "Other Income Expense": 1000.0,
        "Other Non Operating Income Expenses": 1000.0,
        "Special Income Charges": 0.0,
        "Net Non Operating Interest Income Expense": NaN,
        "Interest Expense Non Operating": NaN,
        "Interest Income Non Operating": NaN,
        "Operating Income": NaN,
        "Operating Expense": NaN,
        "Research And Development": NaN,
        "Selling General And Administration": NaN,
        "Selling And Marketing Expense": NaN,
        "General And Administrative Expense": NaN,
        "Other Gand A": NaN,
        "Gross Profit": NaN,
        "Cost Of Revenue": NaN,
        "Total Revenue": NaN,
        "Operating Revenue": NaN
    },
    "2022-09-30": {
        "Tax Effect Of Unusual Items": NaN,
        "Tax Rate For Calcs": NaN,
        "Normalized EBITDA": NaN,
        "Total Unusual Items": 0.0,
        "Total Unusual Items Excluding Goodwill": 0.0,
        "Net Income From Continuing Operation Net Minority Interest": NaN,
        "Reconciled Depreciation": NaN,
        "Reconciled Cost Of Revenue": NaN,
        "EBITDA": NaN,
        "EBIT": NaN,
        "Net Interest Income": NaN,
        "Interest Expense": NaN,
        "Interest Income": NaN,
        "Normalized Income": NaN,
        "Net Income From Continuing And Discontinued Operation": NaN,
        "Total Expenses": NaN,
        "Total Operating Income As Reported": NaN,
        "Diluted Average Shares": NaN,
        "Basic Average Shares": NaN,
        "Diluted EPS": NaN,
        "Basic EPS": NaN,
        "Diluted NI Availto Com Stockholders": NaN,
        "Net Income Common Stockholders": NaN,
        "Net Income": NaN,
        "Net Income Including Noncontrolling Interests": NaN,
        "Net Income Continuous Operations": NaN,
        "Tax Provision": NaN,
        "Pretax Income": NaN,
        "Other Income Expense": -239000.0,
        "Other Non Operating Income Expenses": -239000.0,
        "Special Income Charges": 0.0,
        "Net Non Operating Interest Income Expense": NaN,
        "Interest Expense Non Operating": NaN,
        "Interest Income Non Operating": NaN,
        "Operating Income": NaN,
        "Operating Expense": NaN,
        "Research And Development": NaN,
        "Selling General And Administration": NaN,
        "Selling And Marketing Expense": NaN,
        "General And Administrative Expense": NaN,
        "Other Gand A": NaN,
        "Gross Profit": NaN,
        "Cost Of Revenue": NaN,
        "Total Revenue": NaN,
        "Operating Revenue": NaN
    },
    "2022-06-30": {
        "Tax Effect Of Unusual Items": 0.0,
        "Tax Rate For Calcs": 0.271,
        "Normalized EBITDA": 33141000.0,
        "Total Unusual Items": 0.0,
        "Total Unusual Items Excluding Goodwill": 0.0,
        "Net Income From Continuing Operation Net Minority Interest": 23126000.0,
        "Reconciled Depreciation": 310000.0,
        "Reconciled Cost Of Revenue": 5085000.0,
        "EBITDA": 33141000.0,
        "EBIT": 32831000.0,
        "Net Interest Income": -1102000.0,
        "Interest Expense": 1124000.0,
        "Interest Income": 22000.0,
        "Normalized Income": 23126000.0,
        "Net Income From Continuing And Discontinued Operation": 23126000.0,
        "Total Expenses": 19235000.0,
        "Total Operating Income As Reported": 32809000.0,
        "Diluted Average Shares": 126222366.0,
        "Basic Average Shares": 126221689.0,
        "Diluted EPS": 0.18,
        "Basic EPS": 0.18,
        "Diluted NI Availto Com Stockholders": 23126000.0,
        "Net Income Common Stockholders": 23126000.0,
        "Net Income": 23126000.0,
        "Net Income Including Noncontrolling Interests": 23126000.0,
        "Net Income Continuous Operations": 23126000.0,
        "Tax Provision": 8581000.0,
        "Pretax Income": 31707000.0,
        "Other Income Expense": NaN,
        "Other Non Operating Income Expenses": NaN,
        "Special Income Charges": 0.0,
        "Net Non Operating Interest Income Expense": -1102000.0,
        "Interest Expense Non Operating": 1124000.0,
        "Interest Income Non Operating": 22000.0,
        "Operating Income": 32809000.0,
        "Operating Expense": 14150000.0,
        "Research And Development": 2188000.0,
        "Selling General And Administration": 11962000.0,
        "Selling And Marketing Expense": 3994000.0,
        "General And Administrative Expense": 7968000.0,
        "Other Gand A": 7968000.0,
        "Gross Profit": 46959000.0,
        "Cost Of Revenue": 5085000.0,
        "Total Revenue": 52044000.0,
        "Operating Revenue": 52044000.0
    },
    "2022-03-31": {
        "Diluted EPS": 0.18,
        "Total Revenue": 50,
        "Gross Profit": 45,
        "Operating Income": 32,
        "EBIT": 33,
        "Net Income": 23
    },
    "2021-12-31": {
        "Diluted EPS": 0.23,
        "Total Revenue": 52,
        "Gross Profit": 47,
        "Operating Income": 35,
        "EBIT": 36,
        "Net Income": 28
    },
    "2021-09-30": {
        "Diluted EPS": 0.23,
        "Total Revenue": 59,
        "Gross Profit": 53,
        "Operating Income": 41,
        "EBIT": 41,
        "Net Income": 29
    },
    "2021-06-30": {
        "Diluted EPS": 0.6,
        "Total Revenue": 61,
        "Gross Profit": 57,
        "Operating Income": 45,
        "EBIT": 45,
        "Net Income": 76
    },
    "2021-03-31": {
        "Diluted EPS": 0.1,
        "Total Revenue": 44,
        "Gross Profit": 41,
        "Operating Income": 29,
        "EBIT": 30,
        "Net Income": 13
    },
    "2020-12-31": {
        "Diluted EPS": 0.38,
        "Total Revenue": 40,
        "Gross Profit": 37,
        "Operating Income": 24,
        "EBIT": 25,
        "Net Income": 15
    },
    "2020-09-30": {
        "Diluted EPS": -0.62,
        "Total Revenue": 30,
        "Gross Profit": 27,
        "Operating Income": 20,
        "EBIT": 20,
        "Net Income": -71
    },
    "2020-06-30": {
        "Diluted EPS": -1.01,
        "Total Revenue": 22,
        "Gross Profit": 20,
        "Operating Income": 4,
        "EBIT": 4,
        "Net Income": -50
    },
    "2020-03-31": {
        "Diluted EPS": 0.16,
        "Total Revenue": 17,
        "Gross Profit": 15,
        "Operating Income": 9,
        "EBIT": 9,
        "Net Income": 15
    },
    "2019-12-31": {
        "Diluted EPS": -1.57,
        "Total Revenue": 46,
        "Gross Profit": 42,
        "Operating Income": 30,
        "EBIT": 30,
        "Net Income": -59
    },
    "2019-09-30": {
        "Diluted EPS": -1.25,
        "Total Revenue": 22,
        "Gross Profit": 20,
        "Operating Income": 15,
        "EBIT": 15,
        "Net Income": -47
    },
    "2019-06-30": {
        "Diluted EPS": -0.19,
        "Total Revenue": 25,
        "Gross Profit": 23,
        "Operating Income": 18,
        "EBIT": 18,
        "Net Income": -7
    },
    "2019-03-31": {
        "Diluted EPS": 0.04,
        "Total Revenue": NaN,
        "Gross Profit": NaN,
        "Operating Income": 0,
        "EBIT": 0,
        "Net Income": 1
    },
    "2018-12-31": {
        "Diluted EPS": -1.23,
        "Total Revenue": NaN,
        "Gross Profit": NaN,
        "Operating Income": -23,
        "EBIT": -23,
        "Net Income": -46
    },
    "2018-09-30": {
        "Diluted EPS": 0.03,
        "Total Revenue": NaN,
        "Gross Profit": NaN,
        "Operating Income": 0,
        "EBIT": 0,
        "Net Income": 1
    },
    "2018-06-30": {
        "Diluted EPS": 0.03,
        "Total Revenue": NaN,
        "Gross Profit": NaN,
        "Operating Income": 0,
        "EBIT": 0,
        "Net Income": 1
    },
    "2018-03-31": {
        "Diluted EPS": 0.0,
        "Total Revenue": NaN,
        "Gross Profit": NaN,
        "Operating Income": 0,
        "EBIT": 0,
        "Net Income": 0
    },
    "2017-12-31": {
        "Diluted EPS": 0.0,
        "Total Revenue": NaN,
        "Gross Profit": NaN,
        "Operating Income": NaN,
        "EBIT": NaN,
        "Net Income": NaN
    },
    "2017-06-30": {
        "Diluted EPS": 0.04,
        "Total Revenue": NaN,
        "Gross Profit": NaN,
        "Operating Income": 0,
        "EBIT": 0,
        "Net Income": 1
    },
    "2023-06-30": {
        "Tax Effect Of Unusual Items": NaN,
        "Tax Rate For Calcs": NaN,
        "Normalized EBITDA": NaN,
        "Net Income From Continuing Operation Net Minority Interest": NaN,
        "Reconciled Depreciation": NaN,
        "Reconciled Cost Of Revenue": NaN,
        "EBITDA": NaN,
        "EBIT": NaN,
        "Net Interest Income": NaN,
        "Interest Expense": NaN,
        "Interest Income": NaN,
        "Normalized Income": NaN,
        "Net Income From Continuing And Discontinued Operation": NaN,
        "Total Expenses": NaN,
        "Total Operating Income As Reported": NaN,
        "Diluted Average Shares": NaN,
        "Basic Average Shares": NaN,
        "Diluted EPS": NaN,
        "Basic EPS": NaN,
        "Diluted NI Availto Com Stockholders": NaN,
        "Net Income Common Stockholders": NaN,
        "Net Income": NaN,
        "Net Income Including Noncontrolling Interests": NaN,
        "Net Income Continuous Operations": NaN,
        "Tax Provision": NaN,
        "Pretax Income": NaN,
        "Other Income Expense": -6000.0,
        "Other Non Operating Income Expenses": -6000.0,
        "Net Non Operating Interest Income Expense": NaN,
        "Interest Expense Non Operating": NaN,
        "Interest Income Non Operating": NaN,
        "Operating Income": NaN,
        "Operating Expense": NaN,
        "Research And Development": NaN,
        "Selling General And Administration": NaN,
        "Selling And Marketing Expense": NaN,
        "General And Administrative Expense": NaN,
        "Other Gand A": NaN,
        "Gross Profit": NaN,
        "Cost Of Revenue": NaN,
        "Total Revenue": NaN,
        "Operating Revenue": NaN
    },
    "2023-09-30": {
        "Tax Effect Of Unusual Items": NaN,
        "Tax Rate For Calcs": NaN,
        "Normalized EBITDA": NaN,
        "Net Income From Continuing Operation Net Minority Interest": NaN,
        "Reconciled Depreciation": NaN,
        "Reconciled Cost Of Revenue": NaN,
        "EBITDA": NaN,
        "EBIT": NaN,
        "Net Interest Income": NaN,
        "Interest Expense": NaN,
        "Interest Income": NaN,
        "Normalized Income": NaN,
        "Net Income From Continuing And Discontinued Operation": NaN,
        "Total Expenses": NaN,
        "Total Operating Income As Reported": NaN,
        "Diluted Average Shares": NaN,
        "Basic Average Shares": NaN,
        "Diluted EPS": NaN,
        "Basic EPS": NaN,
        "Diluted NI Availto Com Stockholders": NaN,
        "Net Income Common Stockholders": NaN,
        "Net Income": NaN,
        "Net Income Including Noncontrolling Interests": NaN,
        "Net Income Continuous Operations": NaN,
        "Tax Provision": NaN,
        "Pretax Income": NaN,
        "Other Income Expense": -3000.0,
        "Other Non Operating Income Expenses": -3000.0,
        "Net Non Operating Interest Income Expense": NaN,
        "Interest Expense Non Operating": NaN,
        "Interest Income Non Operating": NaN,
        "Operating Income": NaN,
        "Operating Expense": NaN,
        "Research And Development": NaN,
        "Selling General And Administration": NaN,
        "Selling And Marketing Expense": NaN,
        "General And Administrative Expense": NaN,
        "Other Gand A": NaN,
        "Gross Profit": NaN,
        "Cost Of Revenue": NaN,
        "Total Revenue": NaN,
        "Operating Revenue": NaN
    },
    "2023-12-31": {
        "Tax Effect Of Unusual Items": NaN,
        "Tax Rate For Calcs": NaN,
        "Normalized EBITDA": NaN,
        "Net Income From Continuing Operation Net Minority Interest": NaN,
        "Reconciled Depreciation": NaN,
        "Reconciled Cost Of Revenue": NaN,
        "EBITDA": NaN,
        "EBIT": NaN,
        "Net Interest Income": NaN,
        "Interest Expense": NaN,
        "Interest Income": NaN,
        "Normalized Income": NaN,
        "Net Income From Continuing And Discontinued Operation": NaN,
        "Total Expenses": NaN,
        "Total Operating Income As Reported": NaN,
        "Diluted Average Shares": NaN,
        "Basic Average Shares": NaN,
        "Diluted EPS": NaN,
        "Basic EPS": NaN,
        "Diluted NI Availto Com Stockholders": NaN,
        "Net Income Common Stockholders": NaN,
        "Net Income": NaN,
        "Net Income Including Noncontrolling Interests": NaN,
        "Net Income Continuous Operations": NaN,
        "Tax Provision": NaN,
        "Pretax Income": NaN,
        "Other Income Expense": 118000.0,
        "Other Non Operating Income Expenses": 118000.0,
        "Net Non Operating Interest Income Expense": NaN,
        "Interest Expense Non Operating": NaN,
        "Interest Income Non Operating": NaN,
        "Operating Income": NaN,
        "Operating Expense": NaN,
        "Research And Development": NaN,
        "Selling General And Administration": NaN,
        "Selling And Marketing Expense": NaN,
        "General And Administrative Expense": NaN,
        "Other Gand A": NaN,
        "Gross Profit": NaN,
        "Cost Of Revenue": NaN,
        "Total Revenue": NaN,
        "Operating Revenue": NaN
    },
    "2024-03-31": {
        "Tax Effect Of Unusual Items": 0.0,
        "Tax Rate For Calcs": 0.323897,
        "Normalized EBITDA": 10666000.0,
        "Net Income From Continuing Operation Net Minority Interest": 5087000.0,
        "Reconciled Depreciation": 372000.0,
        "Reconciled Cost Of Revenue": 5750000.0,
        "EBITDA": 10666000.0,
        "EBIT": 10294000.0,
        "Net Interest Income": 201000.0,
        "Interest Expense": 2770000.0,
        "Interest Income": 2971000.0,
        "Normalized Income": 5087000.0,
        "Net Income From Continuing And Discontinued Operation": 5087000.0,
        "Total Expenses": 23422000.0,
        "Total Operating Income As Reported": 7323000.0,
        "Diluted Average Shares": 119416000.0,
        "Basic Average Shares": 118926000.0,
        "Diluted EPS": 0.04,
        "Basic EPS": 0.04,
        "Diluted NI Availto Com Stockholders": 5087000.0,
        "Net Income Common Stockholders": 5087000.0,
        "Net Income": 5087000.0,
        "Net Income Including Noncontrolling Interests": 5087000.0,
        "Net Income Continuous Operations": 5087000.0,
        "Tax Provision": 2437000.0,
        "Pretax Income": 7524000.0,
        "Other Income Expense": NaN,
        "Other Non Operating Income Expenses": NaN,
        "Net Non Operating Interest Income Expense": 201000.0,
        "Interest Expense Non Operating": 2770000.0,
        "Interest Income Non Operating": 2971000.0,
        "Operating Income": 7323000.0,
        "Operating Expense": 17672000.0,
        "Research And Development": 1479000.0,
        "Selling General And Administration": 16193000.0,
        "Selling And Marketing Expense": 4214000.0,
        "General And Administrative Expense": 11979000.0,
        "Other Gand A": 11979000.0,
        "Gross Profit": 24995000.0,
        "Cost Of Revenue": 5750000.0,
        "Total Revenue": 30745000.0,
        "Operating Revenue": 30745000.0
    },
    "2024-06-30": {
        "Tax Effect Of Unusual Items": 0.0,
        "Tax Rate For Calcs": 0.331336,
        "Normalized EBITDA": 7491000.0,
        "Net Income From Continuing Operation Net Minority Interest": 2902000.0,
        "Reconciled Depreciation": 415000.0,
        "Reconciled Cost Of Revenue": 5713000.0,
        "EBITDA": 7491000.0,
        "EBIT": 7076000.0,
        "Net Interest Income": 350000.0,
        "Interest Expense": 2736000.0,
        "Interest Income": 3086000.0,
        "Normalized Income": 2902000.0,
        "Net Income From Continuing And Discontinued Operation": 2902000.0,
        "Total Expenses": 22737000.0,
        "Total Operating Income As Reported": 3990000.0,
        "Diluted Average Shares": 119331472.0,
        "Basic Average Shares": 119206370.0,
        "Diluted EPS": 0.02,
        "Basic EPS": 0.02,
        "Diluted NI Availto Com Stockholders": 2902000.0,
        "Net Income Common Stockholders": 2902000.0,
        "Net Income": 2902000.0,
        "Net Income Including Noncontrolling Interests": 2902000.0,
        "Net Income Continuous Operations": 2902000.0,
        "Tax Provision": 1438000.0,
        "Pretax Income": 4340000.0,
        "Net Non Operating Interest Income Expense": 350000.0,
        "Interest Expense Non Operating": 2736000.0,
        "Interest Income Non Operating": 3086000.0,
        "Operating Income": 3990000.0,
        "Operating Expense": 17024000.0,
        "Research And Development": 1130000.0,
        "Selling General And Administration": 15894000.0,
        "Selling And Marketing Expense": 4149000.0,
        "General And Administrative Expense": 11745000.0,
        "Other Gand A": 11745000.0,
        "Gross Profit": 21014000.0,
        "Cost Of Revenue": 5713000.0,
        "Total Revenue": 26727000.0,
        "Operating Revenue": 26727000.0
    },
    "2024-09-30": {
        "Tax Effect Of Unusual Items": 0.0,
        "Tax Rate For Calcs": 0.324,
        "Normalized EBITDA": 5581000.0,
        "Net Income From Continuing Operation Net Minority Interest": 1437000.0,
        "Reconciled Depreciation": 494000.0,
        "Reconciled Cost Of Revenue": 6127000.0,
        "EBITDA": 5581000.0,
        "EBIT": 5087000.0,
        "Net Interest Income": 259000.0,
        "Interest Expense": 2962000.0,
        "Interest Income": 3221000.0,
        "Normalized Income": 1437000.0,
        "Net Income From Continuing And Discontinued Operation": 1437000.0,
        "Total Expenses": 21610000.0,
        "Total Operating Income As Reported": 1866000.0,
        "Diluted Average Shares": 119481000.0,
        "Basic Average Shares": 119253000.0,
        "Diluted EPS": 0.01,
        "Basic EPS": 0.01,
        "Diluted NI Availto Com Stockholders": 1437000.0,
        "Net Income Common Stockholders": 1437000.0,
        "Net Income": 1437000.0,
        "Net Income Including Noncontrolling Interests": 1437000.0,
        "Net Income Continuous Operations": 1437000.0,
        "Tax Provision": 688000.0,
        "Pretax Income": 2125000.0,
        "Other Income Expense": NaN,
        "Other Non Operating Income Expenses": NaN,
        "Net Non Operating Interest Income Expense": 259000.0,
        "Interest Expense Non Operating": 2962000.0,
        "Interest Income Non Operating": 3221000.0,
        "Operating Income": 1866000.0,
        "Operating Expense": 15483000.0,
        "Research And Development": 992000.0,
        "Selling General And Administration": 14491000.0,
        "Selling And Marketing Expense": 4897000.0,
        "General And Administrative Expense": 9594000.0,
        "Other Gand A": 9594000.0,
        "Gross Profit": 17349000.0,
        "Cost Of Revenue": 6127000.0,
        "Total Revenue": 23476000.0,
        "Operating Revenue": 23476000.0
    },
    "2024-12-31": {
        "Tax Effect Of Unusual Items": 0.0,
        "Tax Rate For Calcs": 0.21,
        "Normalized EBITDA": -75352000.0,
        "Net Income From Continuing Operation Net Minority Interest": -144436000.0,
        "Reconciled Depreciation": 393000.0,
        "Reconciled Cost Of Revenue": 6265000.0,
        "EBITDA": -75352000.0,
        "EBIT": -75745000.0,
        "Net Interest Income": -37000.0,
        "Interest Expense": 2849000.0,
        "Interest Income": 2812000.0,
        "Normalized Income": -144436000.0,
        "Net Income From Continuing And Discontinued Operation": -144436000.0,
        "Total Expenses": 21633000.0,
        "Total Operating Income As Reported": -78557000.0,
        "Diluted Average Shares": 119331553.0,
        "Basic Average Shares": 119331553.0,
        "Diluted EPS": -1.21,
        "Basic EPS": -1.21,
        "Diluted NI Availto Com Stockholders": -144436000.0,
        "Net Income Common Stockholders": -144436000.0,
        "Net Income": -144436000.0,
        "Net Income Including Noncontrolling Interests": -144436000.0,
        "Net Income Continuous Operations": -144436000.0,
        "Tax Provision": 65842000.0,
        "Pretax Income": -78594000.0,
        "Other Income Expense": NaN,
        "Other Non Operating Income Expenses": NaN,
        "Net Non Operating Interest Income Expense": -37000.0,
        "Interest Expense Non Operating": 2849000.0,
        "Interest Income Non Operating": 2812000.0,
        "Operating Income": -78557000.0,
        "Operating Expense": 15368000.0,
        "Research And Development": 861000.0,
        "Selling General And Administration": 14507000.0,
        "Selling And Marketing Expense": 3958000.0,
        "General And Administrative Expense": 10549000.0,
        "Other Gand A": 10549000.0,
        "Gross Profit": -63189000.0,
        "Cost Of Revenue": 6265000.0,
        "Total Revenue": -56924000.0,
        "Operating Revenue": -56924000.0
    },
    "2025-03-31": {
        "Tax Effect Of Unusual Items": 0.0,
        "Tax Rate For Calcs": 0.083,
        "Normalized EBITDA": 3806000.0,
        "Net Income From Continuing Operation Net Minority Interest": 617000.0,
        "Reconciled Depreciation": 544000.0,
        "Reconciled Cost Of Revenue": 6084000.0,
        "EBITDA": 3806000.0,
        "EBIT": 3262000.0,
        "Net Interest Income": -89000.0,
        "Interest Expense": 2589000.0,
        "Interest Income": 2500000.0,
        "Normalized Income": 617000.0,
        "Net Income From Continuing And Discontinued Operation": 617000.0,
        "Total Expenses": 23631000.0,
        "Total Operating Income As Reported": 762000.0,
        "Diluted Average Shares": 119629000.0,
        "Basic Average Shares": 119451000.0,
        "Diluted EPS": 0.01,
        "Basic EPS": 0.01,
        "Diluted NI Availto Com Stockholders": 617000.0,
        "Net Income Common Stockholders": 617000.0,
        "Net Income": 617000.0,
        "Net Income Including Noncontrolling Interests": 617000.0,
        "Net Income Continuous Operations": 617000.0,
        "Tax Provision": 56000.0,
        "Pretax Income": 673000.0,
        "Other Income Expense": NaN,
        "Other Non Operating Income Expenses": NaN,
        "Net Non Operating Interest Income Expense": -89000.0,
        "Interest Expense Non Operating": 2589000.0,
        "Interest Income Non Operating": 2500000.0,
        "Operating Income": 762000.0,
        "Operating Expense": 17547000.0,
        "Research And Development": 2267000.0,
        "Selling General And Administration": 15280000.0,
        "Selling And Marketing Expense": 4382000.0,
        "General And Administrative Expense": 10898000.0,
        "Other Gand A": 10898000.0,
        "Gross Profit": 18309000.0,
        "Cost Of Revenue": 6084000.0,
        "Total Revenue": 24393000.0,
        "Operating Revenue": 24393000.0
    },
    "2025-06-30": {
        "Tax Effect Of Unusual Items": 0.0,
        "Tax Rate For Calcs": 0.071813,
        "Normalized EBITDA": 4123000.0,
        "Net Income From Continuing Operation Net Minority Interest": 1034000.0,
        "Reconciled Depreciation": 590000.0,
        "Reconciled Cost Of Revenue": 5509000.0,
        "EBITDA": 4123000.0,
        "EBIT": 3533000.0,
        "Net Interest Income": -62000.0,
        "Interest Expense": 2419000.0,
        "Interest Income": 2357000.0,
        "Normalized Income": 1034000.0,
        "Net Income From Continuing And Discontinued Operation": 1034000.0,
        "Total Expenses": 24134000.0,
        "Total Operating Income As Reported": 1176000.0,
        "Diluted Average Shares": 119003000.0,
        "Basic Average Shares": 118866000.0,
        "Diluted EPS": 0.01,
        "Basic EPS": 0.01,
        "Diluted NI Availto Com Stockholders": 1034000.0,
        "Net Income Common Stockholders": 1034000.0,
        "Net Income": 1034000.0,
        "Net Income Including Noncontrolling Interests": 1034000.0,
        "Net Income Continuous Operations": 1034000.0,
        "Tax Provision": 80000.0,
        "Pretax Income": 1114000.0,
        "Other Income Expense": NaN,
        "Other Non Operating Income Expenses": NaN,
        "Net Non Operating Interest Income Expense": -62000.0,
        "Interest Expense Non Operating": 2419000.0,
        "Interest Income Non Operating": 2357000.0,
        "Operating Income": 1176000.0,
        "Operating Expense": 18625000.0,
        "Research And Development": 2515000.0,
        "Selling General And Administration": 16110000.0,
        "Selling And Marketing Expense": 4146000.0,
        "General And Administrative Expense": 11964000.0,
        "Other Gand A": 11964000.0,
        "Gross Profit": 19801000.0,
        "Cost Of Revenue": 5509000.0,
        "Total Revenue": 25310000.0,
        "Operating Revenue": 25310000.0
    },
    "2025-09-30": {
        "Tax Effect Of Unusual Items": 0.0,
        "Tax Rate For Calcs": 0.002,
        "Normalized EBITDA": -4530000.0,
        "Net Income From Continuing Operation Net Minority Interest": -7569000.0,
        "Reconciled Depreciation": 623000.0,
        "Reconciled Cost Of Revenue": 5318000.0,
        "EBITDA": -4530000.0,
        "EBIT": -5153000.0,
        "Net Interest Income": -69000.0,
        "Interest Expense": 2432000.0,
        "Interest Income": 2363000.0,
        "Normalized Income": -7569000.0,
        "Net Income From Continuing And Discontinued Operation": -7569000.0,
        "Total Expenses": 31870000.0,
        "Total Operating Income As Reported": -7701000.0,
        "Diluted Average Shares": 118173000.0,
        "Basic Average Shares": 118173000.0,
        "Diluted EPS": -0.06,
        "Basic EPS": -0.06,
        "Diluted NI Availto Com Stockholders": -7569000.0,
        "Net Income Common Stockholders": -7569000.0,
        "Net Income": -7569000.0,
        "Net Income Including Noncontrolling Interests": -7569000.0,
        "Net Income Continuous Operations": -7569000.0,
        "Tax Provision": -16000.0,
        "Pretax Income": -7585000.0,
        "Other Income Expense": 185000.0,
        "Other Non Operating Income Expenses": 185000.0,
        "Net Non Operating Interest Income Expense": -69000.0,
        "Interest Expense Non Operating": 2432000.0,
        "Interest Income Non Operating": 2363000.0,
        "Operating Income": -7701000.0,
        "Operating Expense": 26552000.0,
        "Research And Development": 2050000.0,
        "Selling General And Administration": 24502000.0,
        "Selling And Marketing Expense": 3440000.0,
        "General And Administrative Expense": 21062000.0,
        "Other Gand A": 21062000.0,
        "Gross Profit": 18851000.0,
        "Cost Of Revenue": 5318000.0,
        "Total Revenue": 24169000.0,
        "Operating Revenue": 24169000.0
    }
}