{
    "2023-03-31": {
        "Tax Effect Of Unusual Items": NaN,
        "Tax Rate For Calcs": NaN,
        "Normalized EBITDA": NaN,
        "Total Unusual Items": NaN,
        "Total Unusual Items Excluding Goodwill": NaN,
        "Net Income From Continuing Operation Net Minority Interest": NaN,
        "Reconciled Depreciation": NaN,
        "Reconciled Cost Of Revenue": NaN,
        "EBITDA": NaN,
        "EBIT": NaN,
        "Net Interest Income": NaN,
        "Interest Income": 1801000.0,
        "Normalized Income": NaN,
        "Net Income From Continuing And Discontinued Operation": NaN,
        "Total Expenses": NaN,
        "Total Operating Income As Reported": NaN,
        "Diluted Average Shares": NaN,
        "Basic Average Shares": NaN,
        "Diluted EPS": NaN,
        "Basic EPS": NaN,
        "Diluted NI Availto Com Stockholders": NaN,
        "Average Dilution Earnings": NaN,
        "Net Income Common Stockholders": NaN,
        "Net Income": NaN,
        "Net Income Including Noncontrolling Interests": NaN,
        "Net Income Continuous Operations": NaN,
        "Tax Provision": NaN,
        "Pretax Income": NaN,
        "Other Income Expense": NaN,
        "Other Non Operating Income Expenses": NaN,
        "Special Income Charges": NaN,
        "Gain On Sale Of Business": NaN,
        "Other Special Charges": NaN,
        "Impairment Of Capital Assets": NaN,
        "Restructuring And Mergern Acquisition": NaN,
        "Net Non Operating Interest Income Expense": NaN,
        "Total Other Finance Cost": NaN,
        "Interest Income Non Operating": 1801000.0,
        "Operating Income": NaN,
        "Operating Expense": NaN,
        "Depreciation Amortization Depletion Income Statement": NaN,
        "Depreciation And Amortization In Income Statement": NaN,
        "Amortization": NaN,
        "Amortization Of Intangibles Income Statement": NaN,
        "Depreciation Income Statement": NaN,
        "Research And Development": NaN,
        "Selling General And Administration": NaN,
        "Selling And Marketing Expense": NaN,
        "General And Administrative Expense": NaN,
        "Other Gand A": NaN,
        "Salaries And Wages": NaN,
        "Gross Profit": NaN,
        "Cost Of Revenue": NaN,
        "Total Revenue": NaN,
        "Operating Revenue": NaN
    },
    "2022-12-31": {
        "Tax Effect Of Unusual Items": -423780.0,
        "Tax Rate For Calcs": 0.21,
        "Normalized EBITDA": -40199000.0,
        "Total Unusual Items": -2018000.0,
        "Total Unusual Items Excluding Goodwill": -2018000.0,
        "Net Income From Continuing Operation Net Minority Interest": -41724000.0,
        "Reconciled Depreciation": 16452000.0,
        "Reconciled Cost Of Revenue": 33789000.0,
        "EBITDA": -42217000.0,
        "EBIT": -58669000.0,
        "Net Interest Income": 1361000.0,
        "Normalized Income": -40129780.0,
        "Net Income From Continuing And Discontinued Operation": -41724000.0,
        "Total Expenses": 159395000.0,
        "Total Operating Income As Reported": -38936000.0,
        "Diluted Average Shares": 75538133.0,
        "Basic Average Shares": 75538133.0,
        "Diluted EPS": -0.55,
        "Basic EPS": -0.55,
        "Diluted NI Availto Com Stockholders": -41724000.0,
        "Average Dilution Earnings": NaN,
        "Net Income Common Stockholders": -41724000.0,
        "Net Income": -41724000.0,
        "Net Income Including Noncontrolling Interests": -41724000.0,
        "Net Income Continuous Operations": -41724000.0,
        "Tax Provision": 457000.0,
        "Pretax Income": -41267000.0,
        "Other Income Expense": -5710000.0,
        "Other Non Operating Income Expenses": -3692000.0,
        "Special Income Charges": -2018000.0,
        "Gain On Sale Of Business": NaN,
        "Impairment Of Capital Assets": NaN,
        "Restructuring And Mergern Acquisition": 2018000.0,
        "Net Non Operating Interest Income Expense": 1361000.0,
        "Total Other Finance Cost": NaN,
        "Operating Income": -36918000.0,
        "Operating Expense": 112993000.0,
        "Depreciation Amortization Depletion Income Statement": 3839000.0,
        "Depreciation And Amortization In Income Statement": 3839000.0,
        "Amortization": 936000.0,
        "Amortization Of Intangibles Income Statement": 936000.0,
        "Depreciation Income Statement": NaN,
        "Research And Development": 37120000.0,
        "Selling General And Administration": 72034000.0,
        "Selling And Marketing Expense": 24438000.0,
        "General And Administrative Expense": 47596000.0,
        "Other Gand A": -12669000.0,
        "Salaries And Wages": NaN,
        "Gross Profit": 76075000.0,
        "Cost Of Revenue": 46402000.0,
        "Total Revenue": 122477000.0,
        "Operating Revenue": 122477000.0
    },
    "2022-09-30": {
        "Tax Effect Of Unusual Items": NaN,
        "Tax Rate For Calcs": NaN,
        "Normalized EBITDA": NaN,
        "Total Unusual Items": NaN,
        "Total Unusual Items Excluding Goodwill": NaN,
        "Net Income From Continuing Operation Net Minority Interest": NaN,
        "Reconciled Depreciation": NaN,
        "Reconciled Cost Of Revenue": NaN,
        "EBITDA": NaN,
        "EBIT": NaN,
        "Net Interest Income": NaN,
        "Interest Income": NaN,
        "Normalized Income": NaN,
        "Net Income From Continuing And Discontinued Operation": NaN,
        "Total Expenses": NaN,
        "Total Operating Income As Reported": NaN,
        "Diluted Average Shares": NaN,
        "Basic Average Shares": NaN,
        "Diluted EPS": NaN,
        "Basic EPS": NaN,
        "Diluted NI Availto Com Stockholders": NaN,
        "Average Dilution Earnings": NaN,
        "Net Income Common Stockholders": NaN,
        "Net Income": NaN,
        "Net Income Including Noncontrolling Interests": NaN,
        "Net Income Continuous Operations": NaN,
        "Tax Provision": NaN,
        "Pretax Income": NaN,
        "Other Income Expense": NaN,
        "Other Non Operating Income Expenses": NaN,
        "Special Income Charges": NaN,
        "Gain On Sale Of Business": NaN,
        "Impairment Of Capital Assets": 0.0,
        "Restructuring And Mergern Acquisition": NaN,
        "Net Non Operating Interest Income Expense": NaN,
        "Total Other Finance Cost": -401000.0,
        "Interest Income Non Operating": NaN,
        "Operating Income": NaN,
        "Operating Expense": NaN,
        "Depreciation Amortization Depletion Income Statement": NaN,
        "Depreciation And Amortization In Income Statement": NaN,
        "Amortization": NaN,
        "Amortization Of Intangibles Income Statement": NaN,
        "Depreciation Income Statement": 746000.0,
        "Research And Development": NaN,
        "Selling General And Administration": NaN,
        "Selling And Marketing Expense": NaN,
        "General And Administrative Expense": NaN,
        "Other Gand A": NaN,
        "Salaries And Wages": 18055000.0,
        "Gross Profit": NaN,
        "Cost Of Revenue": NaN,
        "Total Revenue": NaN,
        "Operating Revenue": NaN
    },
    "2022-06-30": {
        "Tax Effect Of Unusual Items": -4344400.0,
        "Tax Rate For Calcs": 0.4,
        "Normalized EBITDA": -50044000.0,
        "Total Unusual Items": -10861000.0,
        "Total Unusual Items Excluding Goodwill": -10861000.0,
        "Net Income From Continuing Operation Net Minority Interest": -75411000.0,
        "Reconciled Depreciation": 12610000.0,
        "Reconciled Cost Of Revenue": 33362000.0,
        "EBITDA": -60905000.0,
        "EBIT": -73515000.0,
        "Net Interest Income": -682000.0,
        "Interest Expense": 682000.0,
        "Interest Income": NaN,
        "Normalized Income": -68894400.0,
        "Net Income From Continuing And Discontinued Operation": -75411000.0,
        "Total Expenses": 191953000.0,
        "Total Operating Income As Reported": -70249000.0,
        "Diluted Average Shares": 77290465.0,
        "Basic Average Shares": 77290465.0,
        "Diluted EPS": -0.98,
        "Basic EPS": -0.98,
        "Diluted NI Availto Com Stockholders": -75411000.0,
        "Average Dilution Earnings": NaN,
        "Net Income Common Stockholders": -75411000.0,
        "Net Income": -75411000.0,
        "Net Income Including Noncontrolling Interests": -75411000.0,
        "Net Income Continuous Operations": -75411000.0,
        "Tax Provision": 1214000.0,
        "Pretax Income": -74197000.0,
        "Other Income Expense": -14127000.0,
        "Other Non Operating Income Expenses": -3266000.0,
        "Special Income Charges": -10861000.0,
        "Gain On Sale Of Business": NaN,
        "Restructuring And Mergern Acquisition": 10861000.0,
        "Net Non Operating Interest Income Expense": -682000.0,
        "Total Other Finance Cost": NaN,
        "Interest Expense Non Operating": 682000.0,
        "Interest Income Non Operating": NaN,
        "Operating Income": -59388000.0,
        "Operating Expense": 146904000.0,
        "Depreciation Amortization Depletion Income Statement": 923000.0,
        "Depreciation And Amortization In Income Statement": 923000.0,
        "Amortization": 923000.0,
        "Amortization Of Intangibles Income Statement": 923000.0,
        "Research And Development": 55752000.0,
        "Selling General And Administration": 90229000.0,
        "Selling And Marketing Expense": 59983000.0,
        "General And Administrative Expense": 30246000.0,
        "Other Gand A": 30246000.0,
        "Gross Profit": 87516000.0,
        "Cost Of Revenue": 45049000.0,
        "Total Revenue": 132565000.0,
        "Operating Revenue": 132565000.0
    },
    "2022-03-31": {
        "Diluted EPS": -0.86,
        "Total Revenue": 130,
        "Gross Profit": 81,
        "Operating Income": -65,
        "EBIT": -52,
        "Net Income": -65
    },
    "2021-12-31": {
        "Diluted EPS": -0.71,
        "Total Revenue": 124,
        "Gross Profit": 79,
        "Operating Income": -45,
        "EBIT": -25,
        "Net Income": -50
    },
    "2021-09-30": {
        "Diluted EPS": -0.47,
        "Total Revenue": 118,
        "Gross Profit": 80,
        "Operating Income": -21,
        "EBIT": -3,
        "Net Income": -33
    },
    "2021-06-30": {
        "Diluted EPS": -0.31,
        "Total Revenue": 120,
        "Gross Profit": 80,
        "Operating Income": -14,
        "EBIT": 4,
        "Net Income": -21
    },
    "2021-03-31": {
        "Diluted EPS": -0.31,
        "Total Revenue": 108,
        "Gross Profit": 74,
        "Operating Income": -14,
        "EBIT": 3,
        "Net Income": -21
    },
    "2020-12-31": {
        "Diluted EPS": -0.2,
        "Total Revenue": 102,
        "Gross Profit": 74,
        "Operating Income": -7,
        "EBIT": 5,
        "Net Income": -13
    },
    "2020-09-30": {
        "Diluted EPS": -0.58,
        "Total Revenue": 95,
        "Gross Profit": 67,
        "Operating Income": -35,
        "EBIT": -25,
        "Net Income": -39
    },
    "2020-06-30": {
        "Diluted EPS": -0.28,
        "Total Revenue": 92,
        "Gross Profit": 64,
        "Operating Income": -14,
        "EBIT": -5,
        "Net Income": -19
    },
    "2020-03-31": {
        "Diluted EPS": -0.57,
        "Total Revenue": 78,
        "Gross Profit": 55,
        "Operating Income": -33,
        "EBIT": -24,
        "Net Income": -37
    },
    "2019-12-31": {
        "Diluted EPS": -0.43,
        "Total Revenue": 79,
        "Gross Profit": 57,
        "Operating Income": -25,
        "EBIT": -17,
        "Net Income": -27
    },
    "2019-09-30": {
        "Diluted EPS": -0.41,
        "Total Revenue": 75,
        "Gross Profit": 55,
        "Operating Income": -23,
        "EBIT": -16,
        "Net Income": -26
    },
    "2019-06-30": {
        "Diluted EPS": -0.38,
        "Total Revenue": 71,
        "Gross Profit": 53,
        "Operating Income": -21,
        "EBIT": -14,
        "Net Income": -24
    },
    "2019-03-31": {
        "Diluted EPS": -0.31,
        "Total Revenue": 66,
        "Gross Profit": 48,
        "Operating Income": -18,
        "EBIT": -13,
        "Net Income": -19
    },
    "2018-12-31": {
        "Diluted EPS": -0.1,
        "Total Revenue": 66,
        "Gross Profit": 49,
        "Operating Income": -7,
        "EBIT": -3,
        "Net Income": -6
    },
    "2018-09-30": {
        "Diluted EPS": -0.12,
        "Total Revenue": 64,
        "Gross Profit": 49,
        "Operating Income": -5,
        "EBIT": -1,
        "Net Income": -7
    },
    "2018-06-30": {
        "Diluted EPS": -0.14,
        "Total Revenue": 62,
        "Gross Profit": 46,
        "Operating Income": -8,
        "EBIT": -4,
        "Net Income": -8
    },
    "2018-03-31": {
        "Diluted EPS": -0.06,
        "Total Revenue": 58,
        "Gross Profit": 44,
        "Operating Income": -4,
        "EBIT": 0,
        "Net Income": -3
    },
    "2017-12-31": {
        "Diluted EPS": -0.07,
        "Total Revenue": 57,
        "Gross Profit": 43,
        "Operating Income": -6,
        "EBIT": -2,
        "Net Income": -4
    },
    "2017-09-30": {
        "Diluted EPS": -0.02,
        "Total Revenue": 56,
        "Gross Profit": 42,
        "Operating Income": 0,
        "EBIT": 4,
        "Net Income": -1
    },
    "2017-06-30": {
        "Diluted EPS": -0.13,
        "Total Revenue": 54,
        "Gross Profit": 39,
        "Operating Income": -7,
        "EBIT": -2,
        "Net Income": -8
    },
    "2017-03-31": {
        "Diluted EPS": -0.1,
        "Total Revenue": 51,
        "Gross Profit": 37,
        "Operating Income": -5,
        "EBIT": -1,
        "Net Income": -6
    },
    "2016-12-31": {
        "Diluted EPS": -0.17,
        "Total Revenue": 56,
        "Gross Profit": 41,
        "Operating Income": -8,
        "EBIT": -4,
        "Net Income": -10
    },
    "2016-09-30": {
        "Diluted EPS": -0.1,
        "Total Revenue": 55,
        "Gross Profit": 40,
        "Operating Income": -3,
        "EBIT": 2,
        "Net Income": -6
    },
    "2016-06-30": {
        "Diluted EPS": -0.14,
        "Total Revenue": 57,
        "Gross Profit": 39,
        "Operating Income": -6,
        "EBIT": 0,
        "Net Income": -8
    },
    "2016-03-31": {
        "Diluted EPS": -0.05,
        "Total Revenue": 55,
        "Gross Profit": 40,
        "Operating Income": -3,
        "EBIT": 2,
        "Net Income": -3
    },
    "2015-12-31": {
        "Diluted EPS": -0.37,
        "Total Revenue": 59,
        "Gross Profit": 41,
        "Operating Income": -3,
        "EBIT": 3,
        "Net Income": -21
    },
    "2015-09-30": {
        "Diluted EPS": 0.03,
        "Total Revenue": 61,
        "Gross Profit": 43,
        "Operating Income": 2,
        "EBIT": 7,
        "Net Income": 2
    },
    "2015-06-30": {
        "Diluted EPS": -0.09,
        "Total Revenue": 59,
        "Gross Profit": 41,
        "Operating Income": -8,
        "EBIT": -3,
        "Net Income": -5
    },
    "2015-03-31": {
        "Diluted EPS": -0.04,
        "Total Revenue": 60,
        "Gross Profit": 44,
        "Operating Income": -2,
        "EBIT": 3,
        "Net Income": -2
    },
    "2014-12-31": {
        "Diluted EPS": -0.08,
        "Total Revenue": 58,
        "Gross Profit": 44,
        "Operating Income": -2,
        "EBIT": 2,
        "Net Income": -4
    },
    "2014-09-30": {
        "Diluted EPS": -0.02,
        "Total Revenue": 53,
        "Gross Profit": 39,
        "Operating Income": 0,
        "EBIT": 3,
        "Net Income": -1
    },
    "2014-06-30": {
        "Diluted EPS": -0.02,
        "Total Revenue": 51,
        "Gross Profit": 38,
        "Operating Income": -1,
        "EBIT": 2,
        "Net Income": -1
    },
    "2014-03-31": {
        "Diluted EPS": -0.01,
        "Total Revenue": 48,
        "Gross Profit": 36,
        "Operating Income": -1,
        "EBIT": 2,
        "Net Income": -1
    },
    "2013-12-31": {
        "Diluted EPS": -0.02,
        "Total Revenue": 47,
        "Gross Profit": 36,
        "Operating Income": -1,
        "EBIT": 3,
        "Net Income": -1
    },
    "2013-09-30": {
        "Diluted EPS": -0.01,
        "Total Revenue": 45,
        "Gross Profit": 35,
        "Operating Income": -1,
        "EBIT": 1,
        "Net Income": -1
    },
    "2013-06-30": {
        "Diluted EPS": -0.03,
        "Total Revenue": 43,
        "Gross Profit": 33,
        "Operating Income": -2,
        "EBIT": 0,
        "Net Income": -2
    },
    "2013-03-31": {
        "Diluted EPS": 0.0,
        "Total Revenue": 42,
        "Gross Profit": 32,
        "Operating Income": -1,
        "EBIT": 2,
        "Net Income": 0
    },
    "2012-12-31": {
        "Diluted EPS": 0.02,
        "Total Revenue": 42,
        "Gross Profit": 32,
        "Operating Income": 2,
        "EBIT": 5,
        "Net Income": 1
    },
    "2012-09-30": {
        "Diluted EPS": 0.03,
        "Total Revenue": 40,
        "Gross Profit": 31,
        "Operating Income": 3,
        "EBIT": 5,
        "Net Income": 2
    },
    "2012-06-30": {
        "Diluted EPS": 0.0,
        "Total Revenue": 39,
        "Gross Profit": 30,
        "Operating Income": 0,
        "EBIT": 2,
        "Net Income": 0
    },
    "2012-03-31": {
        "Diluted EPS": 0.06,
        "Total Revenue": 37,
        "Gross Profit": 29,
        "Operating Income": 5,
        "EBIT": 7,
        "Net Income": 3
    },
    "2011-12-31": {
        "Diluted EPS": 0.07,
        "Total Revenue": 37,
        "Gross Profit": 28,
        "Operating Income": 6,
        "EBIT": 8,
        "Net Income": 4
    },
    "2011-09-30": {
        "Diluted EPS": 0.05,
        "Total Revenue": 34,
        "Gross Profit": 26,
        "Operating Income": 5,
        "EBIT": 7,
        "Net Income": 3
    },
    "2011-06-30": {
        "Diluted EPS": 0.04,
        "Total Revenue": 32,
        "Gross Profit": 23,
        "Operating Income": 3,
        "EBIT": 5,
        "Net Income": 2
    },
    "2011-03-31": {
        "Diluted EPS": 0.06,
        "Total Revenue": 30,
        "Gross Profit": 22,
        "Operating Income": 5,
        "EBIT": 7,
        "Net Income": 3
    },
    "2010-12-31": {
        "Diluted EPS": 0.06,
        "Total Revenue": 30,
        "Gross Profit": 22,
        "Operating Income": 4,
        "EBIT": 6,
        "Net Income": 3
    },
    "2010-09-30": {
        "Diluted EPS": 0.05,
        "Total Revenue": 28,
        "Gross Profit": 21,
        "Operating Income": 4,
        "EBIT": 6,
        "Net Income": 3
    },
    "2010-06-30": {
        "Diluted EPS": 0.03,
        "Total Revenue": 26,
        "Gross Profit": 19,
        "Operating Income": 3,
        "EBIT": 4,
        "Net Income": 2
    },
    "2010-03-31": {
        "Diluted EPS": 0.04,
        "Total Revenue": 25,
        "Gross Profit": 19,
        "Operating Income": 4,
        "EBIT": 5,
        "Net Income": 2
    },
    "2009-12-31": {
        "Diluted EPS": 0.06,
        "Total Revenue": 25,
        "Gross Profit": 19,
        "Operating Income": 5,
        "EBIT": 6,
        "Net Income": 3
    },
    "2009-09-30": {
        "Diluted EPS": 0.05,
        "Total Revenue": 22,
        "Gross Profit": 17,
        "Operating Income": 4,
        "EBIT": 5,
        "Net Income": 2
    },
    "2009-06-30": {
        "Diluted EPS": 0.02,
        "Total Revenue": 21,
        "Gross Profit": 15,
        "Operating Income": 2,
        "EBIT": 3,
        "Net Income": 1
    },
    "2009-03-31": {
        "Diluted EPS": 0.03,
        "Total Revenue": 20,
        "Gross Profit": 16,
        "Operating Income": 3,
        "EBIT": 4,
        "Net Income": 1
    },
    "2023-06-30": {
        "Tax Effect Of Unusual Items": NaN,
        "Tax Rate For Calcs": NaN,
        "Normalized EBITDA": NaN,
        "Total Unusual Items": NaN,
        "Total Unusual Items Excluding Goodwill": NaN,
        "Net Income From Continuing Operation Net Minority Interest": NaN,
        "Reconciled Depreciation": NaN,
        "Reconciled Cost Of Revenue": NaN,
        "EBITDA": NaN,
        "EBIT": NaN,
        "Net Interest Income": NaN,
        "Interest Income": NaN,
        "Normalized Income": NaN,
        "Net Income From Continuing And Discontinued Operation": NaN,
        "Total Expenses": NaN,
        "Total Operating Income As Reported": NaN,
        "Diluted Average Shares": NaN,
        "Basic Average Shares": NaN,
        "Diluted EPS": NaN,
        "Basic EPS": NaN,
        "Diluted NI Availto Com Stockholders": NaN,
        "Average Dilution Earnings": 136000.0,
        "Net Income Common Stockholders": NaN,
        "Net Income": NaN,
        "Net Income Including Noncontrolling Interests": NaN,
        "Net Income Continuous Operations": NaN,
        "Tax Provision": NaN,
        "Pretax Income": NaN,
        "Other Income Expense": NaN,
        "Other Non Operating Income Expenses": NaN,
        "Special Income Charges": NaN,
        "Gain On Sale Of Business": NaN,
        "Other Special Charges": -1151000.0,
        "Impairment Of Capital Assets": NaN,
        "Restructuring And Mergern Acquisition": NaN,
        "Net Non Operating Interest Income Expense": NaN,
        "Total Other Finance Cost": NaN,
        "Interest Income Non Operating": NaN,
        "Operating Income": NaN,
        "Operating Expense": NaN,
        "Depreciation Amortization Depletion Income Statement": NaN,
        "Depreciation And Amortization In Income Statement": NaN,
        "Amortization": NaN,
        "Amortization Of Intangibles Income Statement": NaN,
        "Depreciation Income Statement": NaN,
        "Research And Development": NaN,
        "Selling General And Administration": NaN,
        "Selling And Marketing Expense": NaN,
        "General And Administrative Expense": NaN,
        "Other Gand A": NaN,
        "Salaries And Wages": NaN,
        "Gross Profit": NaN,
        "Cost Of Revenue": NaN,
        "Total Revenue": NaN,
        "Operating Revenue": NaN
    },
    "2023-09-30": {
        "Tax Effect Of Unusual Items": NaN,
        "Tax Rate For Calcs": NaN,
        "Normalized EBITDA": NaN,
        "Total Unusual Items": NaN,
        "Total Unusual Items Excluding Goodwill": NaN,
        "Net Income From Continuing Operation Net Minority Interest": NaN,
        "Reconciled Depreciation": NaN,
        "Reconciled Cost Of Revenue": NaN,
        "EBITDA": NaN,
        "EBIT": NaN,
        "Net Interest Income": NaN,
        "Interest Expense": NaN,
        "Interest Income": NaN,
        "Normalized Income": NaN,
        "Net Income From Continuing And Discontinued Operation": NaN,
        "Total Expenses": NaN,
        "Total Operating Income As Reported": NaN,
        "Diluted Average Shares": NaN,
        "Basic Average Shares": NaN,
        "Diluted EPS": NaN,
        "Basic EPS": NaN,
        "Diluted NI Availto Com Stockholders": NaN,
        "Average Dilution Earnings": NaN,
        "Net Income Common Stockholders": NaN,
        "Net Income": NaN,
        "Net Income Including Noncontrolling Interests": NaN,
        "Net Income Continuous Operations": NaN,
        "Tax Provision": NaN,
        "Pretax Income": NaN,
        "Other Income Expense": NaN,
        "Other Non Operating Income Expenses": NaN,
        "Special Income Charges": NaN,
        "Gain On Sale Of Business": NaN,
        "Other Special Charges": NaN,
        "Impairment Of Capital Assets": NaN,
        "Restructuring And Mergern Acquisition": NaN,
        "Net Non Operating Interest Income Expense": NaN,
        "Total Other Finance Cost": NaN,
        "Interest Expense Non Operating": NaN,
        "Interest Income Non Operating": NaN,
        "Operating Income": NaN,
        "Operating Expense": NaN,
        "Depreciation Amortization Depletion Income Statement": NaN,
        "Depreciation And Amortization In Income Statement": NaN,
        "Amortization": NaN,
        "Amortization Of Intangibles Income Statement": NaN,
        "Depreciation Income Statement": 882000.0,
        "Research And Development": NaN,
        "Selling General And Administration": NaN,
        "Selling And Marketing Expense": NaN,
        "General And Administrative Expense": NaN,
        "Other Gand A": NaN,
        "Salaries And Wages": 7906000.0,
        "Gross Profit": NaN,
        "Cost Of Revenue": NaN,
        "Total Revenue": NaN,
        "Operating Revenue": NaN
    },
    "2023-12-31": {
        "Tax Effect Of Unusual Items": NaN,
        "Tax Rate For Calcs": NaN,
        "Normalized EBITDA": NaN,
        "Total Unusual Items": NaN,
        "Total Unusual Items Excluding Goodwill": NaN,
        "Net Income From Continuing Operation Net Minority Interest": NaN,
        "Reconciled Depreciation": NaN,
        "Reconciled Cost Of Revenue": NaN,
        "EBITDA": NaN,
        "EBIT": NaN,
        "Net Interest Income": NaN,
        "Interest Expense": NaN,
        "Interest Income": NaN,
        "Normalized Income": NaN,
        "Net Income From Continuing And Discontinued Operation": NaN,
        "Total Expenses": NaN,
        "Total Operating Income As Reported": NaN,
        "Diluted Average Shares": NaN,
        "Basic Average Shares": NaN,
        "Diluted EPS": NaN,
        "Basic EPS": NaN,
        "Diluted NI Availto Com Stockholders": NaN,
        "Average Dilution Earnings": NaN,
        "Net Income Common Stockholders": NaN,
        "Net Income": NaN,
        "Net Income Including Noncontrolling Interests": NaN,
        "Net Income Continuous Operations": NaN,
        "Tax Provision": NaN,
        "Pretax Income": NaN,
        "Other Income Expense": NaN,
        "Other Non Operating Income Expenses": NaN,
        "Special Income Charges": NaN,
        "Gain On Sale Of Business": NaN,
        "Other Special Charges": NaN,
        "Impairment Of Capital Assets": NaN,
        "Restructuring And Mergern Acquisition": NaN,
        "Net Non Operating Interest Income Expense": NaN,
        "Total Other Finance Cost": NaN,
        "Interest Expense Non Operating": NaN,
        "Interest Income Non Operating": NaN,
        "Operating Income": NaN,
        "Operating Expense": NaN,
        "Depreciation Amortization Depletion Income Statement": NaN,
        "Depreciation And Amortization In Income Statement": NaN,
        "Amortization": 861000.0,
        "Amortization Of Intangibles Income Statement": 861000.0,
        "Depreciation Income Statement": 907000.0,
        "Research And Development": NaN,
        "Selling General And Administration": NaN,
        "Selling And Marketing Expense": NaN,
        "General And Administrative Expense": NaN,
        "Other Gand A": NaN,
        "Gross Profit": NaN,
        "Cost Of Revenue": NaN,
        "Total Revenue": NaN,
        "Operating Revenue": NaN
    },
    "2024-03-31": {
        "Tax Effect Of Unusual Items": NaN,
        "Tax Rate For Calcs": NaN,
        "Normalized EBITDA": NaN,
        "Total Unusual Items": NaN,
        "Total Unusual Items Excluding Goodwill": NaN,
        "Net Income From Continuing Operation Net Minority Interest": NaN,
        "Reconciled Depreciation": NaN,
        "Reconciled Cost Of Revenue": NaN,
        "EBITDA": NaN,
        "EBIT": NaN,
        "Net Interest Income": NaN,
        "Interest Expense": 91000.0,
        "Interest Income": 2033000.0,
        "Normalized Income": NaN,
        "Net Income From Continuing And Discontinued Operation": NaN,
        "Total Expenses": NaN,
        "Total Operating Income As Reported": NaN,
        "Diluted Average Shares": NaN,
        "Basic Average Shares": NaN,
        "Diluted EPS": NaN,
        "Basic EPS": NaN,
        "Diluted NI Availto Com Stockholders": NaN,
        "Average Dilution Earnings": NaN,
        "Net Income Common Stockholders": NaN,
        "Net Income": NaN,
        "Net Income Including Noncontrolling Interests": NaN,
        "Net Income Continuous Operations": NaN,
        "Tax Provision": NaN,
        "Pretax Income": NaN,
        "Other Income Expense": NaN,
        "Other Non Operating Income Expenses": NaN,
        "Special Income Charges": NaN,
        "Gain On Sale Of Business": 0.0,
        "Other Special Charges": NaN,
        "Impairment Of Capital Assets": NaN,
        "Restructuring And Mergern Acquisition": NaN,
        "Net Non Operating Interest Income Expense": NaN,
        "Total Other Finance Cost": NaN,
        "Interest Expense Non Operating": 91000.0,
        "Interest Income Non Operating": 2033000.0,
        "Operating Income": NaN,
        "Operating Expense": NaN,
        "Depreciation Amortization Depletion Income Statement": NaN,
        "Depreciation And Amortization In Income Statement": NaN,
        "Amortization": 891000.0,
        "Amortization Of Intangibles Income Statement": 891000.0,
        "Depreciation Income Statement": NaN,
        "Research And Development": NaN,
        "Selling General And Administration": NaN,
        "Selling And Marketing Expense": NaN,
        "General And Administrative Expense": NaN,
        "Other Gand A": NaN,
        "Gross Profit": NaN,
        "Cost Of Revenue": NaN,
        "Total Revenue": NaN,
        "Operating Revenue": NaN
    },
    "2024-06-30": {
        "Tax Effect Of Unusual Items": 1784131.69814,
        "Tax Rate For Calcs": 0.02922,
        "Normalized EBITDA": -4559000.0,
        "Total Unusual Items": 61059000.0,
        "Total Unusual Items Excluding Goodwill": 61059000.0,
        "Net Income From Continuing Operation Net Minority Interest": 41795000.0,
        "Reconciled Depreciation": 11396000.0,
        "Reconciled Cost Of Revenue": 16432000.0,
        "EBITDA": 56500000.0,
        "EBIT": 45104000.0,
        "Net Interest Income": -837000.0,
        "Interest Expense": 2051000.0,
        "Interest Income": 1214000.0,
        "Normalized Income": -17479868.30186,
        "Net Income From Continuing And Discontinued Operation": 41795000.0,
        "Total Expenses": 97650000.0,
        "Total Operating Income As Reported": -29799000.0,
        "Diluted Average Shares": 94978234.0,
        "Basic Average Shares": 88708514.0,
        "Diluted EPS": -0.33,
        "Basic EPS": 0.47,
        "Diluted NI Availto Com Stockholders": -31288000.0,
        "Average Dilution Earnings": -73083000.0,
        "Net Income Common Stockholders": 41795000.0,
        "Net Income": 41795000.0,
        "Net Income Including Noncontrolling Interests": 41795000.0,
        "Net Income Continuous Operations": 41795000.0,
        "Tax Provision": 1258000.0,
        "Pretax Income": 43053000.0,
        "Other Income Expense": 61665000.0,
        "Other Non Operating Income Expenses": 606000.0,
        "Special Income Charges": 61059000.0,
        "Gain On Sale Of Business": -558000.0,
        "Other Special Charges": -73083000.0,
        "Impairment Of Capital Assets": 8347000.0,
        "Restructuring And Mergern Acquisition": 3119000.0,
        "Net Non Operating Interest Income Expense": -837000.0,
        "Total Other Finance Cost": 837000.0,
        "Interest Expense Non Operating": 2051000.0,
        "Interest Income Non Operating": 1214000.0,
        "Operating Income": -17775000.0,
        "Operating Expense": 81218000.0,
        "Depreciation Amortization Depletion Income Statement": 11396000.0,
        "Depreciation And Amortization In Income Statement": 11396000.0,
        "Amortization": 674000.0,
        "Amortization Of Intangibles Income Statement": 674000.0,
        "Depreciation Income Statement": NaN,
        "Research And Development": 19674000.0,
        "Selling General And Administration": 50148000.0,
        "Selling And Marketing Expense": 25733000.0,
        "General And Administrative Expense": 24415000.0,
        "Other Gand A": 24415000.0,
        "Gross Profit": 63443000.0,
        "Cost Of Revenue": 16432000.0,
        "Total Revenue": 79875000.0,
        "Operating Revenue": 79875000.0
    },
    "2024-09-30": {
        "Tax Effect Of Unusual Items": -304080.0,
        "Tax Rate For Calcs": 0.21,
        "Normalized EBITDA": -2230000.0,
        "Total Unusual Items": -1448000.0,
        "Total Unusual Items Excluding Goodwill": -1448000.0,
        "Net Income From Continuing Operation Net Minority Interest": -28309000.0,
        "Reconciled Depreciation": 10912000.0,
        "Reconciled Cost Of Revenue": 14458000.0,
        "EBITDA": -3678000.0,
        "EBIT": -14590000.0,
        "Net Interest Income": -4147000.0,
        "Interest Expense": NaN,
        "Interest Income": NaN,
        "Normalized Income": -27165080.0,
        "Net Income From Continuing And Discontinued Operation": -28309000.0,
        "Total Expenses": 88834000.0,
        "Total Operating Income As Reported": -16038000.0,
        "Diluted Average Shares": 89515111.0,
        "Basic Average Shares": 89515111.0,
        "Diluted EPS": -0.32,
        "Basic EPS": -0.32,
        "Diluted NI Availto Com Stockholders": -28309000.0,
        "Average Dilution Earnings": NaN,
        "Net Income Common Stockholders": -28309000.0,
        "Net Income": -28309000.0,
        "Net Income Including Noncontrolling Interests": -28309000.0,
        "Net Income Continuous Operations": -28309000.0,
        "Tax Provision": 509000.0,
        "Pretax Income": -27800000.0,
        "Other Income Expense": -9063000.0,
        "Other Non Operating Income Expenses": -7615000.0,
        "Special Income Charges": -1448000.0,
        "Gain On Sale Of Business": 0.0,
        "Other Special Charges": NaN,
        "Impairment Of Capital Assets": 0.0,
        "Restructuring And Mergern Acquisition": 1448000.0,
        "Net Non Operating Interest Income Expense": -4147000.0,
        "Total Other Finance Cost": 4147000.0,
        "Interest Expense Non Operating": NaN,
        "Interest Income Non Operating": NaN,
        "Operating Income": -14590000.0,
        "Operating Expense": 64287000.0,
        "Depreciation Amortization Depletion Income Statement": 823000.0,
        "Depreciation And Amortization In Income Statement": 823000.0,
        "Amortization": 823000.0,
        "Amortization Of Intangibles Income Statement": 823000.0,
        "Depreciation Income Statement": NaN,
        "Research And Development": 22922000.0,
        "Selling General And Administration": 40542000.0,
        "Selling And Marketing Expense": 22845000.0,
        "General And Administrative Expense": 17697000.0,
        "Other Gand A": 17697000.0,
        "Gross Profit": 49697000.0,
        "Cost Of Revenue": 24547000.0,
        "Total Revenue": 74244000.0,
        "Operating Revenue": 74244000.0
    },
    "2024-12-31": {
        "Tax Effect Of Unusual Items": -20263110.0,
        "Tax Rate For Calcs": 0.21,
        "Normalized EBITDA": 44427000.0,
        "Total Unusual Items": -96491000.0,
        "Total Unusual Items Excluding Goodwill": -96491000.0,
        "Net Income From Continuing Operation Net Minority Interest": -112128000.0,
        "Reconciled Depreciation": 7522000.0,
        "Reconciled Cost Of Revenue": 11017000.0,
        "EBITDA": -52064000.0,
        "EBIT": -59586000.0,
        "Net Interest Income": -4974000.0,
        "Interest Expense": NaN,
        "Interest Income": NaN,
        "Normalized Income": -35900110.0,
        "Net Income From Continuing And Discontinued Operation": -112128000.0,
        "Total Expenses": 77709000.0,
        "Total Operating Income As Reported": -100994000.0,
        "Diluted Average Shares": 88541522.0,
        "Basic Average Shares": 88541522.0,
        "Diluted EPS": -1.27,
        "Basic EPS": -1.27,
        "Diluted NI Availto Com Stockholders": -112128000.0,
        "Average Dilution Earnings": NaN,
        "Net Income Common Stockholders": -112128000.0,
        "Net Income": -112128000.0,
        "Net Income Including Noncontrolling Interests": -112128000.0,
        "Net Income Continuous Operations": -112128000.0,
        "Tax Provision": 606000.0,
        "Pretax Income": -111522000.0,
        "Other Income Expense": -102045000.0,
        "Other Non Operating Income Expenses": -5554000.0,
        "Special Income Charges": -96491000.0,
        "Gain On Sale Of Business": 0.0,
        "Other Special Charges": 0.0,
        "Impairment Of Capital Assets": 93228000.0,
        "Restructuring And Mergern Acquisition": 3263000.0,
        "Net Non Operating Interest Income Expense": -4974000.0,
        "Total Other Finance Cost": -1546000.0,
        "Interest Expense Non Operating": NaN,
        "Interest Income Non Operating": NaN,
        "Operating Income": -4503000.0,
        "Operating Expense": 59527000.0,
        "Depreciation Amortization Depletion Income Statement": 357000.0,
        "Depreciation And Amortization In Income Statement": 357000.0,
        "Amortization": 357000.0,
        "Amortization Of Intangibles Income Statement": 357000.0,
        "Depreciation Income Statement": NaN,
        "Research And Development": 22032000.0,
        "Selling General And Administration": 37138000.0,
        "Selling And Marketing Expense": 21027000.0,
        "General And Administrative Expense": 16111000.0,
        "Other Gand A": 16111000.0,
        "Gross Profit": 55024000.0,
        "Cost Of Revenue": 18182000.0,
        "Total Revenue": 73206000.0,
        "Operating Revenue": 73206000.0
    },
    "2025-03-31": {
        "Tax Effect Of Unusual Items": -31097.181931,
        "Tax Rate For Calcs": 0.023829,
        "Normalized EBITDA": -508000.0,
        "Total Unusual Items": -1305000.0,
        "Total Unusual Items Excluding Goodwill": -1305000.0,
        "Net Income From Continuing Operation Net Minority Interest": -14133000.0,
        "Reconciled Depreciation": 5818000.0,
        "Reconciled Cost Of Revenue": 18218000.0,
        "EBITDA": -1813000.0,
        "EBIT": -7631000.0,
        "Net Interest Income": -6021000.0,
        "Interest Expense": 6847000.0,
        "Interest Income": 1457000.0,
        "Normalized Income": -12859097.181931,
        "Net Income From Continuing And Discontinued Operation": -14133000.0,
        "Total Expenses": 80339000.0,
        "Total Operating Income As Reported": -16944000.0,
        "Diluted Average Shares": 95304938.0,
        "Basic Average Shares": 91570933.0,
        "Diluted EPS": -0.24,
        "Basic EPS": -0.15,
        "Diluted NI Availto Com Stockholders": -14133000.0,
        "Average Dilution Earnings": NaN,
        "Net Income Common Stockholders": -14133000.0,
        "Net Income": -14133000.0,
        "Net Income Including Noncontrolling Interests": -14133000.0,
        "Net Income Continuous Operations": -14133000.0,
        "Tax Provision": -345000.0,
        "Pretax Income": -14478000.0,
        "Other Income Expense": 7182000.0,
        "Other Non Operating Income Expenses": 8487000.0,
        "Special Income Charges": -1305000.0,
        "Gain On Sale Of Business": NaN,
        "Other Special Charges": NaN,
        "Impairment Of Capital Assets": 0.0,
        "Restructuring And Mergern Acquisition": 1305000.0,
        "Net Non Operating Interest Income Expense": -6021000.0,
        "Total Other Finance Cost": 631000.0,
        "Interest Expense Non Operating": 6847000.0,
        "Interest Income Non Operating": 1457000.0,
        "Operating Income": -15639000.0,
        "Operating Expense": 62121000.0,
        "Depreciation Amortization Depletion Income Statement": 5818000.0,
        "Depreciation And Amortization In Income Statement": 5818000.0,
        "Amortization": NaN,
        "Amortization Of Intangibles Income Statement": NaN,
        "Depreciation Income Statement": NaN,
        "Research And Development": 16034000.0,
        "Selling General And Administration": 40269000.0,
        "Selling And Marketing Expense": 23485000.0,
        "General And Administrative Expense": 16784000.0,
        "Other Gand A": 16784000.0,
        "Gross Profit": 46482000.0,
        "Cost Of Revenue": 18218000.0,
        "Total Revenue": 64700000.0,
        "Operating Revenue": 64700000.0
    },
    "2025-06-30": {
        "Tax Effect Of Unusual Items": -117810.0,
        "Tax Rate For Calcs": 0.21,
        "Normalized EBITDA": -1797000.0,
        "Total Unusual Items": -561000.0,
        "Total Unusual Items Excluding Goodwill": -561000.0,
        "Net Income From Continuing Operation Net Minority Interest": -15710000.0,
        "Reconciled Depreciation": 5758000.0,
        "Reconciled Cost Of Revenue": 18038000.0,
        "EBITDA": -2358000.0,
        "EBIT": -8116000.0,
        "Net Interest Income": -6373000.0,
        "Interest Expense": 7210000.0,
        "Interest Income": 1493000.0,
        "Normalized Income": -15266810.0,
        "Net Income From Continuing And Discontinued Operation": -15710000.0,
        "Total Expenses": 65472000.0,
        "Total Operating Income As Reported": -6433000.0,
        "Diluted Average Shares": 94148335.0,
        "Basic Average Shares": 94148335.0,
        "Diluted EPS": -0.17,
        "Basic EPS": -0.17,
        "Diluted NI Availto Com Stockholders": -15710000.0,
        "Average Dilution Earnings": 0.0,
        "Net Income Common Stockholders": -15710000.0,
        "Net Income": -15710000.0,
        "Net Income Including Noncontrolling Interests": -15710000.0,
        "Net Income Continuous Operations": -15710000.0,
        "Tax Provision": 384000.0,
        "Pretax Income": -15326000.0,
        "Other Income Expense": -3081000.0,
        "Other Non Operating Income Expenses": -2520000.0,
        "Special Income Charges": -561000.0,
        "Gain On Sale Of Business": 0.0,
        "Other Special Charges": NaN,
        "Impairment Of Capital Assets": 0.0,
        "Restructuring And Mergern Acquisition": 561000.0,
        "Net Non Operating Interest Income Expense": -6373000.0,
        "Total Other Finance Cost": 656000.0,
        "Interest Expense Non Operating": 7210000.0,
        "Interest Income Non Operating": 1493000.0,
        "Operating Income": -5872000.0,
        "Operating Expense": 47434000.0,
        "Depreciation Amortization Depletion Income Statement": 5758000.0,
        "Depreciation And Amortization In Income Statement": 5758000.0,
        "Amortization": NaN,
        "Amortization Of Intangibles Income Statement": NaN,
        "Depreciation Income Statement": NaN,
        "Research And Development": 13843000.0,
        "Selling General And Administration": 27833000.0,
        "Selling And Marketing Expense": 19888000.0,
        "General And Administrative Expense": 7945000.0,
        "Other Gand A": 7945000.0,
        "Gross Profit": 41562000.0,
        "Cost Of Revenue": 18038000.0,
        "Total Revenue": 59600000.0,
        "Operating Revenue": 59600000.0
    }
}