{
    "2023-06-30": {
        "Tax Effect Of Unusual Items": NaN,
        "Tax Rate For Calcs": NaN,
        "Normalized EBITDA": NaN,
        "Total Unusual Items": NaN,
        "Total Unusual Items Excluding Goodwill": NaN,
        "Net Income From Continuing Operation Net Minority Interest": NaN,
        "Reconciled Depreciation": NaN,
        "Reconciled Cost Of Revenue": NaN,
        "EBITDA": NaN,
        "EBIT": NaN,
        "Net Interest Income": NaN,
        "Interest Expense": NaN,
        "Interest Income": NaN,
        "Normalized Income": NaN,
        "Net Income From Continuing And Discontinued Operation": NaN,
        "Total Expenses": NaN,
        "Total Operating Income As Reported": NaN,
        "Diluted Average Shares": 134392000.0,
        "Basic Average Shares": 134052000.0,
        "Diluted EPS": 5.97,
        "Basic EPS": 5.99,
        "Diluted NI Availto Com Stockholders": NaN,
        "Net Income Common Stockholders": NaN,
        "Net Income": NaN,
        "Net Income Including Noncontrolling Interests": NaN,
        "Net Income Continuous Operations": NaN,
        "Tax Provision": NaN,
        "Pretax Income": NaN,
        "Other Income Expense": NaN,
        "Other Non Operating Income Expenses": NaN,
        "Special Income Charges": NaN,
        "Restructuring And Mergern Acquisition": NaN,
        "Gain On Sale Of Security": NaN,
        "Net Non Operating Interest Income Expense": NaN,
        "Interest Expense Non Operating": NaN,
        "Interest Income Non Operating": NaN,
        "Operating Income": NaN,
        "Operating Expense": NaN,
        "Research And Development": NaN,
        "Selling General And Administration": NaN,
        "Gross Profit": NaN,
        "Cost Of Revenue": NaN,
        "Total Revenue": NaN,
        "Operating Revenue": NaN
    },
    "2023-03-31": {
        "Tax Effect Of Unusual Items": NaN,
        "Tax Rate For Calcs": NaN,
        "Normalized EBITDA": NaN,
        "Total Unusual Items": NaN,
        "Total Unusual Items Excluding Goodwill": NaN,
        "Net Income From Continuing Operation Net Minority Interest": NaN,
        "Reconciled Depreciation": NaN,
        "Reconciled Cost Of Revenue": NaN,
        "EBITDA": NaN,
        "EBIT": NaN,
        "Net Interest Income": NaN,
        "Interest Expense": NaN,
        "Interest Income": NaN,
        "Normalized Income": NaN,
        "Net Income From Continuing And Discontinued Operation": NaN,
        "Total Expenses": NaN,
        "Total Operating Income As Reported": NaN,
        "Diluted Average Shares": 135395000.0,
        "Basic Average Shares": 134924000.0,
        "Diluted EPS": 6.01,
        "Basic EPS": 6.03,
        "Diluted NI Availto Com Stockholders": NaN,
        "Net Income Common Stockholders": NaN,
        "Net Income": NaN,
        "Net Income Including Noncontrolling Interests": NaN,
        "Net Income Continuous Operations": NaN,
        "Tax Provision": NaN,
        "Pretax Income": NaN,
        "Other Income Expense": NaN,
        "Other Non Operating Income Expenses": NaN,
        "Special Income Charges": NaN,
        "Restructuring And Mergern Acquisition": NaN,
        "Gain On Sale Of Security": NaN,
        "Net Non Operating Interest Income Expense": NaN,
        "Interest Expense Non Operating": NaN,
        "Interest Income Non Operating": NaN,
        "Operating Income": NaN,
        "Operating Expense": NaN,
        "Research And Development": NaN,
        "Selling General And Administration": NaN,
        "Gross Profit": NaN,
        "Cost Of Revenue": NaN,
        "Total Revenue": NaN,
        "Operating Revenue": NaN
    },
    "2022-12-31": {
        "Tax Effect Of Unusual Items": -1122654.0,
        "Tax Rate For Calcs": 0.111,
        "Normalized EBITDA": 1794117000.0,
        "Total Unusual Items": -10114000.0,
        "Total Unusual Items Excluding Goodwill": -10114000.0,
        "Net Income From Continuing Operation Net Minority Interest": 1468507000.0,
        "Reconciled Depreciation": 85414000.0,
        "Reconciled Cost Of Revenue": 2901220000.0,
        "EBITDA": 1784003000.0,
        "EBIT": 1698589000.0,
        "Net Interest Income": -20536000.0,
        "Interest Expense": 46661000.0,
        "Interest Income": 26125000.0,
        "Normalized Income": 1477498346.0,
        "Net Income From Continuing And Discontinued Operation": 1468507000.0,
        "Total Expenses": 3597407000.0,
        "Total Operating Income As Reported": 1680162000.0,
        "Diluted Average Shares": 136339000.0,
        "Basic Average Shares": 136018000.0,
        "Diluted EPS": 10.77,
        "Basic EPS": 10.8,
        "Diluted NI Availto Com Stockholders": 1468507000.0,
        "Net Income Common Stockholders": 1468507000.0,
        "Net Income": 1468507000.0,
        "Net Income Including Noncontrolling Interests": 1468507000.0,
        "Net Income Continuous Operations": 1468507000.0,
        "Tax Provision": 183421000.0,
        "Pretax Income": 1651928000.0,
        "Other Income Expense": -7698000.0,
        "Other Non Operating Income Expenses": 2416000.0,
        "Special Income Charges": 0.0,
        "Restructuring And Mergern Acquisition": 0.0,
        "Gain On Sale Of Security": -10114000.0,
        "Net Non Operating Interest Income Expense": -20536000.0,
        "Interest Expense Non Operating": 46661000.0,
        "Interest Income Non Operating": 26125000.0,
        "Operating Income": 1680162000.0,
        "Operating Expense": 696187000.0,
        "Research And Development": 462385000.0,
        "Selling General And Administration": 233802000.0,
        "Gross Profit": 2376349000.0,
        "Cost Of Revenue": 2901220000.0,
        "Total Revenue": 5277569000.0,
        "Operating Revenue": 5277569000.0
    },
    "2022-09-30": {
        "Tax Effect Of Unusual Items": 0.0,
        "Tax Rate For Calcs": 0.138309,
        "Normalized EBITDA": 1773591000.0,
        "Total Unusual Items": 6821000.0,
        "Total Unusual Items Excluding Goodwill": 6821000.0,
        "Net Income From Continuing Operation Net Minority Interest": 1425879000.0,
        "Reconciled Depreciation": 75751000.0,
        "Reconciled Cost Of Revenue": 2737286000.0,
        "EBITDA": 1773591000.0,
        "EBIT": 1697840000.0,
        "Net Interest Income": -30996000.0,
        "Interest Expense": 46052000.0,
        "Interest Income": 15056000.0,
        "Normalized Income": 1425879000.0,
        "Net Income From Continuing And Discontinued Operation": 1425879000.0,
        "Total Expenses": 3376281000.0,
        "Total Operating Income As Reported": 1697840000.0,
        "Diluted Average Shares": 137208000.0,
        "Basic Average Shares": 136891000.0,
        "Diluted EPS": 10.39,
        "Basic EPS": 10.42,
        "Diluted NI Availto Com Stockholders": 1425879000.0,
        "Net Income Common Stockholders": 1425879000.0,
        "Net Income": 1425879000.0,
        "Net Income Including Noncontrolling Interests": 1425879000.0,
        "Net Income Continuous Operations": 1425879000.0,
        "Tax Provision": 228866000.0,
        "Pretax Income": 1654745000.0,
        "Other Income Expense": -43095000.0,
        "Other Non Operating Income Expenses": -43095000.0,
        "Special Income Charges": NaN,
        "Restructuring And Mergern Acquisition": NaN,
        "Gain On Sale Of Security": 6821000.0,
        "Net Non Operating Interest Income Expense": -30996000.0,
        "Interest Expense Non Operating": 46052000.0,
        "Interest Income Non Operating": 15056000.0,
        "Operating Income": 1697840000.0,
        "Operating Expense": 638995000.0,
        "Research And Development": 433375000.0,
        "Selling General And Administration": 205620000.0,
        "Gross Profit": 2336835000.0,
        "Cost Of Revenue": 2737286000.0,
        "Total Revenue": 5074121000.0,
        "Operating Revenue": 5074121000.0
    },
    "2022-06-30": {
        "Tax Effect Of Unusual Items": 0.0,
        "Tax Rate For Calcs": 0.110362,
        "Normalized EBITDA": 1567285000.0,
        "Total Unusual Items": -2380000.0,
        "Total Unusual Items Excluding Goodwill": -2380000.0,
        "Net Income From Continuing Operation Net Minority Interest": 1208934000.0,
        "Reconciled Depreciation": 87932000.0,
        "Reconciled Cost Of Revenue": 2535042000.0,
        "EBITDA": 1567285000.0,
        "EBIT": 1479353000.0,
        "Net Interest Income": -40007000.0,
        "Interest Expense": 46228000.0,
        "Interest Income": 6221000.0,
        "Normalized Income": 1208934000.0,
        "Net Income From Continuing And Discontinued Operation": 1208934000.0,
        "Total Expenses": 3156201000.0,
        "Total Operating Income As Reported": 1479353000.0,
        "Diluted Average Shares": 138312000.0,
        "Basic Average Shares": 137994000.0,
        "Diluted EPS": 8.74,
        "Basic EPS": 8.76,
        "Diluted NI Availto Com Stockholders": 1208934000.0,
        "Net Income Common Stockholders": 1208934000.0,
        "Net Income": 1208934000.0,
        "Net Income Including Noncontrolling Interests": 1208934000.0,
        "Net Income Continuous Operations": 1208934000.0,
        "Tax Provision": 149971000.0,
        "Pretax Income": 1358905000.0,
        "Other Income Expense": -120448000.0,
        "Other Non Operating Income Expenses": -120448000.0,
        "Special Income Charges": NaN,
        "Restructuring And Mergern Acquisition": NaN,
        "Gain On Sale Of Security": -2380000.0,
        "Net Non Operating Interest Income Expense": -40007000.0,
        "Interest Expense Non Operating": 46228000.0,
        "Interest Income Non Operating": 6221000.0,
        "Operating Income": 1479353000.0,
        "Operating Expense": 621159000.0,
        "Research And Development": 411157000.0,
        "Selling General And Administration": 210002000.0,
        "Gross Profit": 2100512000.0,
        "Cost Of Revenue": 2535042000.0,
        "Total Revenue": 4635554000.0,
        "Operating Revenue": 4635554000.0
    },
    "2022-03-31": {
        "Diluted EPS": 7.3,
        "Total Revenue": NaN,
        "Gross Profit": NaN,
        "Operating Income": NaN,
        "EBIT": NaN,
        "Net Income": NaN
    },
    "2021-12-31": {
        "Diluted EPS": 8.44,
        "Total Revenue": NaN,
        "Gross Profit": NaN,
        "Operating Income": NaN,
        "EBIT": NaN,
        "Net Income": NaN
    },
    "2021-09-30": {
        "Diluted EPS": 8.27,
        "Total Revenue": NaN,
        "Gross Profit": NaN,
        "Operating Income": NaN,
        "EBIT": NaN,
        "Net Income": NaN
    },
    "2021-06-30": {
        "Diluted EPS": 7.94,
        "Total Revenue": NaN,
        "Gross Profit": NaN,
        "Operating Income": NaN,
        "EBIT": NaN,
        "Net Income": NaN
    },
    "2021-03-31": {
        "Diluted EPS": 7.41,
        "Total Revenue": NaN,
        "Gross Profit": NaN,
        "Operating Income": NaN,
        "EBIT": NaN,
        "Net Income": NaN
    },
    "2020-12-31": {
        "Diluted EPS": 5.96,
        "Total Revenue": NaN,
        "Gross Profit": NaN,
        "Operating Income": NaN,
        "EBIT": NaN,
        "Net Income": 869
    },
    "2020-09-30": {
        "Diluted EPS": 5.59,
        "Total Revenue": NaN,
        "Gross Profit": NaN,
        "Operating Income": 961,
        "EBIT": NaN,
        "Net Income": 823
    },
    "2020-06-30": {
        "Diluted EPS": 4.7,
        "Total Revenue": NaN,
        "Gross Profit": NaN,
        "Operating Income": 756,
        "EBIT": 822,
        "Net Income": 697
    },
    "2020-03-31": {
        "Diluted EPS": 3.88,
        "Total Revenue": NaN,
        "Gross Profit": NaN,
        "Operating Income": 694,
        "EBIT": 763,
        "Net Income": 575
    },
    "2019-12-31": {
        "Diluted EPS": 3.43,
        "Total Revenue": NaN,
        "Gross Profit": NaN,
        "Operating Income": 687,
        "EBIT": 754,
        "Net Income": 515
    },
    "2019-09-30": {
        "Diluted EPS": 3.09,
        "Total Revenue": NaN,
        "Gross Profit": 982,
        "Operating Income": 537,
        "EBIT": 604,
        "Net Income": 466
    },
    "2019-06-30": {
        "Diluted EPS": 3.49,
        "Total Revenue": NaN,
        "Gross Profit": NaN,
        "Operating Income": 617,
        "EBIT": 677,
        "Net Income": 542
    },
    "2019-03-31": {
        "Diluted EPS": 3.47,
        "Total Revenue": NaN,
        "Gross Profit": NaN,
        "Operating Income": 566,
        "EBIT": 651,
        "Net Income": 547
    },
    "2018-12-31": {
        "Diluted EPS": 3.51,
        "Total Revenue": NaN,
        "Gross Profit": NaN,
        "Operating Income": 690,
        "EBIT": 773,
        "Net Income": 569
    },
    "2018-09-30": {
        "Diluted EPS": 3.23,
        "Total Revenue": NaN,
        "Gross Profit": NaN,
        "Operating Income": 592,
        "EBIT": 673,
        "Net Income": 533
    },
    "2018-06-30": {
        "Diluted EPS": 5.69,
        "Total Revenue": NaN,
        "Gross Profit": NaN,
        "Operating Income": 955,
        "EBIT": NaN,
        "Net Income": NaN
    },
    "2018-03-31": {
        "Diluted EPS": 4.33,
        "Total Revenue": NaN,
        "Gross Profit": NaN,
        "Operating Income": 828,
        "EBIT": 914,
        "Net Income": 779
    },
    "2017-12-31": {
        "Diluted EPS": -0.06,
        "Total Revenue": NaN,
        "Gross Profit": NaN,
        "Operating Income": 737,
        "EBIT": 822,
        "Net Income": -10
    },
    "2017-09-30": {
        "Diluted EPS": 3.21,
        "Total Revenue": NaN,
        "Gross Profit": NaN,
        "Operating Income": 693,
        "EBIT": 777,
        "Net Income": 591
    },
    "2017-06-30": {
        "Diluted EPS": 2.86,
        "Total Revenue": NaN,
        "Gross Profit": NaN,
        "Operating Income": 608,
        "EBIT": 693,
        "Net Income": 526
    },
    "2017-03-31": {
        "Diluted EPS": 3.1,
        "Total Revenue": NaN,
        "Gross Profit": 971,
        "Operating Income": 538,
        "EBIT": 621,
        "Net Income": 575
    },
    "2016-12-31": {
        "Diluted EPS": 1.81,
        "Total Revenue": NaN,
        "Gross Profit": 847,
        "Operating Income": 440,
        "EBIT": 523,
        "Net Income": 333
    },
    "2016-09-30": {
        "Diluted EPS": 1.47,
        "Total Revenue": NaN,
        "Gross Profit": 716,
        "Operating Income": 316,
        "EBIT": 397,
        "Net Income": 264
    },
    "2016-06-30": {
        "Diluted EPS": 1.46,
        "Total Revenue": NaN,
        "Gross Profit": 699,
        "Operating Income": 309,
        "EBIT": 399,
        "Net Income": 259
    },
    "2016-03-31": {
        "Diluted EPS": 0.82,
        "Total Revenue": NaN,
        "Gross Profit": 571,
        "Operating Income": 191,
        "EBIT": 287,
        "Net Income": 143
    },
    "2015-12-31": {
        "Diluted EPS": 1.28,
        "Total Revenue": NaN,
        "Gross Profit": 627,
        "Operating Income": 239,
        "EBIT": 334,
        "Net Income": 223
    },
    "2015-09-30": {
        "Diluted EPS": 1.66,
        "Total Revenue": NaN,
        "Gross Profit": 722,
        "Operating Income": 335,
        "EBIT": 416,
        "Net Income": 289
    },
    "2015-06-30": {
        "Diluted EPS": 0.74,
        "Total Revenue": NaN,
        "Gross Profit": 642,
        "Operating Income": 191,
        "EBIT": 351,
        "Net Income": 131
    },
    "2015-03-31": {
        "Diluted EPS": 1.16,
        "Total Revenue": NaN,
        "Gross Profit": 601,
        "Operating Income": 240,
        "EBIT": 320,
        "Net Income": 206
    },
    "2014-12-31": {
        "Diluted EPS": 1.0,
        "Total Revenue": NaN,
        "Gross Profit": 537,
        "Operating Income": 189,
        "EBIT": 269,
        "Net Income": 177
    },
    "2014-09-30": {
        "Diluted EPS": 0.8,
        "Total Revenue": NaN,
        "Gross Profit": 506,
        "Operating Income": 168,
        "EBIT": 244,
        "Net Income": 141
    },
    "2014-06-30": {
        "Diluted EPS": 1.29,
        "Total Revenue": NaN,
        "Gross Profit": 557,
        "Operating Income": 216,
        "EBIT": 298,
        "Net Income": 233
    },
    "2014-03-31": {
        "Diluted EPS": 0.96,
        "Total Revenue": NaN,
        "Gross Profit": 531,
        "Operating Income": 192,
        "EBIT": 274,
        "Net Income": 164
    },
    "2013-12-31": {
        "Diluted EPS": 0.87,
        "Total Revenue": NaN,
        "Gross Profit": 488,
        "Operating Income": 164,
        "EBIT": 246,
        "Net Income": 149
    },
    "2013-09-30": {
        "Diluted EPS": 0.5,
        "Total Revenue": NaN,
        "Gross Profit": 432,
        "Operating Income": 105,
        "EBIT": 188,
        "Net Income": 86
    },
    "2013-06-30": {
        "Diluted EPS": 0.49,
        "Total Revenue": 986,
        "Gross Profit": 414,
        "Operating Income": 86,
        "EBIT": 173,
        "Net Income": 86
    },
    "2013-03-31": {
        "Diluted EPS": 0.11,
        "Total Revenue": 845,
        "Gross Profit": 340,
        "Operating Income": 11,
        "EBIT": 94,
        "Net Income": 19
    },
    "2012-12-31": {
        "Diluted EPS": 0.04,
        "Total Revenue": 861,
        "Gross Profit": 315,
        "Operating Income": 4,
        "EBIT": 90,
        "Net Income": 6
    },
    "2012-09-30": {
        "Diluted EPS": 0.02,
        "Total Revenue": 907,
        "Gross Profit": 334,
        "Operating Income": 17,
        "EBIT": 99,
        "Net Income": 3
    },
    "2012-06-30": {
        "Diluted EPS": 0.12,
        "Total Revenue": 742,
        "Gross Profit": 298,
        "Operating Income": 33,
        "EBIT": 74,
        "Net Income": 18
    },
    "2012-03-31": {
        "Diluted EPS": 0.38,
        "Total Revenue": 659,
        "Gross Profit": 267,
        "Operating Income": 58,
        "EBIT": 87,
        "Net Income": 46
    },
    "2011-12-31": {
        "Diluted EPS": 0.27,
        "Total Revenue": 584,
        "Gross Profit": 235,
        "Operating Income": 48,
        "EBIT": 77,
        "Net Income": 33
    },
    "2011-09-30": {
        "Diluted EPS": 0.58,
        "Total Revenue": 680,
        "Gross Profit": 284,
        "Operating Income": 99,
        "EBIT": 127,
        "Net Income": 72
    },
    "2011-06-30": {
        "Diluted EPS": 1.01,
        "Total Revenue": 752,
        "Gross Profit": 338,
        "Operating Income": 142,
        "EBIT": 166,
        "Net Income": 126
    },
    "2011-03-31": {
        "Diluted EPS": 1.45,
        "Total Revenue": 809,
        "Gross Profit": 374,
        "Operating Income": 197,
        "EBIT": 215,
        "Net Income": 182
    },
    "2010-12-31": {
        "Diluted EPS": 1.78,
        "Total Revenue": 871,
        "Gross Profit": 407,
        "Operating Income": 241,
        "EBIT": 260,
        "Net Income": 222
    },
    "2010-09-30": {
        "Diluted EPS": 1.55,
        "Total Revenue": 806,
        "Gross Profit": 377,
        "Operating Income": 224,
        "EBIT": 242,
        "Net Income": 194
    },
    "2010-06-30": {
        "Diluted EPS": 1.1,
        "Total Revenue": 695,
        "Gross Profit": 321,
        "Operating Income": 156,
        "EBIT": 173,
        "Net Income": 140
    },
    "2010-03-31": {
        "Diluted EPS": 0.94,
        "Total Revenue": 633,
        "Gross Profit": 293,
        "Operating Income": 149,
        "EBIT": 167,
        "Net Income": 120
    },
    "2009-12-31": {
        "Diluted EPS": 0.54,
        "Total Revenue": 487,
        "Gross Profit": 221,
        "Operating Income": 91,
        "EBIT": 110,
        "Net Income": 70
    },
    "2009-09-30": {
        "Diluted EPS": 0.13,
        "Total Revenue": 319,
        "Gross Profit": 134,
        "Operating Income": 29,
        "EBIT": 47,
        "Net Income": 17
    },
    "2009-06-30": {
        "Diluted EPS": -0.71,
        "Total Revenue": 218,
        "Gross Profit": 68,
        "Operating Income": -65,
        "EBIT": -40,
        "Net Income": -88
    },
    "2009-03-31": {
        "Diluted EPS": -1.58,
        "Total Revenue": 174,
        "Gross Profit": 37,
        "Operating Income": -195,
        "EBIT": -86,
        "Net Income": -198
    },
    "2023-09-30": {
        "Tax Effect Of Unusual Items": -493155.0,
        "Tax Rate For Calcs": 0.135,
        "Normalized EBITDA": 1165093000.0,
        "Total Unusual Items": -3653000.0,
        "Total Unusual Items Excluding Goodwill": -3653000.0,
        "Net Income From Continuing Operation Net Minority Interest": 887398000.0,
        "Reconciled Depreciation": 90479000.0,
        "Reconciled Cost Of Revenue": 1827360000.0,
        "EBITDA": 1161440000.0,
        "EBIT": 1070961000.0,
        "Net Interest Income": 11233000.0,
        "Interest Expense": 45331000.0,
        "Interest Income": 56564000.0,
        "Normalized Income": 890557845.0,
        "Net Income From Continuing And Discontinued Operation": 887398000.0,
        "Total Expenses": 2457012000.0,
        "Total Operating Income As Reported": 1023029000.0,
        "Diluted Average Shares": 1331664000.0,
        "Basic Average Shares": 1325840000.0,
        "Diluted EPS": 0.67,
        "Basic EPS": 0.67,
        "Diluted NI Availto Com Stockholders": 887398000.0,
        "Net Income Common Stockholders": 887398000.0,
        "Net Income": 887398000.0,
        "Net Income Including Noncontrolling Interests": 887398000.0,
        "Net Income Continuous Operations": 887398000.0,
        "Tax Provision": 138232000.0,
        "Pretax Income": 1025630000.0,
        "Other Income Expense": -10653000.0,
        "Other Non Operating Income Expenses": -7000000.0,
        "Special Income Charges": -2021000.0,
        "Restructuring And Mergern Acquisition": 2021000.0,
        "Gain On Sale Of Security": -1632000.0,
        "Net Non Operating Interest Income Expense": 11233000.0,
        "Interest Expense Non Operating": 45331000.0,
        "Interest Income Non Operating": 56564000.0,
        "Operating Income": 1025050000.0,
        "Operating Expense": 629652000.0,
        "Research And Development": 422629000.0,
        "Selling General And Administration": 207023000.0,
        "Gross Profit": 1654702000.0,
        "Cost Of Revenue": 1827360000.0,
        "Total Revenue": 3482062000.0,
        "Operating Revenue": 3482062000.0
    },
    "2023-12-31": {
        "Tax Effect Of Unusual Items": -275573.970311,
        "Tax Rate For Calcs": 0.122152,
        "Normalized EBITDA": 1226561000.0,
        "Total Unusual Items": -2256000.0,
        "Total Unusual Items Excluding Goodwill": -2256000.0,
        "Net Income From Continuing Operation Net Minority Interest": 954266000.0,
        "Reconciled Depreciation": 90941000.0,
        "Reconciled Cost Of Revenue": 2000804000.0,
        "EBITDA": 1224305000.0,
        "EBIT": 1133364000.0,
        "Net Interest Income": 11282000.0,
        "Interest Expense": 46313000.0,
        "Interest Income": 57595000.0,
        "Normalized Income": 956246426.029689,
        "Net Income From Continuing And Discontinued Operation": 954266000.0,
        "Total Expenses": 2699359000.0,
        "Total Operating Income As Reported": 1057212000.0,
        "Diluted Average Shares": 1322200000.0,
        "Basic Average Shares": 1316290000.0,
        "Diluted EPS": 0.722,
        "Basic EPS": 0.725,
        "Diluted NI Availto Com Stockholders": 954266000.0,
        "Net Income Common Stockholders": 954266000.0,
        "Net Income": 954266000.0,
        "Net Income Including Noncontrolling Interests": 954266000.0,
        "Net Income Continuous Operations": 954266000.0,
        "Tax Provision": 132785000.0,
        "Pretax Income": 1087051000.0,
        "Other Income Expense": 16869000.0,
        "Other Non Operating Income Expenses": 19125000.0,
        "Special Income Charges": -1688000.0,
        "Restructuring And Mergern Acquisition": 1688000.0,
        "Gain On Sale Of Security": -568000.0,
        "Net Non Operating Interest Income Expense": 11282000.0,
        "Interest Expense Non Operating": 46313000.0,
        "Interest Income Non Operating": 57595000.0,
        "Operating Income": 1058900000.0,
        "Operating Expense": 698555000.0,
        "Research And Development": 469712000.0,
        "Selling General And Administration": 228843000.0,
        "Gross Profit": 1757455000.0,
        "Cost Of Revenue": 2000804000.0,
        "Total Revenue": 3758259000.0,
        "Operating Revenue": 3758259000.0
    },
    "2024-03-31": {
        "Tax Effect Of Unusual Items": NaN,
        "Tax Rate For Calcs": NaN,
        "Normalized EBITDA": NaN,
        "Total Unusual Items": NaN,
        "Total Unusual Items Excluding Goodwill": NaN,
        "Net Income From Continuing Operation Net Minority Interest": NaN,
        "Reconciled Depreciation": NaN,
        "Reconciled Cost Of Revenue": NaN,
        "EBITDA": NaN,
        "EBIT": NaN,
        "Net Interest Income": NaN,
        "Interest Expense": NaN,
        "Interest Income": NaN,
        "Normalized Income": NaN,
        "Net Income From Continuing And Discontinued Operation": NaN,
        "Total Expenses": NaN,
        "Total Operating Income As Reported": NaN,
        "Diluted Average Shares": 1315178000.0,
        "Basic Average Shares": 1308382000.0,
        "Diluted EPS": 0.73,
        "Basic EPS": 0.74,
        "Diluted NI Availto Com Stockholders": NaN,
        "Net Income Common Stockholders": NaN,
        "Net Income": NaN,
        "Net Income Including Noncontrolling Interests": NaN,
        "Net Income Continuous Operations": NaN,
        "Tax Provision": NaN,
        "Pretax Income": NaN,
        "Other Income Expense": NaN,
        "Other Non Operating Income Expenses": NaN,
        "Special Income Charges": NaN,
        "Restructuring And Mergern Acquisition": NaN,
        "Gain On Sale Of Security": NaN,
        "Net Non Operating Interest Income Expense": NaN,
        "Interest Expense Non Operating": NaN,
        "Interest Income Non Operating": NaN,
        "Operating Income": NaN,
        "Operating Expense": NaN,
        "Research And Development": NaN,
        "Selling General And Administration": NaN,
        "Gross Profit": NaN,
        "Cost Of Revenue": NaN,
        "Total Revenue": NaN,
        "Operating Revenue": NaN
    },
    "2024-06-30": {
        "Tax Effect Of Unusual Items": NaN,
        "Tax Rate For Calcs": NaN,
        "Normalized EBITDA": NaN,
        "Total Unusual Items": NaN,
        "Total Unusual Items Excluding Goodwill": NaN,
        "Net Income From Continuing Operation Net Minority Interest": NaN,
        "Reconciled Depreciation": NaN,
        "Reconciled Cost Of Revenue": NaN,
        "EBITDA": NaN,
        "EBIT": NaN,
        "Net Interest Income": NaN,
        "Interest Expense": NaN,
        "Interest Income": NaN,
        "Normalized Income": NaN,
        "Net Income From Continuing And Discontinued Operation": NaN,
        "Total Expenses": NaN,
        "Total Operating Income As Reported": NaN,
        "Diluted Average Shares": NaN,
        "Basic Average Shares": NaN,
        "Diluted EPS": NaN,
        "Basic EPS": NaN,
        "Diluted NI Availto Com Stockholders": NaN,
        "Net Income Common Stockholders": NaN,
        "Net Income": NaN,
        "Net Income Including Noncontrolling Interests": NaN,
        "Net Income Continuous Operations": NaN,
        "Tax Provision": NaN,
        "Pretax Income": NaN,
        "Other Income Expense": NaN,
        "Other Non Operating Income Expenses": NaN,
        "Special Income Charges": 768000.0,
        "Restructuring And Mergern Acquisition": -768000.0,
        "Gain On Sale Of Security": NaN,
        "Net Non Operating Interest Income Expense": NaN,
        "Interest Expense Non Operating": NaN,
        "Interest Income Non Operating": NaN,
        "Operating Income": NaN,
        "Operating Expense": NaN,
        "Research And Development": NaN,
        "Selling General And Administration": NaN,
        "Gross Profit": NaN,
        "Cost Of Revenue": NaN,
        "Total Revenue": NaN,
        "Operating Revenue": NaN
    },
    "2024-09-30": {
        "Tax Effect Of Unusual Items": -1326982.0,
        "Tax Rate For Calcs": 0.137,
        "Normalized EBITDA": 1443205000.0,
        "Total Unusual Items": -9686000.0,
        "Total Unusual Items Excluding Goodwill": -9686000.0,
        "Net Income From Continuing Operation Net Minority Interest": 1116444000.0,
        "Reconciled Depreciation": 94295000.0,
        "Reconciled Cost Of Revenue": 2165293000.0,
        "EBITDA": 1433519000.0,
        "EBIT": 1339224000.0,
        "Net Interest Income": 23503000.0,
        "Interest Expense": 44946000.0,
        "Interest Income": 68449000.0,
        "Normalized Income": 1124803018.0,
        "Net Income From Continuing And Discontinued Operation": 1116444000.0,
        "Total Expenses": 2903779000.0,
        "Total Operating Income As Reported": 1264197000.0,
        "Diluted Average Shares": NaN,
        "Basic Average Shares": NaN,
        "Diluted EPS": NaN,
        "Basic EPS": NaN,
        "Diluted NI Availto Com Stockholders": 1116444000.0,
        "Net Income Common Stockholders": 1116444000.0,
        "Net Income": 1116444000.0,
        "Net Income Including Noncontrolling Interests": 1116444000.0,
        "Net Income Continuous Operations": 1116444000.0,
        "Tax Provision": 177834000.0,
        "Pretax Income": 1294278000.0,
        "Other Income Expense": 6578000.0,
        "Other Non Operating Income Expenses": 16264000.0,
        "Special Income Charges": 0.0,
        "Restructuring And Mergern Acquisition": 0.0,
        "Gain On Sale Of Security": -9686000.0,
        "Net Non Operating Interest Income Expense": 23503000.0,
        "Interest Expense Non Operating": 44946000.0,
        "Interest Income Non Operating": 68449000.0,
        "Operating Income": 1264197000.0,
        "Operating Expense": 738486000.0,
        "Research And Development": 495358000.0,
        "Selling General And Administration": 243128000.0,
        "Gross Profit": 2002683000.0,
        "Cost Of Revenue": 2165293000.0,
        "Total Revenue": 4167976000.0,
        "Operating Revenue": 4167976000.0
    },
    "2024-12-31": {
        "Tax Effect Of Unusual Items": -598689.0,
        "Tax Rate For Calcs": 0.117,
        "Normalized EBITDA": 1494762000.0,
        "Total Unusual Items": -5117000.0,
        "Total Unusual Items Excluding Goodwill": -5117000.0,
        "Net Income From Continuing Operation Net Minority Interest": 1191018000.0,
        "Reconciled Depreciation": 96200000.0,
        "Reconciled Cost Of Revenue": 2303066000.0,
        "EBITDA": 1489645000.0,
        "EBIT": 1393445000.0,
        "Net Interest Income": 12312000.0,
        "Interest Expense": 45299000.0,
        "Interest Income": 57611000.0,
        "Normalized Income": 1195536311.0,
        "Net Income From Continuing And Discontinued Operation": 1191018000.0,
        "Total Expenses": 3042163000.0,
        "Total Operating Income As Reported": 1333884000.0,
        "Diluted Average Shares": 1291469000.0,
        "Basic Average Shares": 1287109000.0,
        "Diluted EPS": 0.92,
        "Basic EPS": 0.93,
        "Diluted NI Availto Com Stockholders": 1191018000.0,
        "Net Income Common Stockholders": 1191018000.0,
        "Net Income": 1191018000.0,
        "Net Income Including Noncontrolling Interests": 1191018000.0,
        "Net Income Continuous Operations": 1191018000.0,
        "Tax Provision": 157128000.0,
        "Pretax Income": 1348146000.0,
        "Other Income Expense": 1950000.0,
        "Other Non Operating Income Expenses": 7067000.0,
        "Special Income Charges": 0.0,
        "Restructuring And Mergern Acquisition": 0.0,
        "Gain On Sale Of Security": -5117000.0,
        "Net Non Operating Interest Income Expense": 12312000.0,
        "Interest Expense Non Operating": 45299000.0,
        "Interest Income Non Operating": 57611000.0,
        "Operating Income": 1333884000.0,
        "Operating Expense": 739097000.0,
        "Research And Development": 494947000.0,
        "Selling General And Administration": 244150000.0,
        "Gross Profit": 2072981000.0,
        "Cost Of Revenue": 2303066000.0,
        "Total Revenue": 4376047000.0,
        "Operating Revenue": 4376047000.0
    },
    "2025-03-31": {
        "Tax Effect Of Unusual Items": -630068.0,
        "Tax Rate For Calcs": 0.134,
        "Normalized EBITDA": 1683953000.0,
        "Total Unusual Items": -4702000.0,
        "Total Unusual Items Excluding Goodwill": -4702000.0,
        "Net Income From Continuing Operation Net Minority Interest": 1330667000.0,
        "Reconciled Depreciation": 97343000.0,
        "Reconciled Cost Of Revenue": 2406489000.0,
        "EBITDA": 1679251000.0,
        "EBIT": 1581908000.0,
        "Net Interest Income": 5454000.0,
        "Interest Expense": 45184000.0,
        "Interest Income": 50638000.0,
        "Normalized Income": 1334738932.0,
        "Net Income From Continuing And Discontinued Operation": 1330667000.0,
        "Total Expenses": 3158416000.0,
        "Total Operating Income As Reported": 1561759000.0,
        "Diluted Average Shares": 1288100000.0,
        "Basic Average Shares": 1283779000.0,
        "Diluted EPS": 1.03,
        "Basic EPS": 1.04,
        "Diluted NI Availto Com Stockholders": 1330667000.0,
        "Net Income Common Stockholders": 1330667000.0,
        "Net Income": 1330667000.0,
        "Net Income Including Noncontrolling Interests": 1330667000.0,
        "Net Income Continuous Operations": 1330667000.0,
        "Tax Provision": 206057000.0,
        "Pretax Income": 1536724000.0,
        "Other Income Expense": -30489000.0,
        "Other Non Operating Income Expenses": -25787000.0,
        "Special Income Charges": 0.0,
        "Restructuring And Mergern Acquisition": 0.0,
        "Gain On Sale Of Security": -4702000.0,
        "Net Non Operating Interest Income Expense": 5454000.0,
        "Interest Expense Non Operating": 45184000.0,
        "Interest Income Non Operating": 50638000.0,
        "Operating Income": 1561759000.0,
        "Operating Expense": 751927000.0,
        "Research And Development": 525904000.0,
        "Selling General And Administration": 226023000.0,
        "Gross Profit": 2313686000.0,
        "Cost Of Revenue": 2406489000.0,
        "Total Revenue": 4720175000.0,
        "Operating Revenue": 4720175000.0
    },
    "2025-06-30": {
        "Tax Effect Of Unusual Items": -228655.590476,
        "Tax Rate For Calcs": 0.033105,
        "Normalized EBITDA": 1927101000.0,
        "Total Unusual Items": -6907000.0,
        "Total Unusual Items Excluding Goodwill": -6907000.0,
        "Net Income From Continuing Operation Net Minority Interest": 1720088000.0,
        "Reconciled Depreciation": 98439000.0,
        "Reconciled Cost Of Revenue": 2581684000.0,
        "EBITDA": 1920194000.0,
        "EBIT": 1821755000.0,
        "Net Interest Income": 11859000.0,
        "Interest Expense": 42774000.0,
        "Interest Income": 54633000.0,
        "Normalized Income": 1726766344.409524,
        "Net Income From Continuing And Discontinued Operation": 1720088000.0,
        "Total Expenses": 3430265000.0,
        "Total Operating Income As Reported": 1741128000.0,
        "Diluted Average Shares": 1276933000.0,
        "Basic Average Shares": 1274279000.0,
        "Diluted EPS": 1.35,
        "Basic EPS": 1.35,
        "Diluted NI Availto Com Stockholders": 1720088000.0,
        "Net Income Common Stockholders": 1720088000.0,
        "Net Income": 1720088000.0,
        "Net Income Including Noncontrolling Interests": 1720088000.0,
        "Net Income Continuous Operations": 1720088000.0,
        "Tax Provision": 58893000.0,
        "Pretax Income": 1778981000.0,
        "Other Income Expense": 25994000.0,
        "Other Non Operating Income Expenses": 32901000.0,
        "Special Income Charges": 0.0,
        "Restructuring And Mergern Acquisition": 0.0,
        "Gain On Sale Of Security": -6907000.0,
        "Net Non Operating Interest Income Expense": 11859000.0,
        "Interest Expense Non Operating": 42774000.0,
        "Interest Income Non Operating": 54633000.0,
        "Operating Income": 1741128000.0,
        "Operating Expense": 848581000.0,
        "Research And Development": 580178000.0,
        "Selling General And Administration": 268403000.0,
        "Gross Profit": 2589709000.0,
        "Cost Of Revenue": 2581684000.0,
        "Total Revenue": 5171393000.0,
        "Operating Revenue": 5171393000.0
    },
    "2025-09-30": {
        "Tax Effect Of Unusual Items": -863304.0,
        "Tax Rate For Calcs": 0.156,
        "Normalized EBITDA": 2008812000.0,
        "Total Unusual Items": -5534000.0,
        "Total Unusual Items Excluding Goodwill": -5534000.0,
        "Net Income From Continuing Operation Net Minority Interest": 1568660000.0,
        "Reconciled Depreciation": 101644000.0,
        "Reconciled Cost Of Revenue": 2639294000.0,
        "EBITDA": 2003278000.0,
        "EBIT": 1901634000.0,
        "Net Interest Income": 21458000.0,
        "Interest Expense": 42472000.0,
        "Interest Income": 63930000.0,
        "Normalized Income": 1573330696.0,
        "Net Income From Continuing And Discontinued Operation": 1568660000.0,
        "Total Expenses": 3495085000.0,
        "Total Operating Income As Reported": 1829088000.0,
        "Diluted Average Shares": 1269313000.0,
        "Basic Average Shares": 1264446000.0,
        "Diluted EPS": 1.24,
        "Basic EPS": 1.24,
        "Diluted NI Availto Com Stockholders": 1568660000.0,
        "Net Income Common Stockholders": 1568660000.0,
        "Net Income": 1568660000.0,
        "Net Income Including Noncontrolling Interests": 1568660000.0,
        "Net Income Continuous Operations": 1568660000.0,
        "Tax Provision": 290502000.0,
        "Pretax Income": 1859162000.0,
        "Other Income Expense": 8616000.0,
        "Other Non Operating Income Expenses": 14150000.0,
        "Special Income Charges": NaN,
        "Restructuring And Mergern Acquisition": NaN,
        "Gain On Sale Of Security": -5534000.0,
        "Net Non Operating Interest Income Expense": 21458000.0,
        "Interest Expense Non Operating": 42472000.0,
        "Interest Income Non Operating": 63930000.0,
        "Operating Income": 1829088000.0,
        "Operating Expense": 855791000.0,
        "Research And Development": 576446000.0,
        "Selling General And Administration": 279345000.0,
        "Gross Profit": 2684879000.0,
        "Cost Of Revenue": 2639294000.0,
        "Total Revenue": 5324173000.0,
        "Operating Revenue": 5324173000.0
    },
    "2025-12-31": {
        "Tax Effect Of Unusual Items": NaN,
        "Tax Rate For Calcs": NaN,
        "Normalized EBITDA": NaN,
        "Total Unusual Items": NaN,
        "Total Unusual Items Excluding Goodwill": NaN,
        "Net Income From Continuing Operation Net Minority Interest": NaN,
        "Reconciled Depreciation": NaN,
        "Reconciled Cost Of Revenue": NaN,
        "EBITDA": NaN,
        "EBIT": NaN,
        "Net Interest Income": NaN,
        "Interest Expense": NaN,
        "Interest Income": NaN,
        "Normalized Income": NaN,
        "Net Income From Continuing And Discontinued Operation": NaN,
        "Total Expenses": NaN,
        "Total Operating Income As Reported": NaN,
        "Diluted Average Shares": 1261739000.0,
        "Basic Average Shares": 1254856000.0,
        "Diluted EPS": 1.26,
        "Basic EPS": 1.27,
        "Diluted NI Availto Com Stockholders": NaN,
        "Net Income Common Stockholders": NaN,
        "Net Income": NaN,
        "Net Income Including Noncontrolling Interests": NaN,
        "Net Income Continuous Operations": NaN,
        "Tax Provision": NaN,
        "Pretax Income": NaN,
        "Other Income Expense": NaN,
        "Other Non Operating Income Expenses": NaN,
        "Special Income Charges": NaN,
        "Restructuring And Mergern Acquisition": NaN,
        "Gain On Sale Of Security": NaN,
        "Net Non Operating Interest Income Expense": NaN,
        "Interest Expense Non Operating": NaN,
        "Interest Income Non Operating": NaN,
        "Operating Income": NaN,
        "Operating Expense": NaN,
        "Research And Development": NaN,
        "Selling General And Administration": NaN,
        "Gross Profit": NaN,
        "Cost Of Revenue": NaN,
        "Total Revenue": NaN,
        "Operating Revenue": NaN
    }
}