{
    "2023-03-31": {
        "Tax Effect Of Unusual Items": NaN,
        "Tax Rate For Calcs": NaN,
        "Normalized EBITDA": NaN,
        "Net Income From Continuing Operation Net Minority Interest": NaN,
        "Reconciled Depreciation": NaN,
        "Reconciled Cost Of Revenue": NaN,
        "EBITDA": NaN,
        "EBIT": NaN,
        "Net Interest Income": NaN,
        "Interest Expense": 2206000.0,
        "Normalized Income": NaN,
        "Net Income From Continuing And Discontinued Operation": NaN,
        "Total Expenses": NaN,
        "Total Operating Income As Reported": NaN,
        "Diluted Average Shares": 42714090.0,
        "Basic Average Shares": 42375480.0,
        "Diluted EPS": 1.3,
        "Basic EPS": 1.31,
        "Diluted NI Availto Com Stockholders": NaN,
        "Net Income Common Stockholders": NaN,
        "Net Income": NaN,
        "Net Income Including Noncontrolling Interests": NaN,
        "Net Income Continuous Operations": NaN,
        "Earnings From Equity Interest Net Of Tax": NaN,
        "Tax Provision": NaN,
        "Pretax Income": NaN,
        "Other Income Expense": NaN,
        "Other Non Operating Income Expenses": NaN,
        "Net Non Operating Interest Income Expense": NaN,
        "Total Other Finance Cost": NaN,
        "Interest Expense Non Operating": 2206000.0,
        "Operating Income": NaN,
        "Operating Expense": NaN,
        "Selling General And Administration": NaN,
        "Gross Profit": NaN,
        "Cost Of Revenue": NaN,
        "Total Revenue": NaN,
        "Operating Revenue": NaN
    },
    "2022-12-31": {
        "Tax Effect Of Unusual Items": NaN,
        "Tax Rate For Calcs": NaN,
        "Normalized EBITDA": NaN,
        "Net Income From Continuing Operation Net Minority Interest": NaN,
        "Reconciled Depreciation": NaN,
        "Reconciled Cost Of Revenue": NaN,
        "EBITDA": NaN,
        "EBIT": NaN,
        "Net Interest Income": NaN,
        "Interest Expense": 2082000.0,
        "Normalized Income": NaN,
        "Net Income From Continuing And Discontinued Operation": NaN,
        "Total Expenses": NaN,
        "Total Operating Income As Reported": NaN,
        "Diluted Average Shares": NaN,
        "Basic Average Shares": NaN,
        "Diluted EPS": NaN,
        "Basic EPS": NaN,
        "Diluted NI Availto Com Stockholders": NaN,
        "Net Income Common Stockholders": NaN,
        "Net Income": NaN,
        "Net Income Including Noncontrolling Interests": NaN,
        "Net Income Continuous Operations": NaN,
        "Earnings From Equity Interest Net Of Tax": NaN,
        "Tax Provision": NaN,
        "Pretax Income": NaN,
        "Other Income Expense": NaN,
        "Other Non Operating Income Expenses": NaN,
        "Net Non Operating Interest Income Expense": NaN,
        "Total Other Finance Cost": NaN,
        "Interest Expense Non Operating": 2082000.0,
        "Operating Income": NaN,
        "Operating Expense": NaN,
        "Selling General And Administration": NaN,
        "Gross Profit": NaN,
        "Cost Of Revenue": NaN,
        "Total Revenue": NaN,
        "Operating Revenue": NaN
    },
    "2022-09-30": {
        "Tax Effect Of Unusual Items": NaN,
        "Tax Rate For Calcs": NaN,
        "Normalized EBITDA": NaN,
        "Net Income From Continuing Operation Net Minority Interest": NaN,
        "Reconciled Depreciation": NaN,
        "Reconciled Cost Of Revenue": NaN,
        "EBITDA": NaN,
        "EBIT": NaN,
        "Net Interest Income": NaN,
        "Interest Expense": NaN,
        "Normalized Income": NaN,
        "Net Income From Continuing And Discontinued Operation": NaN,
        "Total Expenses": NaN,
        "Total Operating Income As Reported": NaN,
        "Diluted Average Shares": NaN,
        "Basic Average Shares": NaN,
        "Diluted EPS": NaN,
        "Basic EPS": NaN,
        "Diluted NI Availto Com Stockholders": NaN,
        "Net Income Common Stockholders": NaN,
        "Net Income": NaN,
        "Net Income Including Noncontrolling Interests": NaN,
        "Net Income Continuous Operations": NaN,
        "Earnings From Equity Interest Net Of Tax": NaN,
        "Tax Provision": NaN,
        "Pretax Income": NaN,
        "Other Income Expense": NaN,
        "Other Non Operating Income Expenses": NaN,
        "Net Non Operating Interest Income Expense": NaN,
        "Total Other Finance Cost": 2046000.0,
        "Interest Expense Non Operating": NaN,
        "Operating Income": NaN,
        "Operating Expense": NaN,
        "Selling General And Administration": NaN,
        "Gross Profit": NaN,
        "Cost Of Revenue": NaN,
        "Total Revenue": NaN,
        "Operating Revenue": NaN
    },
    "2022-06-30": {
        "Tax Effect Of Unusual Items": 0.0,
        "Tax Rate For Calcs": 0.268549,
        "Normalized EBITDA": 70546000.0,
        "Net Income From Continuing Operation Net Minority Interest": 28090000.0,
        "Reconciled Depreciation": 24450000.0,
        "Reconciled Cost Of Revenue": 287534000.0,
        "EBITDA": 70546000.0,
        "EBIT": 46096000.0,
        "Net Interest Income": -2036000.0,
        "Interest Expense": NaN,
        "Normalized Income": 28090000.0,
        "Net Income From Continuing And Discontinued Operation": 28090000.0,
        "Total Expenses": 409115000.0,
        "Total Operating Income As Reported": 46096000.0,
        "Diluted Average Shares": 42710465.0,
        "Basic Average Shares": 41896037.0,
        "Diluted EPS": 0.66,
        "Basic EPS": 0.67,
        "Diluted NI Availto Com Stockholders": 28090000.0,
        "Net Income Common Stockholders": 28090000.0,
        "Net Income": 28090000.0,
        "Net Income Including Noncontrolling Interests": 28090000.0,
        "Net Income Continuous Operations": 28090000.0,
        "Earnings From Equity Interest Net Of Tax": -65000.0,
        "Tax Provision": 10337000.0,
        "Pretax Income": 38492000.0,
        "Other Income Expense": -5568000.0,
        "Other Non Operating Income Expenses": -5568000.0,
        "Net Non Operating Interest Income Expense": -2036000.0,
        "Total Other Finance Cost": 2036000.0,
        "Interest Expense Non Operating": NaN,
        "Operating Income": 46096000.0,
        "Operating Expense": 121581000.0,
        "Selling General And Administration": 121581000.0,
        "Gross Profit": 167677000.0,
        "Cost Of Revenue": 287534000.0,
        "Total Revenue": 455211000.0,
        "Operating Revenue": 455211000.0
    },
    "2022-03-31": {
        "Diluted EPS": 1.02,
        "Total Revenue": 422,
        "Gross Profit": 155,
        "Operating Income": 61,
        "EBIT": 85,
        "Net Income": 43
    },
    "2021-12-31": {
        "Diluted EPS": 1.0,
        "Total Revenue": 410,
        "Gross Profit": 148,
        "Operating Income": 57,
        "EBIT": 83,
        "Net Income": 42
    },
    "2021-09-30": {
        "Diluted EPS": -0.15,
        "Total Revenue": 400,
        "Gross Profit": 126,
        "Operating Income": -7,
        "EBIT": 18,
        "Net Income": -6
    },
    "2021-06-30": {
        "Diluted EPS": 0.24,
        "Total Revenue": 398,
        "Gross Profit": 137,
        "Operating Income": 21,
        "EBIT": 50,
        "Net Income": 10
    },
    "2021-03-31": {
        "Diluted EPS": 0.57,
        "Total Revenue": 392,
        "Gross Profit": 139,
        "Operating Income": 39,
        "EBIT": 66,
        "Net Income": 24
    },
    "2020-12-31": {
        "Diluted EPS": 0.6,
        "Total Revenue": 376,
        "Gross Profit": 129,
        "Operating Income": 38,
        "EBIT": 65,
        "Net Income": 25
    },
    "2020-09-30": {
        "Diluted EPS": 0.3,
        "Total Revenue": 371,
        "Gross Profit": 130,
        "Operating Income": 12,
        "EBIT": 32,
        "Net Income": 13
    },
    "2020-06-30": {
        "Diluted EPS": 0.11,
        "Total Revenue": 269,
        "Gross Profit": 91,
        "Operating Income": 7,
        "EBIT": 26,
        "Net Income": 5
    },
    "2020-03-31": {
        "Diluted EPS": 0.22,
        "Total Revenue": 257,
        "Gross Profit": 78,
        "Operating Income": 14,
        "EBIT": 33,
        "Net Income": 9
    },
    "2019-12-31": {
        "Diluted EPS": 0.52,
        "Total Revenue": 258,
        "Gross Profit": 90,
        "Operating Income": 30,
        "EBIT": 48,
        "Net Income": 21
    },
    "2019-09-30": {
        "Diluted EPS": -0.25,
        "Total Revenue": 257,
        "Gross Profit": 88,
        "Operating Income": -19,
        "EBIT": -2,
        "Net Income": -10
    },
    "2019-06-30": {
        "Diluted EPS": 0.1,
        "Total Revenue": 256,
        "Gross Profit": 80,
        "Operating Income": 3,
        "EBIT": 21,
        "Net Income": 3
    },
    "2019-03-31": {
        "Diluted EPS": 0.44,
        "Total Revenue": 253,
        "Gross Profit": 85,
        "Operating Income": 23,
        "EBIT": 40,
        "Net Income": 18
    },
    "2018-12-31": {
        "Diluted EPS": 0.59,
        "Total Revenue": 255,
        "Gross Profit": 95,
        "Operating Income": 33,
        "EBIT": 51,
        "Net Income": 24
    },
    "2018-09-30": {
        "Diluted EPS": -0.22,
        "Total Revenue": 251,
        "Gross Profit": 92,
        "Operating Income": -14,
        "EBIT": 5,
        "Net Income": -8
    },
    "2018-06-30": {
        "Diluted EPS": 0.24,
        "Total Revenue": 239,
        "Gross Profit": 82,
        "Operating Income": 10,
        "EBIT": 28,
        "Net Income": 9
    },
    "2018-03-31": {
        "Diluted EPS": 0.32,
        "Total Revenue": 233,
        "Gross Profit": 84,
        "Operating Income": 20,
        "EBIT": 38,
        "Net Income": 13
    },
    "2017-12-31": {
        "Diluted EPS": 0.33,
        "Total Revenue": 217,
        "Gross Profit": 78,
        "Operating Income": 14,
        "EBIT": 32,
        "Net Income": 13
    },
    "2017-09-30": {
        "Diluted EPS": -0.21,
        "Total Revenue": 229,
        "Gross Profit": 81,
        "Operating Income": -18,
        "EBIT": 3,
        "Net Income": -8
    },
    "2017-06-30": {
        "Diluted EPS": -0.16,
        "Total Revenue": 216,
        "Gross Profit": 77,
        "Operating Income": 5,
        "EBIT": 23,
        "Net Income": -6
    },
    "2017-03-31": {
        "Diluted EPS": 0.23,
        "Total Revenue": 223,
        "Gross Profit": 86,
        "Operating Income": 13,
        "EBIT": 33,
        "Net Income": 9
    },
    "2016-12-31": {
        "Diluted EPS": 0.3,
        "Total Revenue": 221,
        "Gross Profit": 84,
        "Operating Income": 18,
        "EBIT": 37,
        "Net Income": 12
    },
    "2016-09-30": {
        "Diluted EPS": -0.36,
        "Total Revenue": 229,
        "Gross Profit": 85,
        "Operating Income": -23,
        "EBIT": -5,
        "Net Income": -14
    },
    "2016-06-30": {
        "Diluted EPS": -0.03,
        "Total Revenue": 221,
        "Gross Profit": 78,
        "Operating Income": 1,
        "EBIT": 18,
        "Net Income": -1
    },
    "2016-03-31": {
        "Diluted EPS": 0.37,
        "Total Revenue": 221,
        "Gross Profit": 87,
        "Operating Income": 19,
        "EBIT": 37,
        "Net Income": 14
    },
    "2015-12-31": {
        "Diluted EPS": 0.23,
        "Total Revenue": 209,
        "Gross Profit": 79,
        "Operating Income": 15,
        "EBIT": 31,
        "Net Income": 9
    },
    "2015-09-30": {
        "Diluted EPS": -0.34,
        "Total Revenue": 221,
        "Gross Profit": 82,
        "Operating Income": -20,
        "EBIT": -4,
        "Net Income": -13
    },
    "2015-06-30": {
        "Diluted EPS": -0.31,
        "Total Revenue": 236,
        "Gross Profit": 69,
        "Operating Income": -16,
        "EBIT": 12,
        "Net Income": -12
    },
    "2015-03-31": {
        "Diluted EPS": 0.45,
        "Total Revenue": 245,
        "Gross Profit": 96,
        "Operating Income": 27,
        "EBIT": 45,
        "Net Income": 17
    },
    "2014-12-31": {
        "Diluted EPS": 0.33,
        "Total Revenue": 231,
        "Gross Profit": 86,
        "Operating Income": 20,
        "EBIT": 38,
        "Net Income": 12
    },
    "2014-09-30": {
        "Diluted EPS": -0.18,
        "Total Revenue": 237,
        "Gross Profit": 90,
        "Operating Income": -13,
        "EBIT": 4,
        "Net Income": -7
    },
    "2014-06-30": {
        "Diluted EPS": 0.32,
        "Total Revenue": 232,
        "Gross Profit": 90,
        "Operating Income": 13,
        "EBIT": 30,
        "Net Income": 12
    },
    "2014-03-31": {
        "Diluted EPS": 0.4,
        "Total Revenue": 235,
        "Gross Profit": 95,
        "Operating Income": 27,
        "EBIT": 45,
        "Net Income": 16
    },
    "2013-12-31": {
        "Diluted EPS": -0.09,
        "Total Revenue": 224,
        "Gross Profit": 70,
        "Operating Income": -9,
        "EBIT": 26,
        "Net Income": -4
    },
    "2013-09-30": {
        "Diluted EPS": -0.13,
        "Total Revenue": 228,
        "Gross Profit": 95,
        "Operating Income": -8,
        "EBIT": 8,
        "Net Income": -5
    },
    "2013-06-30": {
        "Diluted EPS": 0.06,
        "Total Revenue": 203,
        "Gross Profit": 74,
        "Operating Income": 1,
        "EBIT": 19,
        "Net Income": 1
    },
    "2013-03-31": {
        "Diluted EPS": 0.31,
        "Total Revenue": 218,
        "Gross Profit": 90,
        "Operating Income": 19,
        "EBIT": 36,
        "Net Income": 12
    },
    "2012-12-31": {
        "Diluted EPS": 0.24,
        "Total Revenue": 206,
        "Gross Profit": 83,
        "Operating Income": 16,
        "EBIT": 33,
        "Net Income": 10
    },
    "2012-09-30": {
        "Diluted EPS": 0.11,
        "Total Revenue": 221,
        "Gross Profit": 102,
        "Operating Income": 9,
        "EBIT": 24,
        "Net Income": 4
    },
    "2012-06-30": {
        "Diluted EPS": 0.04,
        "Total Revenue": 170,
        "Gross Profit": 68,
        "Operating Income": 2,
        "EBIT": 18,
        "Net Income": 2
    },
    "2012-03-31": {
        "Diluted EPS": 0.18,
        "Total Revenue": 178,
        "Gross Profit": 72,
        "Operating Income": 12,
        "EBIT": 26,
        "Net Income": 6
    },
    "2011-12-31": {
        "Diluted EPS": 0.11,
        "Total Revenue": 167,
        "Gross Profit": 68,
        "Operating Income": 7,
        "EBIT": 22,
        "Net Income": 4
    },
    "2011-09-30": {
        "Diluted EPS": 0.12,
        "Total Revenue": 193,
        "Gross Profit": 92,
        "Operating Income": 8,
        "EBIT": 21,
        "Net Income": 4
    },
    "2011-06-30": {
        "Diluted EPS": -0.09,
        "Total Revenue": 128,
        "Gross Profit": 50,
        "Operating Income": -6,
        "EBIT": 6,
        "Net Income": -3
    },
    "2011-03-31": {
        "Diluted EPS": 0.16,
        "Total Revenue": 130,
        "Gross Profit": 53,
        "Operating Income": 11,
        "EBIT": 22,
        "Net Income": 5
    },
    "2010-12-31": {
        "Diluted EPS": 0.23,
        "Total Revenue": 129,
        "Gross Profit": 53,
        "Operating Income": 14,
        "EBIT": 24,
        "Net Income": 7
    },
    "2010-09-30": {
        "Diluted EPS": 0.07,
        "Total Revenue": 135,
        "Gross Profit": 60,
        "Operating Income": 5,
        "EBIT": 15,
        "Net Income": 2
    },
    "2010-06-30": {
        "Diluted EPS": -0.05,
        "Total Revenue": 88,
        "Gross Profit": 32,
        "Operating Income": -2,
        "EBIT": 6,
        "Net Income": -1
    },
    "2010-03-31": {
        "Diluted EPS": 0.2,
        "Total Revenue": 97,
        "Gross Profit": 40,
        "Operating Income": 10,
        "EBIT": 16,
        "Net Income": 6
    },
    "2009-12-31": {
        "Diluted EPS": 0.32,
        "Total Revenue": 93,
        "Gross Profit": 42,
        "Operating Income": 14,
        "EBIT": 20,
        "Net Income": 10
    },
    "2009-09-30": {
        "Diluted EPS": 0.24,
        "Total Revenue": 106,
        "Gross Profit": 48,
        "Operating Income": 13,
        "EBIT": 19,
        "Net Income": 7
    },
    "2009-06-30": {
        "Diluted EPS": -0.02,
        "Total Revenue": 72,
        "Gross Profit": 28,
        "Operating Income": 0,
        "EBIT": 6,
        "Net Income": -1
    },
    "2009-03-31": {
        "Diluted EPS": 0.12,
        "Total Revenue": 77,
        "Gross Profit": 29,
        "Operating Income": 7,
        "EBIT": 13,
        "Net Income": 4
    },
    "2023-06-30": {
        "Tax Effect Of Unusual Items": NaN,
        "Tax Rate For Calcs": NaN,
        "Normalized EBITDA": NaN,
        "Net Income From Continuing Operation Net Minority Interest": NaN,
        "Reconciled Depreciation": NaN,
        "Reconciled Cost Of Revenue": NaN,
        "EBITDA": NaN,
        "EBIT": NaN,
        "Net Interest Income": NaN,
        "Interest Expense": NaN,
        "Normalized Income": NaN,
        "Net Income From Continuing And Discontinued Operation": NaN,
        "Total Expenses": NaN,
        "Total Operating Income As Reported": NaN,
        "Diluted Average Shares": 42849355.0,
        "Basic Average Shares": 42434397.0,
        "Diluted EPS": 1.01,
        "Basic EPS": 1.02,
        "Diluted NI Availto Com Stockholders": NaN,
        "Net Income Common Stockholders": NaN,
        "Net Income": NaN,
        "Net Income Including Noncontrolling Interests": NaN,
        "Net Income Continuous Operations": NaN,
        "Earnings From Equity Interest Net Of Tax": NaN,
        "Tax Provision": NaN,
        "Pretax Income": NaN,
        "Other Income Expense": NaN,
        "Other Non Operating Income Expenses": NaN,
        "Net Non Operating Interest Income Expense": NaN,
        "Total Other Finance Cost": NaN,
        "Interest Expense Non Operating": NaN,
        "Operating Income": NaN,
        "Operating Expense": NaN,
        "Selling General And Administration": NaN,
        "Gross Profit": NaN,
        "Cost Of Revenue": NaN,
        "Total Revenue": NaN,
        "Operating Revenue": NaN
    },
    "2023-09-30": {
        "Tax Effect Of Unusual Items": NaN,
        "Tax Rate For Calcs": NaN,
        "Normalized EBITDA": NaN,
        "Net Income From Continuing Operation Net Minority Interest": NaN,
        "Reconciled Depreciation": NaN,
        "Reconciled Cost Of Revenue": NaN,
        "EBITDA": NaN,
        "EBIT": NaN,
        "Net Interest Income": NaN,
        "Interest Expense": NaN,
        "Normalized Income": NaN,
        "Net Income From Continuing And Discontinued Operation": NaN,
        "Total Expenses": NaN,
        "Total Operating Income As Reported": NaN,
        "Diluted Average Shares": NaN,
        "Basic Average Shares": NaN,
        "Diluted EPS": NaN,
        "Basic EPS": NaN,
        "Diluted NI Availto Com Stockholders": NaN,
        "Net Income Common Stockholders": NaN,
        "Net Income": NaN,
        "Net Income Including Noncontrolling Interests": NaN,
        "Net Income Continuous Operations": NaN,
        "Earnings From Equity Interest Net Of Tax": NaN,
        "Tax Provision": NaN,
        "Pretax Income": NaN,
        "Other Income Expense": NaN,
        "Other Non Operating Income Expenses": NaN,
        "Net Non Operating Interest Income Expense": NaN,
        "Total Other Finance Cost": 2068000.0,
        "Interest Expense Non Operating": NaN,
        "Operating Income": NaN,
        "Operating Expense": NaN,
        "Selling General And Administration": NaN,
        "Gross Profit": NaN,
        "Cost Of Revenue": NaN,
        "Total Revenue": NaN,
        "Operating Revenue": NaN
    },
    "2023-12-31": {
        "Tax Effect Of Unusual Items": NaN,
        "Tax Rate For Calcs": NaN,
        "Normalized EBITDA": NaN,
        "Net Income From Continuing Operation Net Minority Interest": NaN,
        "Reconciled Depreciation": NaN,
        "Reconciled Cost Of Revenue": NaN,
        "EBITDA": NaN,
        "EBIT": NaN,
        "Net Interest Income": NaN,
        "Interest Expense": NaN,
        "Normalized Income": NaN,
        "Net Income From Continuing And Discontinued Operation": NaN,
        "Total Expenses": NaN,
        "Total Operating Income As Reported": NaN,
        "Diluted Average Shares": 43463763.0,
        "Basic Average Shares": 42561035.0,
        "Diluted EPS": 1.54,
        "Basic EPS": 1.57,
        "Diluted NI Availto Com Stockholders": NaN,
        "Net Income Common Stockholders": NaN,
        "Net Income": NaN,
        "Net Income Including Noncontrolling Interests": NaN,
        "Net Income Continuous Operations": NaN,
        "Earnings From Equity Interest Net Of Tax": NaN,
        "Tax Provision": NaN,
        "Pretax Income": NaN,
        "Other Income Expense": NaN,
        "Other Non Operating Income Expenses": NaN,
        "Net Non Operating Interest Income Expense": NaN,
        "Interest Expense Non Operating": NaN,
        "Operating Income": NaN,
        "Operating Expense": NaN,
        "Selling General And Administration": NaN,
        "Gross Profit": NaN,
        "Cost Of Revenue": NaN,
        "Total Revenue": NaN,
        "Operating Revenue": NaN
    },
    "2024-03-31": {
        "Tax Effect Of Unusual Items": NaN,
        "Tax Rate For Calcs": NaN,
        "Normalized EBITDA": NaN,
        "Net Income From Continuing Operation Net Minority Interest": NaN,
        "Reconciled Depreciation": NaN,
        "Reconciled Cost Of Revenue": NaN,
        "EBITDA": NaN,
        "EBIT": NaN,
        "Net Interest Income": NaN,
        "Interest Expense": NaN,
        "Normalized Income": NaN,
        "Net Income From Continuing And Discontinued Operation": NaN,
        "Total Expenses": NaN,
        "Total Operating Income As Reported": NaN,
        "Diluted Average Shares": 43655841.0,
        "Basic Average Shares": 42684561.0,
        "Diluted EPS": 1.6,
        "Basic EPS": 1.63,
        "Diluted NI Availto Com Stockholders": NaN,
        "Net Income Common Stockholders": NaN,
        "Net Income": NaN,
        "Net Income Including Noncontrolling Interests": NaN,
        "Net Income Continuous Operations": NaN,
        "Earnings From Equity Interest Net Of Tax": NaN,
        "Tax Provision": NaN,
        "Pretax Income": NaN,
        "Other Income Expense": NaN,
        "Other Non Operating Income Expenses": NaN,
        "Net Non Operating Interest Income Expense": NaN,
        "Interest Expense Non Operating": NaN,
        "Operating Income": NaN,
        "Operating Expense": NaN,
        "Selling General And Administration": NaN,
        "Gross Profit": NaN,
        "Cost Of Revenue": NaN,
        "Total Revenue": NaN,
        "Operating Revenue": NaN
    },
    "2024-06-30": {
        "Tax Effect Of Unusual Items": 0.0,
        "Tax Rate For Calcs": 0.204097,
        "Normalized EBITDA": 109416000.0,
        "Net Income From Continuing Operation Net Minority Interest": 62782000.0,
        "Reconciled Depreciation": 28219000.0,
        "Reconciled Cost Of Revenue": 345971000.0,
        "EBITDA": 109416000.0,
        "EBIT": 81197000.0,
        "Net Interest Income": -2318000.0,
        "Interest Expense": 2318000.0,
        "Normalized Income": 62782000.0,
        "Net Income From Continuing And Discontinued Operation": 62782000.0,
        "Total Expenses": 460505000.0,
        "Total Operating Income As Reported": 73678000.0,
        "Diluted Average Shares": 44248689.0,
        "Basic Average Shares": 42760745.0,
        "Diluted EPS": 1.42,
        "Basic EPS": 1.47,
        "Diluted NI Availto Com Stockholders": 62782000.0,
        "Net Income Common Stockholders": 62782000.0,
        "Net Income": 62782000.0,
        "Net Income Including Noncontrolling Interests": 62782000.0,
        "Net Income Continuous Operations": 62782000.0,
        "Earnings From Equity Interest Net Of Tax": 2000.0,
        "Tax Provision": 16099000.0,
        "Pretax Income": 78879000.0,
        "Other Income Expense": 7519000.0,
        "Other Non Operating Income Expenses": 7519000.0,
        "Net Non Operating Interest Income Expense": -2318000.0,
        "Interest Expense Non Operating": 2318000.0,
        "Operating Income": 73678000.0,
        "Operating Expense": 114534000.0,
        "Selling General And Administration": 114534000.0,
        "Gross Profit": 188212000.0,
        "Cost Of Revenue": 345971000.0,
        "Total Revenue": 534183000.0,
        "Operating Revenue": 534183000.0
    },
    "2024-09-30": {
        "Tax Effect Of Unusual Items": 0.0,
        "Tax Rate For Calcs": 0.216,
        "Normalized EBITDA": 84256000.0,
        "Net Income From Continuing Operation Net Minority Interest": 40882000.0,
        "Reconciled Depreciation": 28134000.0,
        "Reconciled Cost Of Revenue": 335231000.0,
        "EBITDA": 84256000.0,
        "EBIT": 56122000.0,
        "Net Interest Income": -2353000.0,
        "Interest Expense": 2353000.0,
        "Normalized Income": 40882000.0,
        "Net Income From Continuing And Discontinued Operation": 40882000.0,
        "Total Expenses": 503740000.0,
        "Total Operating Income As Reported": 47344000.0,
        "Diluted Average Shares": 43708967.0,
        "Basic Average Shares": 42868310.0,
        "Diluted EPS": 0.94,
        "Basic EPS": 0.95,
        "Diluted NI Availto Com Stockholders": 40882000.0,
        "Net Income Common Stockholders": 40882000.0,
        "Net Income": 40882000.0,
        "Net Income Including Noncontrolling Interests": 40882000.0,
        "Net Income Continuous Operations": 40882000.0,
        "Earnings From Equity Interest Net Of Tax": -1610000.0,
        "Tax Provision": 11277000.0,
        "Pretax Income": 53769000.0,
        "Other Income Expense": 8778000.0,
        "Other Non Operating Income Expenses": 8778000.0,
        "Net Non Operating Interest Income Expense": -2353000.0,
        "Interest Expense Non Operating": 2353000.0,
        "Operating Income": 47344000.0,
        "Operating Expense": 168509000.0,
        "Selling General And Administration": 168509000.0,
        "Gross Profit": 215853000.0,
        "Cost Of Revenue": 335231000.0,
        "Total Revenue": 551084000.0,
        "Operating Revenue": 551084000.0
    },
    "2024-12-31": {
        "Tax Effect Of Unusual Items": 0.0,
        "Tax Rate For Calcs": 0.257,
        "Normalized EBITDA": 159825000.0,
        "Net Income From Continuing Operation Net Minority Interest": 96393000.0,
        "Reconciled Depreciation": 27395000.0,
        "Reconciled Cost Of Revenue": 347353000.0,
        "EBITDA": 159825000.0,
        "EBIT": 132430000.0,
        "Net Interest Income": -2670000.0,
        "Interest Expense": 2670000.0,
        "Normalized Income": 96393000.0,
        "Net Income From Continuing And Discontinued Operation": 96393000.0,
        "Total Expenses": 462111000.0,
        "Total Operating Income As Reported": 125100000.0,
        "Diluted Average Shares": 47462688.0,
        "Basic Average Shares": 43017190.0,
        "Diluted EPS": 2.03,
        "Basic EPS": 2.24,
        "Diluted NI Availto Com Stockholders": 96393000.0,
        "Net Income Common Stockholders": 96393000.0,
        "Net Income": 96393000.0,
        "Net Income Including Noncontrolling Interests": 96393000.0,
        "Net Income Continuous Operations": 96393000.0,
        "Earnings From Equity Interest Net Of Tax": -6000.0,
        "Tax Provision": 33361000.0,
        "Pretax Income": 129760000.0,
        "Other Income Expense": 7330000.0,
        "Other Non Operating Income Expenses": 7330000.0,
        "Net Non Operating Interest Income Expense": -2670000.0,
        "Interest Expense Non Operating": 2670000.0,
        "Operating Income": 125100000.0,
        "Operating Expense": 114758000.0,
        "Selling General And Administration": 114758000.0,
        "Gross Profit": 239858000.0,
        "Cost Of Revenue": 347353000.0,
        "Total Revenue": 587211000.0,
        "Operating Revenue": 587211000.0
    },
    "2025-03-31": {
        "Tax Effect Of Unusual Items": 0.0,
        "Tax Rate For Calcs": 0.263,
        "Normalized EBITDA": 167087000.0,
        "Net Income From Continuing Operation Net Minority Interest": 99346000.0,
        "Reconciled Depreciation": 28941000.0,
        "Reconciled Cost Of Revenue": 364086000.0,
        "EBITDA": 167087000.0,
        "EBIT": 138146000.0,
        "Net Interest Income": -2787000.0,
        "Interest Expense": 2787000.0,
        "Normalized Income": 99346000.0,
        "Net Income From Continuing And Discontinued Operation": 99346000.0,
        "Total Expenses": 482590000.0,
        "Total Operating Income As Reported": 130786000.0,
        "Diluted Average Shares": 49181728.0,
        "Basic Average Shares": 43092682.0,
        "Diluted EPS": 2.02,
        "Basic EPS": 2.31,
        "Diluted NI Availto Com Stockholders": 99346000.0,
        "Net Income Common Stockholders": 99346000.0,
        "Net Income": 99346000.0,
        "Net Income Including Noncontrolling Interests": 99346000.0,
        "Net Income Continuous Operations": 99346000.0,
        "Earnings From Equity Interest Net Of Tax": -563000.0,
        "Tax Provision": 35450000.0,
        "Pretax Income": 135359000.0,
        "Other Income Expense": 7360000.0,
        "Other Non Operating Income Expenses": 7360000.0,
        "Net Non Operating Interest Income Expense": -2787000.0,
        "Interest Expense Non Operating": 2787000.0,
        "Operating Income": 130786000.0,
        "Operating Expense": 118504000.0,
        "Selling General And Administration": 118504000.0,
        "Gross Profit": 249290000.0,
        "Cost Of Revenue": 364086000.0,
        "Total Revenue": 613376000.0,
        "Operating Revenue": 613376000.0
    },
    "2025-06-30": {
        "Tax Effect Of Unusual Items": 0.0,
        "Tax Rate For Calcs": 0.200821,
        "Normalized EBITDA": 97224000.0,
        "Net Income From Continuing Operation Net Minority Interest": 51320000.0,
        "Reconciled Depreciation": 30199000.0,
        "Reconciled Cost Of Revenue": 414728000.0,
        "EBITDA": 97224000.0,
        "EBIT": 67025000.0,
        "Net Interest Income": -2694000.0,
        "Interest Expense": 2694000.0,
        "Normalized Income": 51320000.0,
        "Net Income From Continuing And Discontinued Operation": 51320000.0,
        "Total Expenses": 537304000.0,
        "Total Operating Income As Reported": 56865000.0,
        "Diluted Average Shares": 49767056.0,
        "Basic Average Shares": 43186913.0,
        "Diluted EPS": 1.03,
        "Basic EPS": 1.19,
        "Diluted NI Availto Com Stockholders": 51320000.0,
        "Net Income Common Stockholders": 51320000.0,
        "Net Income": 51320000.0,
        "Net Income Including Noncontrolling Interests": 51320000.0,
        "Net Income Continuous Operations": 51320000.0,
        "Earnings From Equity Interest Net Of Tax": -92000.0,
        "Tax Provision": 12919000.0,
        "Pretax Income": 64331000.0,
        "Other Income Expense": -49318000.0,
        "Other Non Operating Income Expenses": 10160000.0,
        "Net Non Operating Interest Income Expense": -2694000.0,
        "Interest Expense Non Operating": 2694000.0,
        "Operating Income": 116343000.0,
        "Operating Expense": 122576000.0,
        "Selling General And Administration": 122576000.0,
        "Gross Profit": 238919000.0,
        "Cost Of Revenue": 414728000.0,
        "Total Revenue": 653647000.0,
        "Operating Revenue": 653647000.0
    },
    "2025-09-30": {
        "Tax Effect Of Unusual Items": 0.0,
        "Tax Rate For Calcs": 0.173,
        "Normalized EBITDA": 115131000.0,
        "Net Income From Continuing Operation Net Minority Interest": 68800000.0,
        "Reconciled Depreciation": 29234000.0,
        "Reconciled Cost Of Revenue": 378761000.0,
        "EBITDA": 115131000.0,
        "EBIT": 85897000.0,
        "Net Interest Income": -3075000.0,
        "Interest Expense": 3075000.0,
        "Normalized Income": 68800000.0,
        "Net Income From Continuing And Discontinued Operation": 68800000.0,
        "Total Expenses": 551901000.0,
        "Total Operating Income As Reported": 68983000.0,
        "Diluted Average Shares": 49222851.0,
        "Basic Average Shares": 43371952.0,
        "Diluted EPS": 1.4,
        "Basic EPS": 1.59,
        "Diluted NI Availto Com Stockholders": 68800000.0,
        "Net Income Common Stockholders": 68800000.0,
        "Net Income": 68800000.0,
        "Net Income Including Noncontrolling Interests": 68800000.0,
        "Net Income Continuous Operations": 68800000.0,
        "Earnings From Equity Interest Net Of Tax": 401000.0,
        "Tax Provision": 14423000.0,
        "Pretax Income": 82822000.0,
        "Other Income Expense": 16914000.0,
        "Other Non Operating Income Expenses": 16914000.0,
        "Net Non Operating Interest Income Expense": -3075000.0,
        "Interest Expense Non Operating": 3075000.0,
        "Operating Income": 68983000.0,
        "Operating Expense": 173140000.0,
        "Selling General And Administration": 173140000.0,
        "Gross Profit": 242123000.0,
        "Cost Of Revenue": 378761000.0,
        "Total Revenue": 620884000.0,
        "Operating Revenue": 620884000.0
    }
}