{
    "2023-03-31": {
        "Tax Effect Of Unusual Items": NaN,
        "Tax Rate For Calcs": NaN,
        "Normalized EBITDA": NaN,
        "Total Unusual Items": NaN,
        "Total Unusual Items Excluding Goodwill": NaN,
        "Net Income From Continuing Operation Net Minority Interest": NaN,
        "Reconciled Depreciation": NaN,
        "Reconciled Cost Of Revenue": NaN,
        "EBITDA": NaN,
        "EBIT": NaN,
        "Net Interest Income": NaN,
        "Interest Expense": NaN,
        "Interest Income": NaN,
        "Normalized Income": NaN,
        "Net Income From Continuing And Discontinued Operation": NaN,
        "Total Expenses": NaN,
        "Total Operating Income As Reported": NaN,
        "Diluted Average Shares": NaN,
        "Basic Average Shares": NaN,
        "Diluted EPS": NaN,
        "Basic EPS": NaN,
        "Diluted NI Availto Com Stockholders": NaN,
        "Net Income Common Stockholders": NaN,
        "Otherunder Preferred Stock Dividend": -215000.0,
        "Net Income": NaN,
        "Net Income Including Noncontrolling Interests": NaN,
        "Net Income Continuous Operations": NaN,
        "Earnings From Equity Interest Net Of Tax": NaN,
        "Tax Provision": NaN,
        "Pretax Income": NaN,
        "Other Income Expense": -329000.0,
        "Special Income Charges": NaN,
        "Gain On Sale Of Business": NaN,
        "Restructuring And Mergern Acquisition": NaN,
        "Gain On Sale Of Security": -329000.0,
        "Net Non Operating Interest Income Expense": NaN,
        "Interest Expense Non Operating": NaN,
        "Interest Income Non Operating": NaN,
        "Operating Income": NaN,
        "Operating Expense": NaN,
        "Provision For Doubtful Accounts": NaN,
        "Depreciation Amortization Depletion Income Statement": NaN,
        "Depreciation And Amortization In Income Statement": NaN,
        "Selling General And Administration": NaN,
        "Gross Profit": NaN,
        "Cost Of Revenue": NaN,
        "Total Revenue": NaN,
        "Operating Revenue": NaN
    },
    "2022-12-31": {
        "Tax Effect Of Unusual Items": NaN,
        "Tax Rate For Calcs": NaN,
        "Normalized EBITDA": NaN,
        "Total Unusual Items": NaN,
        "Total Unusual Items Excluding Goodwill": NaN,
        "Net Income From Continuing Operation Net Minority Interest": NaN,
        "Reconciled Depreciation": NaN,
        "Reconciled Cost Of Revenue": NaN,
        "EBITDA": NaN,
        "EBIT": NaN,
        "Net Interest Income": NaN,
        "Interest Expense": NaN,
        "Interest Income": NaN,
        "Normalized Income": NaN,
        "Net Income From Continuing And Discontinued Operation": NaN,
        "Total Expenses": NaN,
        "Total Operating Income As Reported": NaN,
        "Diluted Average Shares": NaN,
        "Basic Average Shares": NaN,
        "Diluted EPS": NaN,
        "Basic EPS": NaN,
        "Diluted NI Availto Com Stockholders": NaN,
        "Net Income Common Stockholders": NaN,
        "Otherunder Preferred Stock Dividend": -272000.0,
        "Net Income": NaN,
        "Net Income Including Noncontrolling Interests": NaN,
        "Net Income Continuous Operations": NaN,
        "Earnings From Equity Interest Net Of Tax": NaN,
        "Tax Provision": NaN,
        "Pretax Income": NaN,
        "Other Income Expense": -112000.0,
        "Special Income Charges": NaN,
        "Gain On Sale Of Business": NaN,
        "Restructuring And Mergern Acquisition": 0.0,
        "Gain On Sale Of Security": -112000.0,
        "Net Non Operating Interest Income Expense": NaN,
        "Interest Expense Non Operating": NaN,
        "Interest Income Non Operating": NaN,
        "Operating Income": NaN,
        "Operating Expense": NaN,
        "Provision For Doubtful Accounts": NaN,
        "Depreciation Amortization Depletion Income Statement": NaN,
        "Depreciation And Amortization In Income Statement": NaN,
        "Selling General And Administration": NaN,
        "Gross Profit": NaN,
        "Cost Of Revenue": NaN,
        "Total Revenue": NaN,
        "Operating Revenue": NaN
    },
    "2022-09-30": {
        "Tax Effect Of Unusual Items": NaN,
        "Tax Rate For Calcs": NaN,
        "Normalized EBITDA": NaN,
        "Total Unusual Items": NaN,
        "Total Unusual Items Excluding Goodwill": NaN,
        "Net Income From Continuing Operation Net Minority Interest": NaN,
        "Reconciled Depreciation": NaN,
        "Reconciled Cost Of Revenue": NaN,
        "EBITDA": NaN,
        "EBIT": NaN,
        "Net Interest Income": NaN,
        "Interest Expense": NaN,
        "Interest Income": NaN,
        "Normalized Income": NaN,
        "Net Income From Continuing And Discontinued Operation": NaN,
        "Total Expenses": NaN,
        "Total Operating Income As Reported": NaN,
        "Diluted Average Shares": NaN,
        "Basic Average Shares": NaN,
        "Diluted EPS": NaN,
        "Basic EPS": NaN,
        "Diluted NI Availto Com Stockholders": NaN,
        "Net Income Common Stockholders": NaN,
        "Otherunder Preferred Stock Dividend": -419000.0,
        "Net Income": NaN,
        "Net Income Including Noncontrolling Interests": NaN,
        "Net Income Continuous Operations": NaN,
        "Earnings From Equity Interest Net Of Tax": NaN,
        "Tax Provision": NaN,
        "Pretax Income": NaN,
        "Other Income Expense": 248000.0,
        "Special Income Charges": NaN,
        "Gain On Sale Of Business": NaN,
        "Restructuring And Mergern Acquisition": 0.0,
        "Gain On Sale Of Security": NaN,
        "Net Non Operating Interest Income Expense": NaN,
        "Interest Expense Non Operating": NaN,
        "Interest Income Non Operating": NaN,
        "Operating Income": NaN,
        "Operating Expense": NaN,
        "Provision For Doubtful Accounts": NaN,
        "Depreciation Amortization Depletion Income Statement": NaN,
        "Depreciation And Amortization In Income Statement": NaN,
        "Selling General And Administration": NaN,
        "Gross Profit": NaN,
        "Cost Of Revenue": NaN,
        "Total Revenue": NaN,
        "Operating Revenue": NaN
    },
    "2022-06-30": {
        "Tax Effect Of Unusual Items": -139200.107009,
        "Tax Rate For Calcs": 0.032638,
        "Normalized EBITDA": 230000.0,
        "Total Unusual Items": -4265000.0,
        "Total Unusual Items Excluding Goodwill": -4265000.0,
        "Net Income From Continuing Operation Net Minority Interest": -15149000.0,
        "Reconciled Depreciation": 5491000.0,
        "Reconciled Cost Of Revenue": 100522000.0,
        "EBITDA": -4035000.0,
        "EBIT": -9526000.0,
        "Net Interest Income": -2931000.0,
        "Interest Expense": 3557000.0,
        "Interest Income": 626000.0,
        "Normalized Income": -11023200.107009,
        "Net Income From Continuing And Discontinued Operation": -15149000.0,
        "Total Expenses": 127676000.0,
        "Total Operating Income As Reported": -10122000.0,
        "Diluted Average Shares": 59427000.0,
        "Basic Average Shares": 59427000.0,
        "Diluted EPS": -0.25,
        "Basic EPS": -0.25,
        "Diluted NI Availto Com Stockholders": -15149000.0,
        "Net Income Common Stockholders": -15149000.0,
        "Otherunder Preferred Stock Dividend": NaN,
        "Net Income": -15149000.0,
        "Net Income Including Noncontrolling Interests": -15149000.0,
        "Net Income Continuous Operations": -15149000.0,
        "Earnings From Equity Interest Net Of Tax": -2493000.0,
        "Tax Provision": -427000.0,
        "Pretax Income": -13083000.0,
        "Other Income Expense": -4265000.0,
        "Special Income Charges": -4235000.0,
        "Gain On Sale Of Business": NaN,
        "Impairment Of Capital Assets": NaN,
        "Restructuring And Mergern Acquisition": 4235000.0,
        "Gain On Sale Of Security": -30000.0,
        "Net Non Operating Interest Income Expense": -2931000.0,
        "Interest Expense Non Operating": 3557000.0,
        "Interest Income Non Operating": 626000.0,
        "Operating Income": -5887000.0,
        "Operating Expense": 27154000.0,
        "Depreciation Amortization Depletion Income Statement": 5491000.0,
        "Depreciation And Amortization In Income Statement": 5491000.0,
        "Selling General And Administration": 21663000.0,
        "Gross Profit": 21267000.0,
        "Cost Of Revenue": 100522000.0,
        "Total Revenue": 121789000.0,
        "Operating Revenue": 121789000.0
    },
    "2022-03-31": {
        "Diluted EPS": -0.06,
        "Total Revenue": 35,
        "Gross Profit": 12,
        "Operating Income": -9,
        "EBIT": -9,
        "Net Income": -3
    },
    "2021-12-31": {
        "Diluted EPS": -0.22,
        "Total Revenue": 31,
        "Gross Profit": 11,
        "Operating Income": -9,
        "EBIT": -9,
        "Net Income": -12
    },
    "2021-09-30": {
        "Diluted EPS": -0.23,
        "Total Revenue": 35,
        "Gross Profit": 10,
        "Operating Income": -11,
        "EBIT": -10,
        "Net Income": -13
    },
    "2021-06-30": {
        "Diluted EPS": 0.03,
        "Total Revenue": 35,
        "Gross Profit": 12,
        "Operating Income": -14,
        "EBIT": -12,
        "Net Income": 2
    },
    "2021-03-31": {
        "Diluted EPS": -0.11,
        "Total Revenue": 29,
        "Gross Profit": 6,
        "Operating Income": -14,
        "EBIT": -13,
        "Net Income": -6
    },
    "2020-12-31": {
        "Diluted EPS": -0.08,
        "Total Revenue": 32,
        "Gross Profit": 8,
        "Operating Income": -15,
        "EBIT": -14,
        "Net Income": -5
    },
    "2020-09-30": {
        "Diluted EPS": -0.51,
        "Total Revenue": 35,
        "Gross Profit": 9,
        "Operating Income": -11,
        "EBIT": -10,
        "Net Income": -29
    },
    "2020-06-30": {
        "Diluted EPS": -0.69,
        "Total Revenue": 26,
        "Gross Profit": 4,
        "Operating Income": -13,
        "EBIT": -19,
        "Net Income": -39
    },
    "2020-03-31": {
        "Diluted EPS": -0.61,
        "Total Revenue": 35,
        "Gross Profit": 11,
        "Operating Income": -14,
        "EBIT": -5,
        "Net Income": -35
    },
    "2019-12-31": {
        "Diluted EPS": -0.0,
        "Total Revenue": 39,
        "Gross Profit": 12,
        "Operating Income": -10,
        "EBIT": -6,
        "Net Income": 0
    },
    "2019-09-30": {
        "Diluted EPS": -0.08,
        "Total Revenue": 48,
        "Gross Profit": 16,
        "Operating Income": -6,
        "EBIT": -2,
        "Net Income": -4
    },
    "2019-06-30": {
        "Diluted EPS": -3.27,
        "Total Revenue": 17,
        "Gross Profit": -9,
        "Operating Income": -52,
        "EBIT": -59,
        "Net Income": -183
    },
    "2019-03-31": {
        "Diluted EPS": -1.03,
        "Total Revenue": 37,
        "Gross Profit": 7,
        "Operating Income": -24,
        "EBIT": 0,
        "Net Income": -59
    },
    "2018-12-31": {
        "Diluted EPS": -1.12,
        "Total Revenue": 77,
        "Gross Profit": 36,
        "Operating Income": -49,
        "EBIT": -39,
        "Net Income": -64
    },
    "2018-09-30": {
        "Diluted EPS": -0.09,
        "Total Revenue": 126,
        "Gross Profit": 54,
        "Operating Income": 1,
        "EBIT": 12,
        "Net Income": -5
    },
    "2018-06-30": {
        "Diluted EPS": 0.01,
        "Total Revenue": -4,
        "Gross Profit": -21,
        "Operating Income": 5,
        "EBIT": 14,
        "Net Income": 1
    },
    "2018-03-31": {
        "Diluted EPS": 0.57,
        "Total Revenue": 163,
        "Gross Profit": 85,
        "Operating Income": 8,
        "EBIT": 17,
        "Net Income": 32
    },
    "2017-12-31": {
        "Diluted EPS": 0.17,
        "Total Revenue": 148,
        "Gross Profit": 74,
        "Operating Income": 16,
        "EBIT": 25,
        "Net Income": 10
    },
    "2017-09-30": {
        "Diluted EPS": 0.34,
        "Total Revenue": 153,
        "Gross Profit": 78,
        "Operating Income": 25,
        "EBIT": 34,
        "Net Income": 19
    },
    "2017-06-30": {
        "Diluted EPS": 0.18,
        "Total Revenue": 155,
        "Gross Profit": 82,
        "Operating Income": 15,
        "EBIT": 26,
        "Net Income": 11
    },
    "2017-03-31": {
        "Diluted EPS": 0.34,
        "Total Revenue": 148,
        "Gross Profit": 77,
        "Operating Income": 25,
        "EBIT": 35,
        "Net Income": 18
    },
    "2016-12-31": {
        "Diluted EPS": 0.35,
        "Total Revenue": 151,
        "Gross Profit": 78,
        "Operating Income": 26,
        "EBIT": 36,
        "Net Income": 19
    },
    "2016-09-30": {
        "Diluted EPS": 0.46,
        "Total Revenue": 156,
        "Gross Profit": 81,
        "Operating Income": 32,
        "EBIT": 42,
        "Net Income": 25
    },
    "2016-06-30": {
        "Diluted EPS": 0.47,
        "Total Revenue": 151,
        "Gross Profit": 80,
        "Operating Income": 32,
        "EBIT": 43,
        "Net Income": 24
    },
    "2016-03-31": {
        "Diluted EPS": 0.4,
        "Total Revenue": 135,
        "Gross Profit": 71,
        "Operating Income": 26,
        "EBIT": 36,
        "Net Income": 18
    },
    "2015-12-31": {
        "Diluted EPS": 0.35,
        "Total Revenue": 150,
        "Gross Profit": 72,
        "Operating Income": 25,
        "EBIT": 35,
        "Net Income": 17
    },
    "2015-09-30": {
        "Diluted EPS": 0.49,
        "Total Revenue": 154,
        "Gross Profit": 77,
        "Operating Income": 31,
        "EBIT": 41,
        "Net Income": 23
    },
    "2015-06-30": {
        "Diluted EPS": 0.51,
        "Total Revenue": 164,
        "Gross Profit": 84,
        "Operating Income": 33,
        "EBIT": 43,
        "Net Income": 24
    },
    "2015-03-31": {
        "Diluted EPS": 0.52,
        "Total Revenue": 151,
        "Gross Profit": 80,
        "Operating Income": 32,
        "EBIT": 42,
        "Net Income": 24
    },
    "2014-12-31": {
        "Diluted EPS": 0.48,
        "Total Revenue": 154,
        "Gross Profit": 82,
        "Operating Income": 31,
        "EBIT": 41,
        "Net Income": 22
    },
    "2014-09-30": {
        "Diluted EPS": 0.51,
        "Total Revenue": 156,
        "Gross Profit": 82,
        "Operating Income": 33,
        "EBIT": 43,
        "Net Income": 24
    },
    "2014-06-30": {
        "Diluted EPS": 0.6,
        "Total Revenue": 183,
        "Gross Profit": 110,
        "Operating Income": 43,
        "EBIT": 53,
        "Net Income": 29
    },
    "2014-03-31": {
        "Diluted EPS": 0.37,
        "Total Revenue": 138,
        "Gross Profit": 75,
        "Operating Income": 24,
        "EBIT": 34,
        "Net Income": 17
    },
    "2013-12-31": {
        "Diluted EPS": 0.28,
        "Total Revenue": 137,
        "Gross Profit": 69,
        "Operating Income": 19,
        "EBIT": 29,
        "Net Income": 13
    },
    "2013-09-30": {
        "Diluted EPS": 0.25,
        "Total Revenue": 123,
        "Gross Profit": 67,
        "Operating Income": 16,
        "EBIT": 26,
        "Net Income": 12
    },
    "2013-06-30": {
        "Diluted EPS": 0.17,
        "Total Revenue": 118,
        "Gross Profit": 65,
        "Operating Income": 14,
        "EBIT": 23,
        "Net Income": 8
    },
    "2013-03-31": {
        "Diluted EPS": -0.1,
        "Total Revenue": 111,
        "Gross Profit": 60,
        "Operating Income": -5,
        "EBIT": 6,
        "Net Income": -5
    },
    "2012-12-31": {
        "Diluted EPS": 0.06,
        "Total Revenue": 111,
        "Gross Profit": 64,
        "Operating Income": 5,
        "EBIT": 16,
        "Net Income": 3
    },
    "2012-09-30": {
        "Diluted EPS": 0.15,
        "Total Revenue": 112,
        "Gross Profit": 67,
        "Operating Income": 9,
        "EBIT": 19,
        "Net Income": 7
    },
    "2012-06-30": {
        "Diluted EPS": -0.18,
        "Total Revenue": 108,
        "Gross Profit": 66,
        "Operating Income": -2,
        "EBIT": 7,
        "Net Income": -8
    },
    "2012-03-31": {
        "Diluted EPS": 0.17,
        "Total Revenue": 91,
        "Gross Profit": 58,
        "Operating Income": 12,
        "EBIT": 22,
        "Net Income": 8
    },
    "2011-12-31": {
        "Diluted EPS": 0.56,
        "Total Revenue": 92,
        "Gross Profit": 58,
        "Operating Income": 20,
        "EBIT": 29,
        "Net Income": 25
    },
    "2011-09-30": {
        "Diluted EPS": 0.44,
        "Total Revenue": 100,
        "Gross Profit": 67,
        "Operating Income": 31,
        "EBIT": 40,
        "Net Income": 20
    },
    "2011-06-30": {
        "Diluted EPS": 0.15,
        "Total Revenue": 97,
        "Gross Profit": 64,
        "Operating Income": -15,
        "EBIT": -6,
        "Net Income": 7
    },
    "2011-03-31": {
        "Diluted EPS": -0.47,
        "Total Revenue": 93,
        "Gross Profit": 63,
        "Operating Income": 20,
        "EBIT": 73,
        "Net Income": -22
    },
    "2010-12-31": {
        "Diluted EPS": 0.22,
        "Total Revenue": 89,
        "Gross Profit": 60,
        "Operating Income": 22,
        "EBIT": 33,
        "Net Income": 10
    },
    "2010-09-30": {
        "Diluted EPS": 0.16,
        "Total Revenue": 64,
        "Gross Profit": 46,
        "Operating Income": 11,
        "EBIT": 16,
        "Net Income": 7
    },
    "2010-06-30": {
        "Diluted EPS": -0.36,
        "Total Revenue": 69,
        "Gross Profit": 51,
        "Operating Income": -13,
        "EBIT": 30,
        "Net Income": -17
    },
    "2010-03-31": {
        "Diluted EPS": 0.41,
        "Total Revenue": 72,
        "Gross Profit": 54,
        "Operating Income": 27,
        "EBIT": 32,
        "Net Income": 19
    },
    "2009-12-31": {
        "Diluted EPS": 0.42,
        "Total Revenue": 74,
        "Gross Profit": 53,
        "Operating Income": 29,
        "EBIT": 34,
        "Net Income": 19
    },
    "2009-09-30": {
        "Diluted EPS": 0.37,
        "Total Revenue": 66,
        "Gross Profit": 49,
        "Operating Income": 26,
        "EBIT": 31,
        "Net Income": 18
    },
    "2009-06-30": {
        "Diluted EPS": 0.33,
        "Total Revenue": 62,
        "Gross Profit": 43,
        "Operating Income": 20,
        "EBIT": 25,
        "Net Income": 18
    },
    "2009-03-31": {
        "Diluted EPS": 0.26,
        "Total Revenue": 56,
        "Gross Profit": 41,
        "Operating Income": 22,
        "EBIT": 26,
        "Net Income": 14
    },
    "2023-06-30": {
        "Tax Effect Of Unusual Items": NaN,
        "Tax Rate For Calcs": NaN,
        "Normalized EBITDA": NaN,
        "Total Unusual Items": NaN,
        "Total Unusual Items Excluding Goodwill": NaN,
        "Net Income From Continuing Operation Net Minority Interest": NaN,
        "Reconciled Depreciation": NaN,
        "Reconciled Cost Of Revenue": NaN,
        "EBITDA": NaN,
        "EBIT": NaN,
        "Net Interest Income": NaN,
        "Interest Expense": NaN,
        "Interest Income": NaN,
        "Normalized Income": NaN,
        "Net Income From Continuing And Discontinued Operation": NaN,
        "Total Expenses": NaN,
        "Total Operating Income As Reported": NaN,
        "Diluted Average Shares": NaN,
        "Basic Average Shares": NaN,
        "Diluted EPS": NaN,
        "Basic EPS": NaN,
        "Diluted NI Availto Com Stockholders": NaN,
        "Net Income Common Stockholders": NaN,
        "Otherunder Preferred Stock Dividend": NaN,
        "Net Income": NaN,
        "Minority Interests": NaN,
        "Net Income Including Noncontrolling Interests": NaN,
        "Net Income Continuous Operations": NaN,
        "Earnings From Equity Interest Net Of Tax": NaN,
        "Tax Provision": NaN,
        "Pretax Income": NaN,
        "Other Income Expense": NaN,
        "Special Income Charges": NaN,
        "Gain On Sale Of Business": NaN,
        "Restructuring And Mergern Acquisition": NaN,
        "Gain On Sale Of Security": -12000.0,
        "Net Non Operating Interest Income Expense": NaN,
        "Interest Expense Non Operating": NaN,
        "Interest Income Non Operating": NaN,
        "Operating Income": NaN,
        "Operating Expense": NaN,
        "Provision For Doubtful Accounts": NaN,
        "Depreciation Amortization Depletion Income Statement": NaN,
        "Depreciation And Amortization In Income Statement": NaN,
        "Selling General And Administration": NaN,
        "Gross Profit": NaN,
        "Cost Of Revenue": NaN,
        "Total Revenue": NaN,
        "Operating Revenue": NaN
    },
    "2023-09-30": {
        "Tax Effect Of Unusual Items": NaN,
        "Tax Rate For Calcs": NaN,
        "Normalized EBITDA": NaN,
        "Total Unusual Items": NaN,
        "Total Unusual Items Excluding Goodwill": NaN,
        "Net Income From Continuing Operation Net Minority Interest": NaN,
        "Reconciled Depreciation": NaN,
        "Reconciled Cost Of Revenue": NaN,
        "EBITDA": NaN,
        "EBIT": NaN,
        "Net Interest Income": NaN,
        "Interest Expense": NaN,
        "Interest Income": NaN,
        "Normalized Income": NaN,
        "Net Income From Continuing And Discontinued Operation": NaN,
        "Total Expenses": NaN,
        "Total Operating Income As Reported": NaN,
        "Diluted Average Shares": 60990000.0,
        "Basic Average Shares": 60990000.0,
        "Diluted EPS": -0.09,
        "Basic EPS": -0.09,
        "Diluted NI Availto Com Stockholders": NaN,
        "Net Income Common Stockholders": NaN,
        "Otherunder Preferred Stock Dividend": -249000.0,
        "Net Income": NaN,
        "Minority Interests": NaN,
        "Net Income Including Noncontrolling Interests": NaN,
        "Net Income Continuous Operations": NaN,
        "Earnings From Equity Interest Net Of Tax": NaN,
        "Tax Provision": NaN,
        "Pretax Income": NaN,
        "Other Income Expense": NaN,
        "Special Income Charges": NaN,
        "Gain On Sale Of Business": 0.0,
        "Restructuring And Mergern Acquisition": NaN,
        "Gain On Sale Of Security": NaN,
        "Net Non Operating Interest Income Expense": NaN,
        "Interest Expense Non Operating": NaN,
        "Interest Income Non Operating": NaN,
        "Operating Income": NaN,
        "Operating Expense": NaN,
        "Provision For Doubtful Accounts": NaN,
        "Depreciation Amortization Depletion Income Statement": NaN,
        "Depreciation And Amortization In Income Statement": NaN,
        "Selling General And Administration": NaN,
        "Gross Profit": NaN,
        "Cost Of Revenue": NaN,
        "Total Revenue": NaN,
        "Operating Revenue": NaN
    },
    "2023-12-31": {
        "Tax Effect Of Unusual Items": NaN,
        "Tax Rate For Calcs": NaN,
        "Normalized EBITDA": NaN,
        "Total Unusual Items": NaN,
        "Total Unusual Items Excluding Goodwill": NaN,
        "Net Income From Continuing Operation Net Minority Interest": NaN,
        "Reconciled Depreciation": NaN,
        "Reconciled Cost Of Revenue": NaN,
        "EBITDA": NaN,
        "EBIT": NaN,
        "Net Interest Income": NaN,
        "Interest Expense": NaN,
        "Interest Income": NaN,
        "Normalized Income": NaN,
        "Net Income From Continuing And Discontinued Operation": NaN,
        "Total Expenses": NaN,
        "Total Operating Income As Reported": NaN,
        "Diluted Average Shares": NaN,
        "Basic Average Shares": NaN,
        "Diluted EPS": NaN,
        "Basic EPS": NaN,
        "Diluted NI Availto Com Stockholders": NaN,
        "Net Income Common Stockholders": NaN,
        "Otherunder Preferred Stock Dividend": -119000.0,
        "Net Income": NaN,
        "Minority Interests": 0.0,
        "Net Income Including Noncontrolling Interests": NaN,
        "Net Income Continuous Operations": NaN,
        "Earnings From Equity Interest Net Of Tax": NaN,
        "Tax Provision": NaN,
        "Pretax Income": NaN,
        "Other Income Expense": NaN,
        "Special Income Charges": NaN,
        "Gain On Sale Of Business": 0.0,
        "Restructuring And Mergern Acquisition": NaN,
        "Gain On Sale Of Security": NaN,
        "Net Non Operating Interest Income Expense": NaN,
        "Interest Expense Non Operating": NaN,
        "Interest Income Non Operating": NaN,
        "Operating Income": NaN,
        "Operating Expense": NaN,
        "Provision For Doubtful Accounts": NaN,
        "Depreciation Amortization Depletion Income Statement": NaN,
        "Depreciation And Amortization In Income Statement": NaN,
        "Selling General And Administration": NaN,
        "Gross Profit": NaN,
        "Cost Of Revenue": NaN,
        "Total Revenue": NaN,
        "Operating Revenue": NaN
    },
    "2024-03-31": {
        "Tax Effect Of Unusual Items": NaN,
        "Tax Rate For Calcs": NaN,
        "Normalized EBITDA": NaN,
        "Total Unusual Items": NaN,
        "Total Unusual Items Excluding Goodwill": NaN,
        "Net Income From Continuing Operation Net Minority Interest": NaN,
        "Reconciled Depreciation": NaN,
        "Reconciled Cost Of Revenue": NaN,
        "EBITDA": NaN,
        "EBIT": NaN,
        "Net Interest Income": NaN,
        "Interest Expense": NaN,
        "Interest Income": NaN,
        "Normalized Income": NaN,
        "Net Income From Continuing And Discontinued Operation": NaN,
        "Total Expenses": NaN,
        "Total Operating Income As Reported": NaN,
        "Diluted Average Shares": NaN,
        "Basic Average Shares": NaN,
        "Diluted EPS": NaN,
        "Basic EPS": NaN,
        "Diluted NI Availto Com Stockholders": NaN,
        "Net Income Common Stockholders": NaN,
        "Otherunder Preferred Stock Dividend": NaN,
        "Net Income": NaN,
        "Minority Interests": NaN,
        "Net Income Including Noncontrolling Interests": NaN,
        "Net Income Continuous Operations": NaN,
        "Earnings From Equity Interest Net Of Tax": NaN,
        "Tax Provision": NaN,
        "Pretax Income": NaN,
        "Other Income Expense": NaN,
        "Special Income Charges": NaN,
        "Gain On Sale Of Business": 0.0,
        "Write Off": NaN,
        "Restructuring And Mergern Acquisition": NaN,
        "Gain On Sale Of Security": NaN,
        "Net Non Operating Interest Income Expense": NaN,
        "Interest Expense Non Operating": NaN,
        "Interest Income Non Operating": NaN,
        "Operating Income": NaN,
        "Operating Expense": NaN,
        "Provision For Doubtful Accounts": NaN,
        "Depreciation Amortization Depletion Income Statement": NaN,
        "Depreciation And Amortization In Income Statement": NaN,
        "Selling General And Administration": NaN,
        "Gross Profit": NaN,
        "Cost Of Revenue": NaN,
        "Total Revenue": NaN,
        "Operating Revenue": NaN
    },
    "2024-06-30": {
        "Tax Effect Of Unusual Items": NaN,
        "Tax Rate For Calcs": NaN,
        "Normalized EBITDA": NaN,
        "Total Unusual Items": NaN,
        "Total Unusual Items Excluding Goodwill": NaN,
        "Net Income From Continuing Operation Net Minority Interest": NaN,
        "Reconciled Depreciation": NaN,
        "Reconciled Cost Of Revenue": NaN,
        "EBITDA": NaN,
        "EBIT": NaN,
        "Net Interest Income": NaN,
        "Interest Expense": NaN,
        "Interest Income": NaN,
        "Normalized Income": NaN,
        "Net Income From Continuing And Discontinued Operation": NaN,
        "Total Expenses": NaN,
        "Total Operating Income As Reported": NaN,
        "Diluted Average Shares": NaN,
        "Basic Average Shares": NaN,
        "Diluted EPS": NaN,
        "Basic EPS": NaN,
        "Diluted NI Availto Com Stockholders": NaN,
        "Net Income Common Stockholders": NaN,
        "Otherunder Preferred Stock Dividend": NaN,
        "Net Income": NaN,
        "Minority Interests": NaN,
        "Net Income Including Noncontrolling Interests": NaN,
        "Net Income Continuous Operations": NaN,
        "Earnings From Equity Interest Net Of Tax": NaN,
        "Tax Provision": NaN,
        "Pretax Income": NaN,
        "Other Income Expense": NaN,
        "Other Non Operating Income Expenses": NaN,
        "Special Income Charges": NaN,
        "Gain On Sale Of Business": 0.0,
        "Write Off": NaN,
        "Restructuring And Mergern Acquisition": NaN,
        "Gain On Sale Of Security": NaN,
        "Net Non Operating Interest Income Expense": NaN,
        "Interest Expense Non Operating": NaN,
        "Interest Income Non Operating": NaN,
        "Operating Income": NaN,
        "Operating Expense": NaN,
        "Provision For Doubtful Accounts": NaN,
        "Depreciation Amortization Depletion Income Statement": NaN,
        "Depreciation And Amortization In Income Statement": NaN,
        "Selling General And Administration": NaN,
        "Gross Profit": NaN,
        "Cost Of Revenue": NaN,
        "Total Revenue": NaN,
        "Operating Revenue": NaN
    },
    "2024-09-30": {
        "Tax Effect Of Unusual Items": NaN,
        "Tax Rate For Calcs": NaN,
        "Normalized EBITDA": NaN,
        "Total Unusual Items": NaN,
        "Total Unusual Items Excluding Goodwill": NaN,
        "Net Income From Continuing Operation Net Minority Interest": NaN,
        "Reconciled Depreciation": NaN,
        "Reconciled Cost Of Revenue": NaN,
        "EBITDA": NaN,
        "EBIT": NaN,
        "Net Interest Income": NaN,
        "Interest Expense": NaN,
        "Interest Income": NaN,
        "Normalized Income": NaN,
        "Net Income From Continuing And Discontinued Operation": NaN,
        "Total Expenses": NaN,
        "Total Operating Income As Reported": NaN,
        "Diluted Average Shares": NaN,
        "Basic Average Shares": NaN,
        "Diluted EPS": NaN,
        "Basic EPS": NaN,
        "Diluted NI Availto Com Stockholders": NaN,
        "Net Income Common Stockholders": NaN,
        "Otherunder Preferred Stock Dividend": -143000.0,
        "Net Income": NaN,
        "Minority Interests": NaN,
        "Net Income Including Noncontrolling Interests": NaN,
        "Net Income Continuous Operations": NaN,
        "Earnings From Equity Interest Net Of Tax": NaN,
        "Tax Provision": NaN,
        "Pretax Income": NaN,
        "Other Income Expense": NaN,
        "Other Non Operating Income Expenses": NaN,
        "Special Income Charges": NaN,
        "Gain On Sale Of Business": NaN,
        "Write Off": 0.0,
        "Restructuring And Mergern Acquisition": NaN,
        "Gain On Sale Of Security": NaN,
        "Net Non Operating Interest Income Expense": NaN,
        "Interest Expense Non Operating": NaN,
        "Interest Income Non Operating": NaN,
        "Operating Income": NaN,
        "Operating Expense": NaN,
        "Provision For Doubtful Accounts": 0.0,
        "Depreciation Amortization Depletion Income Statement": NaN,
        "Depreciation And Amortization In Income Statement": NaN,
        "Selling General And Administration": NaN,
        "Gross Profit": NaN,
        "Cost Of Revenue": NaN,
        "Total Revenue": NaN,
        "Operating Revenue": NaN
    },
    "2024-12-31": {
        "Tax Effect Of Unusual Items": -5624555.618411,
        "Tax Rate For Calcs": 0.164875,
        "Normalized EBITDA": 9713000.0,
        "Total Unusual Items": -34114000.0,
        "Total Unusual Items Excluding Goodwill": -34114000.0,
        "Net Income From Continuing Operation Net Minority Interest": -32456000.0,
        "Reconciled Depreciation": 8223000.0,
        "Reconciled Cost Of Revenue": 130866000.0,
        "EBITDA": -24401000.0,
        "EBIT": -32624000.0,
        "Net Interest Income": -5545000.0,
        "Interest Expense": 6266000.0,
        "Interest Income": 721000.0,
        "Normalized Income": -3966555.618411,
        "Net Income From Continuing And Discontinued Operation": -32456000.0,
        "Total Expenses": 175447000.0,
        "Total Operating Income As Reported": 547000.0,
        "Diluted Average Shares": 77024000.0,
        "Basic Average Shares": 77024000.0,
        "Diluted EPS": -0.4,
        "Basic EPS": -0.4,
        "Diluted NI Availto Com Stockholders": -31345000.0,
        "Net Income Common Stockholders": -31345000.0,
        "Otherunder Preferred Stock Dividend": -1100000.0,
        "Net Income": -32456000.0,
        "Minority Interests": -28000.0,
        "Net Income Including Noncontrolling Interests": -32428000.0,
        "Net Income Continuous Operations": -32428000.0,
        "Earnings From Equity Interest Net Of Tax": 50000.0,
        "Tax Provision": -6412000.0,
        "Pretax Income": -38890000.0,
        "Other Income Expense": -34114000.0,
        "Other Non Operating Income Expenses": NaN,
        "Special Income Charges": -383000.0,
        "Gain On Sale Of Business": -161000.0,
        "Write Off": 161000.0,
        "Restructuring And Mergern Acquisition": 222000.0,
        "Gain On Sale Of Security": -33731000.0,
        "Net Non Operating Interest Income Expense": -5545000.0,
        "Interest Expense Non Operating": 6266000.0,
        "Interest Income Non Operating": 721000.0,
        "Operating Income": 769000.0,
        "Operating Expense": 44581000.0,
        "Provision For Doubtful Accounts": 2521000.0,
        "Depreciation Amortization Depletion Income Statement": 8223000.0,
        "Depreciation And Amortization In Income Statement": 8223000.0,
        "Selling General And Administration": 33837000.0,
        "Gross Profit": 45350000.0,
        "Cost Of Revenue": 130866000.0,
        "Total Revenue": 176216000.0,
        "Operating Revenue": 176216000.0
    },
    "2025-03-31": {
        "Tax Effect Of Unusual Items": -2541649.135447,
        "Tax Rate For Calcs": 0.117435,
        "Normalized EBITDA": 10865000.0,
        "Total Unusual Items": -21643000.0,
        "Total Unusual Items Excluding Goodwill": -21643000.0,
        "Net Income From Continuing Operation Net Minority Interest": -22058000.0,
        "Reconciled Depreciation": 8429000.0,
        "Reconciled Cost Of Revenue": 117013000.0,
        "EBITDA": -10778000.0,
        "EBIT": -19207000.0,
        "Net Interest Income": -5132000.0,
        "Interest Expense": 5777000.0,
        "Interest Income": 645000.0,
        "Normalized Income": -2956649.135447,
        "Net Income From Continuing And Discontinued Operation": -22058000.0,
        "Total Expenses": 159659000.0,
        "Total Operating Income As Reported": 569000.0,
        "Diluted Average Shares": 81282000.0,
        "Basic Average Shares": 78347000.0,
        "Diluted EPS": -0.27,
        "Basic EPS": -0.27,
        "Diluted NI Availto Com Stockholders": -21262000.0,
        "Net Income Common Stockholders": -21262000.0,
        "Otherunder Preferred Stock Dividend": -796000.0,
        "Net Income": -22058000.0,
        "Minority Interests": -20000.0,
        "Net Income Including Noncontrolling Interests": -22038000.0,
        "Net Income Continuous Operations": -22038000.0,
        "Earnings From Equity Interest Net Of Tax": 12000.0,
        "Tax Provision": -2934000.0,
        "Pretax Income": -24984000.0,
        "Other Income Expense": -21643000.0,
        "Other Non Operating Income Expenses": NaN,
        "Special Income Charges": -1222000.0,
        "Gain On Sale Of Business": 0.0,
        "Write Off": NaN,
        "Restructuring And Mergern Acquisition": 1222000.0,
        "Gain On Sale Of Security": -20421000.0,
        "Net Non Operating Interest Income Expense": -5132000.0,
        "Interest Expense Non Operating": 5777000.0,
        "Interest Income Non Operating": 645000.0,
        "Operating Income": 1791000.0,
        "Operating Expense": 42646000.0,
        "Provision For Doubtful Accounts": 0.0,
        "Depreciation Amortization Depletion Income Statement": 8429000.0,
        "Depreciation And Amortization In Income Statement": 8429000.0,
        "Selling General And Administration": 34217000.0,
        "Gross Profit": 44437000.0,
        "Cost Of Revenue": 117013000.0,
        "Total Revenue": 161450000.0,
        "Operating Revenue": 161450000.0
    },
    "2025-06-30": {
        "Tax Effect Of Unusual Items": -8840707.068042,
        "Tax Rate For Calcs": 0.235601,
        "Normalized EBITDA": 14884000.0,
        "Total Unusual Items": -37524000.0,
        "Total Unusual Items Excluding Goodwill": -37524000.0,
        "Net Income From Continuing Operation Net Minority Interest": -28770000.0,
        "Reconciled Depreciation": 10793000.0,
        "Reconciled Cost Of Revenue": 183128000.0,
        "EBITDA": -22640000.0,
        "EBIT": -33433000.0,
        "Net Interest Income": -3826000.0,
        "Interest Expense": 4470000.0,
        "Interest Income": 644000.0,
        "Normalized Income": -86707.068042,
        "Net Income From Continuing And Discontinued Operation": -28770000.0,
        "Total Expenses": 228220000.0,
        "Total Operating Income As Reported": -28401000.0,
        "Diluted Average Shares": 81186000.0,
        "Basic Average Shares": 81186000.0,
        "Diluted EPS": -0.35,
        "Basic EPS": -0.35,
        "Diluted NI Availto Com Stockholders": -27941000.0,
        "Net Income Common Stockholders": -27941000.0,
        "Otherunder Preferred Stock Dividend": -829000.0,
        "Net Income": -28770000.0,
        "Minority Interests": 178000.0,
        "Net Income Including Noncontrolling Interests": -28948000.0,
        "Net Income Continuous Operations": -28948000.0,
        "Earnings From Equity Interest Net Of Tax": 25000.0,
        "Tax Provision": -8930000.0,
        "Pretax Income": -37903000.0,
        "Other Income Expense": -37524000.0,
        "Other Non Operating Income Expenses": NaN,
        "Special Income Charges": -31848000.0,
        "Gain On Sale Of Business": 0.0,
        "Write Off": NaN,
        "Restructuring And Mergern Acquisition": 12985000.0,
        "Gain On Sale Of Security": -5676000.0,
        "Net Non Operating Interest Income Expense": -3826000.0,
        "Interest Expense Non Operating": 4470000.0,
        "Interest Income Non Operating": 644000.0,
        "Operating Income": 3448000.0,
        "Operating Expense": 45092000.0,
        "Provision For Doubtful Accounts": 0.0,
        "Depreciation Amortization Depletion Income Statement": 10793000.0,
        "Depreciation And Amortization In Income Statement": 10793000.0,
        "Selling General And Administration": 34299000.0,
        "Gross Profit": 48540000.0,
        "Cost Of Revenue": 183128000.0,
        "Total Revenue": 231668000.0,
        "Operating Revenue": 231668000.0
    },
    "2025-09-30": {
        "Tax Effect Of Unusual Items": -21707.894737,
        "Tax Rate For Calcs": 0.032018,
        "Normalized EBITDA": 13910000.0,
        "Total Unusual Items": -678000.0,
        "Total Unusual Items Excluding Goodwill": -678000.0,
        "Net Income From Continuing Operation Net Minority Interest": -4297000.0,
        "Reconciled Depreciation": 12894000.0,
        "Reconciled Cost Of Revenue": 118440000.0,
        "EBITDA": 13232000.0,
        "EBIT": 338000.0,
        "Net Interest Income": -4359000.0,
        "Interest Expense": 4898000.0,
        "Interest Income": 539000.0,
        "Normalized Income": -3640707.894737,
        "Net Income From Continuing And Discontinued Operation": -4297000.0,
        "Total Expenses": 170971000.0,
        "Total Operating Income As Reported": 383000.0,
        "Diluted Average Shares": 79094000.0,
        "Basic Average Shares": 79094000.0,
        "Diluted EPS": -0.05,
        "Basic EPS": -0.05,
        "Diluted NI Availto Com Stockholders": -4179000.0,
        "Net Income Common Stockholders": -4179000.0,
        "Otherunder Preferred Stock Dividend": -118000.0,
        "Net Income": -4297000.0,
        "Minority Interests": 117000.0,
        "Net Income Including Noncontrolling Interests": -4414000.0,
        "Net Income Continuous Operations": -4414000.0,
        "Earnings From Equity Interest Net Of Tax": 0.0,
        "Tax Provision": -146000.0,
        "Pretax Income": -4560000.0,
        "Other Income Expense": -678000.0,
        "Other Non Operating Income Expenses": NaN,
        "Special Income Charges": -678000.0,
        "Gain On Sale Of Business": NaN,
        "Write Off": 584000.0,
        "Restructuring And Mergern Acquisition": 94000.0,
        "Gain On Sale Of Security": NaN,
        "Net Non Operating Interest Income Expense": -4359000.0,
        "Interest Expense Non Operating": 4898000.0,
        "Interest Income Non Operating": 539000.0,
        "Operating Income": 477000.0,
        "Operating Expense": 52531000.0,
        "Provision For Doubtful Accounts": NaN,
        "Depreciation Amortization Depletion Income Statement": 12894000.0,
        "Depreciation And Amortization In Income Statement": 12894000.0,
        "Selling General And Administration": 39637000.0,
        "Gross Profit": 53008000.0,
        "Cost Of Revenue": 118440000.0,
        "Total Revenue": 171448000.0,
        "Operating Revenue": 171448000.0
    },
    "2025-12-31": {
        "Tax Effect Of Unusual Items": 350746.838463,
        "Tax Rate For Calcs": 0.159866,
        "Normalized EBITDA": 20156000.0,
        "Total Unusual Items": 2194000.0,
        "Total Unusual Items Excluding Goodwill": 2194000.0,
        "Net Income From Continuing Operation Net Minority Interest": 3645000.0,
        "Reconciled Depreciation": 13568000.0,
        "Reconciled Cost Of Revenue": 122691000.0,
        "EBITDA": 22350000.0,
        "EBIT": 8782000.0,
        "Net Interest Income": -4083000.0,
        "Interest Expense": 4591000.0,
        "Interest Income": 508000.0,
        "Normalized Income": 1801746.838463,
        "Net Income From Continuing And Discontinued Operation": 3645000.0,
        "Total Expenses": 176537000.0,
        "Total Operating Income As Reported": 2150000.0,
        "Diluted Average Shares": 80119000.0,
        "Basic Average Shares": 79002000.0,
        "Diluted EPS": 0.04,
        "Basic EPS": 0.04,
        "Diluted NI Availto Com Stockholders": 3524000.0,
        "Net Income Common Stockholders": 3524000.0,
        "Otherunder Preferred Stock Dividend": NaN,
        "Net Income": 3645000.0,
        "Minority Interests": 14000.0,
        "Net Income Including Noncontrolling Interests": 3631000.0,
        "Net Income Continuous Operations": 3631000.0,
        "Earnings From Equity Interest Net Of Tax": 110000.0,
        "Tax Provision": 670000.0,
        "Pretax Income": 4191000.0,
        "Other Income Expense": 6077000.0,
        "Other Non Operating Income Expenses": 3883000.0,
        "Special Income Charges": -47000.0,
        "Gain On Sale Of Business": NaN,
        "Write Off": 0.0,
        "Restructuring And Mergern Acquisition": 47000.0,
        "Gain On Sale Of Security": 2241000.0,
        "Net Non Operating Interest Income Expense": -4083000.0,
        "Interest Expense Non Operating": 4591000.0,
        "Interest Income Non Operating": 508000.0,
        "Operating Income": 2197000.0,
        "Operating Expense": 53846000.0,
        "Provision For Doubtful Accounts": 4203000.0,
        "Depreciation Amortization Depletion Income Statement": 13568000.0,
        "Depreciation And Amortization In Income Statement": 13568000.0,
        "Selling General And Administration": 36075000.0,
        "Gross Profit": 56043000.0,
        "Cost Of Revenue": 122691000.0,
        "Total Revenue": 178734000.0,
        "Operating Revenue": 178734000.0
    }
}