{
    "2023-03-31": {
        "Tax Effect Of Unusual Items": NaN,
        "Tax Rate For Calcs": NaN,
        "Normalized EBITDA": NaN,
        "Total Unusual Items": NaN,
        "Total Unusual Items Excluding Goodwill": NaN,
        "Net Income From Continuing Operation Net Minority Interest": NaN,
        "Reconciled Depreciation": NaN,
        "Reconciled Cost Of Revenue": NaN,
        "EBITDA": NaN,
        "EBIT": NaN,
        "Net Interest Income": NaN,
        "Interest Expense": NaN,
        "Interest Income": NaN,
        "Normalized Income": NaN,
        "Net Income From Continuing And Discontinued Operation": NaN,
        "Total Expenses": NaN,
        "Total Operating Income As Reported": NaN,
        "Diluted Average Shares": NaN,
        "Basic Average Shares": NaN,
        "Diluted EPS": NaN,
        "Basic EPS": NaN,
        "Diluted NI Availto Com Stockholders": NaN,
        "Net Income Common Stockholders": NaN,
        "Net Income": NaN,
        "Net Income Including Noncontrolling Interests": NaN,
        "Net Income Continuous Operations": NaN,
        "Tax Provision": NaN,
        "Pretax Income": NaN,
        "Other Income Expense": NaN,
        "Special Income Charges": NaN,
        "Impairment Of Capital Assets": 0.0,
        "Restructuring And Mergern Acquisition": NaN,
        "Gain On Sale Of Security": NaN,
        "Net Non Operating Interest Income Expense": NaN,
        "Interest Expense Non Operating": NaN,
        "Interest Income Non Operating": NaN,
        "Operating Income": NaN,
        "Operating Expense": NaN,
        "Depreciation Amortization Depletion Income Statement": NaN,
        "Depreciation And Amortization In Income Statement": NaN,
        "Amortization": NaN,
        "Amortization Of Intangibles Income Statement": NaN,
        "Depreciation Income Statement": NaN,
        "Research And Development": NaN,
        "Selling General And Administration": NaN,
        "Selling And Marketing Expense": NaN,
        "General And Administrative Expense": NaN,
        "Other Gand A": NaN,
        "Gross Profit": NaN,
        "Cost Of Revenue": NaN,
        "Total Revenue": NaN,
        "Operating Revenue": NaN
    },
    "2022-12-31": {
        "Tax Effect Of Unusual Items": NaN,
        "Tax Rate For Calcs": NaN,
        "Normalized EBITDA": NaN,
        "Total Unusual Items": NaN,
        "Total Unusual Items Excluding Goodwill": NaN,
        "Net Income From Continuing Operation Net Minority Interest": NaN,
        "Reconciled Depreciation": NaN,
        "Reconciled Cost Of Revenue": NaN,
        "EBITDA": NaN,
        "EBIT": NaN,
        "Net Interest Income": NaN,
        "Interest Expense": NaN,
        "Interest Income": NaN,
        "Normalized Income": NaN,
        "Net Income From Continuing And Discontinued Operation": NaN,
        "Total Expenses": NaN,
        "Total Operating Income As Reported": NaN,
        "Diluted Average Shares": 151187993.0,
        "Basic Average Shares": 151187993.0,
        "Diluted EPS": -5.39,
        "Basic EPS": -5.39,
        "Diluted NI Availto Com Stockholders": NaN,
        "Net Income Common Stockholders": NaN,
        "Net Income": NaN,
        "Net Income Including Noncontrolling Interests": NaN,
        "Net Income Continuous Operations": NaN,
        "Tax Provision": NaN,
        "Pretax Income": NaN,
        "Other Income Expense": NaN,
        "Special Income Charges": NaN,
        "Impairment Of Capital Assets": 748712000.0,
        "Restructuring And Mergern Acquisition": NaN,
        "Gain On Sale Of Security": NaN,
        "Net Non Operating Interest Income Expense": NaN,
        "Interest Expense Non Operating": NaN,
        "Interest Income Non Operating": NaN,
        "Operating Income": NaN,
        "Operating Expense": NaN,
        "Depreciation Amortization Depletion Income Statement": NaN,
        "Depreciation And Amortization In Income Statement": NaN,
        "Amortization": NaN,
        "Amortization Of Intangibles Income Statement": NaN,
        "Depreciation Income Statement": NaN,
        "Research And Development": NaN,
        "Selling General And Administration": NaN,
        "Selling And Marketing Expense": NaN,
        "General And Administrative Expense": NaN,
        "Other Gand A": NaN,
        "Gross Profit": NaN,
        "Cost Of Revenue": NaN,
        "Total Revenue": NaN,
        "Operating Revenue": NaN
    },
    "2022-09-30": {
        "Tax Effect Of Unusual Items": -327728.542671,
        "Tax Rate For Calcs": 0.024669,
        "Normalized EBITDA": -31311000.0,
        "Total Unusual Items": -13285000.0,
        "Total Unusual Items Excluding Goodwill": -13285000.0,
        "Net Income From Continuing Operation Net Minority Interest": -79943000.0,
        "Reconciled Depreciation": 28935000.0,
        "Reconciled Cost Of Revenue": 102230000.0,
        "EBITDA": -44596000.0,
        "EBIT": -73531000.0,
        "Net Interest Income": 4851000.0,
        "Interest Expense": 537000.0,
        "Interest Income": 4851000.0,
        "Normalized Income": -66985728.542671,
        "Net Income From Continuing And Discontinued Operation": -79943000.0,
        "Total Expenses": 257230000.0,
        "Total Operating Income As Reported": -86816000.0,
        "Diluted Average Shares": 149688692.0,
        "Basic Average Shares": 149688692.0,
        "Diluted EPS": -0.53,
        "Basic EPS": -0.53,
        "Diluted NI Availto Com Stockholders": -79943000.0,
        "Net Income Common Stockholders": -79943000.0,
        "Net Income": -79943000.0,
        "Net Income Including Noncontrolling Interests": -79943000.0,
        "Net Income Continuous Operations": -79943000.0,
        "Tax Provision": -2022000.0,
        "Pretax Income": -81965000.0,
        "Other Income Expense": -13285000.0,
        "Special Income Charges": -13256000.0,
        "Impairment Of Capital Assets": NaN,
        "Restructuring And Mergern Acquisition": 13256000.0,
        "Gain On Sale Of Security": -29000.0,
        "Net Non Operating Interest Income Expense": 4851000.0,
        "Total Other Finance Cost": NaN,
        "Interest Expense Non Operating": 537000.0,
        "Interest Income Non Operating": 4851000.0,
        "Operating Income": -73531000.0,
        "Operating Expense": 155000000.0,
        "Depreciation Amortization Depletion Income Statement": 28935000.0,
        "Depreciation And Amortization In Income Statement": 28935000.0,
        "Amortization": 25684000.0,
        "Amortization Of Intangibles Income Statement": 25684000.0,
        "Depreciation Income Statement": 3251000.0,
        "Research And Development": 36596000.0,
        "Selling General And Administration": 89469000.0,
        "Selling And Marketing Expense": 64337000.0,
        "General And Administrative Expense": 25132000.0,
        "Other Gand A": 25132000.0,
        "Gross Profit": 81469000.0,
        "Cost Of Revenue": 102230000.0,
        "Total Revenue": 183699000.0,
        "Operating Revenue": 183699000.0
    },
    "2022-06-30": {
        "Tax Effect Of Unusual Items": -380765.096953,
        "Tax Rate For Calcs": 0.020304,
        "Normalized EBITDA": -54279000.0,
        "Total Unusual Items": -18753000.0,
        "Total Unusual Items Excluding Goodwill": -18753000.0,
        "Net Income From Continuing Operation Net Minority Interest": -100796000.0,
        "Reconciled Depreciation": 29144000.0,
        "Reconciled Cost Of Revenue": 96357000.0,
        "EBITDA": -73032000.0,
        "EBIT": -102176000.0,
        "Net Interest Income": 2007000.0,
        "Interest Expense": 709000.0,
        "Interest Income": 2716000.0,
        "Normalized Income": -82423765.096953,
        "Net Income From Continuing And Discontinued Operation": -100796000.0,
        "Total Expenses": 260021000.0,
        "Total Operating Income As Reported": -104892000.0,
        "Diluted Average Shares": 148973294.0,
        "Basic Average Shares": 148973294.0,
        "Diluted EPS": -0.68,
        "Basic EPS": -0.68,
        "Diluted NI Availto Com Stockholders": -100796000.0,
        "Net Income Common Stockholders": -100796000.0,
        "Net Income": -100796000.0,
        "Net Income Including Noncontrolling Interests": -100796000.0,
        "Net Income Continuous Operations": -100796000.0,
        "Tax Provision": -2089000.0,
        "Pretax Income": -102885000.0,
        "Other Income Expense": -18753000.0,
        "Special Income Charges": -18310000.0,
        "Impairment Of Capital Assets": NaN,
        "Restructuring And Mergern Acquisition": 18310000.0,
        "Gain On Sale Of Security": -443000.0,
        "Net Non Operating Interest Income Expense": 2007000.0,
        "Total Other Finance Cost": NaN,
        "Interest Expense Non Operating": 709000.0,
        "Interest Income Non Operating": 2716000.0,
        "Operating Income": -86139000.0,
        "Operating Expense": 163664000.0,
        "Depreciation Amortization Depletion Income Statement": 29144000.0,
        "Depreciation And Amortization In Income Statement": 29144000.0,
        "Amortization": 25876000.0,
        "Amortization Of Intangibles Income Statement": 25876000.0,
        "Depreciation Income Statement": 3268000.0,
        "Research And Development": 35636000.0,
        "Selling General And Administration": 98884000.0,
        "Selling And Marketing Expense": 68645000.0,
        "General And Administrative Expense": 30239000.0,
        "Other Gand A": 30239000.0,
        "Gross Profit": 77525000.0,
        "Cost Of Revenue": 96357000.0,
        "Total Revenue": 173882000.0,
        "Operating Revenue": 173882000.0
    },
    "2023-06-30": {
        "Tax Effect Of Unusual Items": NaN,
        "Tax Rate For Calcs": NaN,
        "Normalized EBITDA": NaN,
        "Total Unusual Items": NaN,
        "Total Unusual Items Excluding Goodwill": NaN,
        "Net Income From Continuing Operation Net Minority Interest": NaN,
        "Reconciled Depreciation": NaN,
        "Reconciled Cost Of Revenue": NaN,
        "EBITDA": NaN,
        "EBIT": NaN,
        "Net Interest Income": NaN,
        "Interest Expense": NaN,
        "Interest Income": NaN,
        "Normalized Income": NaN,
        "Net Income From Continuing And Discontinued Operation": NaN,
        "Total Expenses": NaN,
        "Total Operating Income As Reported": NaN,
        "Diluted Average Shares": 152523457.0,
        "Basic Average Shares": 152523457.0,
        "Diluted EPS": -0.32,
        "Basic EPS": -0.32,
        "Diluted NI Availto Com Stockholders": NaN,
        "Net Income Common Stockholders": NaN,
        "Net Income": NaN,
        "Net Income Including Noncontrolling Interests": NaN,
        "Net Income Continuous Operations": NaN,
        "Tax Provision": NaN,
        "Pretax Income": NaN,
        "Other Income Expense": NaN,
        "Special Income Charges": NaN,
        "Impairment Of Capital Assets": NaN,
        "Restructuring And Mergern Acquisition": NaN,
        "Gain On Sale Of Security": NaN,
        "Net Non Operating Interest Income Expense": NaN,
        "Interest Expense Non Operating": NaN,
        "Interest Income Non Operating": NaN,
        "Operating Income": NaN,
        "Operating Expense": NaN,
        "Depreciation Amortization Depletion Income Statement": NaN,
        "Depreciation And Amortization In Income Statement": NaN,
        "Amortization": NaN,
        "Amortization Of Intangibles Income Statement": NaN,
        "Depreciation Income Statement": NaN,
        "Research And Development": NaN,
        "Selling General And Administration": NaN,
        "Selling And Marketing Expense": NaN,
        "General And Administrative Expense": NaN,
        "Other Gand A": NaN,
        "Gross Profit": NaN,
        "Cost Of Revenue": NaN,
        "Total Revenue": NaN,
        "Operating Revenue": NaN
    },
    "2022-03-31": {
        "Diluted EPS": -0.79,
        "Total Revenue": 147,
        "Gross Profit": 70,
        "Operating Income": -114,
        "EBIT": -84,
        "Net Income": -115
    },
    "2021-12-31": {
        "Diluted EPS": -0.44,
        "Total Revenue": 153,
        "Gross Profit": 79,
        "Operating Income": -79,
        "EBIT": -49,
        "Net Income": -65
    },
    "2021-09-30": {
        "Diluted EPS": -0.43,
        "Total Revenue": 133,
        "Gross Profit": 65,
        "Operating Income": -75,
        "EBIT": -49,
        "Net Income": -59
    },
    "2021-06-30": {
        "Diluted EPS": -0.38,
        "Total Revenue": 116,
        "Gross Profit": 58,
        "Operating Income": -51,
        "EBIT": -32,
        "Net Income": -49
    },
    "2021-03-31": {
        "Diluted EPS": -0.37,
        "Total Revenue": 82,
        "Gross Profit": 44,
        "Operating Income": -43,
        "EBIT": -28,
        "Net Income": -42
    },
    "2020-12-31": {
        "Diluted EPS": -0.39,
        "Total Revenue": 58,
        "Gross Profit": 33,
        "Operating Income": -45,
        "EBIT": -35,
        "Net Income": -43
    },
    "2020-09-30": {
        "Diluted EPS": -0.2,
        "Total Revenue": 45,
        "Gross Profit": 28,
        "Operating Income": -21,
        "EBIT": -15,
        "Net Income": -19
    },
    "2020-06-30": {
        "Diluted EPS": -0.22,
        "Total Revenue": 36,
        "Gross Profit": 23,
        "Operating Income": -21,
        "EBIT": -16,
        "Net Income": -20
    },
    "2020-03-31": {
        "Diluted EPS": -0.21,
        "Total Revenue": 36,
        "Gross Profit": 36,
        "Operating Income": 36,
        "EBIT": 42,
        "Net Income": -19
    },
    "2019-12-31": {
        "Diluted EPS": -0.18,
        "Total Revenue": 32,
        "Gross Profit": 22,
        "Operating Income": -16,
        "EBIT": -16,
        "Net Income": -16
    },
    "2019-09-30": {
        "Diluted EPS": -0.12,
        "Total Revenue": 28,
        "Gross Profit": 28,
        "Operating Income": 28,
        "EBIT": 28,
        "Net Income": -10
    },
    "2019-06-30": {
        "Diluted EPS": -0.11,
        "Total Revenue": 24,
        "Gross Profit": 24,
        "Operating Income": 24,
        "EBIT": 24,
        "Net Income": -9
    },
    "2023-09-30": {
        "Tax Effect Of Unusual Items": NaN,
        "Tax Rate For Calcs": NaN,
        "Normalized EBITDA": NaN,
        "Total Unusual Items": NaN,
        "Total Unusual Items Excluding Goodwill": NaN,
        "Net Income From Continuing Operation Net Minority Interest": NaN,
        "Reconciled Depreciation": NaN,
        "Reconciled Cost Of Revenue": NaN,
        "EBITDA": NaN,
        "EBIT": NaN,
        "Net Interest Income": NaN,
        "Interest Expense": NaN,
        "Interest Income": NaN,
        "Normalized Income": NaN,
        "Net Income From Continuing And Discontinued Operation": NaN,
        "Total Expenses": NaN,
        "Total Operating Income As Reported": NaN,
        "Diluted Average Shares": 153478935.0,
        "Basic Average Shares": 153478935.0,
        "Diluted EPS": -0.28,
        "Basic EPS": -0.28,
        "Diluted NI Availto Com Stockholders": NaN,
        "Net Income Common Stockholders": NaN,
        "Net Income": NaN,
        "Net Income Including Noncontrolling Interests": NaN,
        "Net Income Continuous Operations": NaN,
        "Tax Provision": NaN,
        "Pretax Income": NaN,
        "Other Income Expense": NaN,
        "Special Income Charges": NaN,
        "Impairment Of Capital Assets": NaN,
        "Restructuring And Mergern Acquisition": NaN,
        "Gain On Sale Of Security": NaN,
        "Net Non Operating Interest Income Expense": NaN,
        "Interest Expense Non Operating": NaN,
        "Interest Income Non Operating": NaN,
        "Operating Income": NaN,
        "Operating Expense": NaN,
        "Depreciation Amortization Depletion Income Statement": NaN,
        "Depreciation And Amortization In Income Statement": NaN,
        "Amortization": NaN,
        "Amortization Of Intangibles Income Statement": NaN,
        "Depreciation Income Statement": NaN,
        "Research And Development": NaN,
        "Selling General And Administration": NaN,
        "Selling And Marketing Expense": NaN,
        "General And Administrative Expense": NaN,
        "Other Gand A": NaN,
        "Gross Profit": NaN,
        "Cost Of Revenue": NaN,
        "Total Revenue": NaN,
        "Operating Revenue": NaN
    },
    "2023-12-31": {
        "Tax Effect Of Unusual Items": NaN,
        "Tax Rate For Calcs": NaN,
        "Normalized EBITDA": NaN,
        "Total Unusual Items": NaN,
        "Total Unusual Items Excluding Goodwill": NaN,
        "Net Income From Continuing Operation Net Minority Interest": NaN,
        "Reconciled Depreciation": NaN,
        "Reconciled Cost Of Revenue": NaN,
        "EBITDA": NaN,
        "EBIT": NaN,
        "Net Interest Income": NaN,
        "Interest Expense": NaN,
        "Interest Income": NaN,
        "Normalized Income": NaN,
        "Net Income From Continuing And Discontinued Operation": NaN,
        "Total Expenses": NaN,
        "Total Operating Income As Reported": NaN,
        "Diluted Average Shares": NaN,
        "Basic Average Shares": NaN,
        "Diluted EPS": NaN,
        "Basic EPS": NaN,
        "Diluted NI Availto Com Stockholders": NaN,
        "Net Income Common Stockholders": NaN,
        "Net Income": NaN,
        "Net Income Including Noncontrolling Interests": NaN,
        "Net Income Continuous Operations": NaN,
        "Tax Provision": NaN,
        "Pretax Income": NaN,
        "Other Income Expense": NaN,
        "Special Income Charges": NaN,
        "Impairment Of Capital Assets": 0.0,
        "Restructuring And Mergern Acquisition": NaN,
        "Gain On Sale Of Security": NaN,
        "Net Non Operating Interest Income Expense": NaN,
        "Interest Expense Non Operating": NaN,
        "Interest Income Non Operating": NaN,
        "Operating Income": NaN,
        "Operating Expense": NaN,
        "Depreciation Amortization Depletion Income Statement": NaN,
        "Depreciation And Amortization In Income Statement": NaN,
        "Amortization": NaN,
        "Amortization Of Intangibles Income Statement": NaN,
        "Depreciation Income Statement": NaN,
        "Research And Development": NaN,
        "Selling General And Administration": NaN,
        "Selling And Marketing Expense": NaN,
        "General And Administrative Expense": NaN,
        "Other Gand A": NaN,
        "Gross Profit": NaN,
        "Cost Of Revenue": NaN,
        "Total Revenue": NaN,
        "Operating Revenue": NaN
    },
    "2024-03-31": {
        "Tax Effect Of Unusual Items": NaN,
        "Tax Rate For Calcs": NaN,
        "Normalized EBITDA": NaN,
        "Total Unusual Items": NaN,
        "Total Unusual Items Excluding Goodwill": NaN,
        "Net Income From Continuing Operation Net Minority Interest": NaN,
        "Reconciled Depreciation": NaN,
        "Reconciled Cost Of Revenue": NaN,
        "EBITDA": NaN,
        "EBIT": NaN,
        "Net Interest Income": NaN,
        "Interest Expense": NaN,
        "Interest Income": NaN,
        "Normalized Income": NaN,
        "Net Income From Continuing And Discontinued Operation": NaN,
        "Total Expenses": NaN,
        "Total Operating Income As Reported": NaN,
        "Diluted Average Shares": NaN,
        "Basic Average Shares": NaN,
        "Diluted EPS": NaN,
        "Basic EPS": NaN,
        "Diluted NI Availto Com Stockholders": NaN,
        "Net Income Common Stockholders": NaN,
        "Net Income": NaN,
        "Net Income Including Noncontrolling Interests": NaN,
        "Net Income Continuous Operations": NaN,
        "Tax Provision": NaN,
        "Pretax Income": NaN,
        "Other Income Expense": NaN,
        "Special Income Charges": NaN,
        "Impairment Of Capital Assets": 0.0,
        "Restructuring And Mergern Acquisition": NaN,
        "Gain On Sale Of Security": NaN,
        "Net Non Operating Interest Income Expense": NaN,
        "Interest Expense Non Operating": NaN,
        "Interest Income Non Operating": NaN,
        "Operating Income": NaN,
        "Operating Expense": NaN,
        "Depreciation Amortization Depletion Income Statement": NaN,
        "Depreciation And Amortization In Income Statement": NaN,
        "Amortization": NaN,
        "Amortization Of Intangibles Income Statement": NaN,
        "Depreciation Income Statement": NaN,
        "Research And Development": NaN,
        "Selling General And Administration": NaN,
        "Selling And Marketing Expense": NaN,
        "General And Administrative Expense": NaN,
        "Other Gand A": NaN,
        "Gross Profit": NaN,
        "Cost Of Revenue": NaN,
        "Total Revenue": NaN,
        "Operating Revenue": NaN
    },
    "2024-06-30": {
        "Tax Effect Of Unusual Items": -1443900.0,
        "Tax Rate For Calcs": 0.15,
        "Normalized EBITDA": 2371000.0,
        "Total Unusual Items": -9626000.0,
        "Total Unusual Items Excluding Goodwill": -9626000.0,
        "Net Income From Continuing Operation Net Minority Interest": -35012000.0,
        "Reconciled Depreciation": 26262000.0,
        "Reconciled Cost Of Revenue": 157883000.0,
        "EBITDA": -7255000.0,
        "EBIT": -33517000.0,
        "Net Interest Income": 10166000.0,
        "Interest Expense": 394000.0,
        "Interest Income": 10560000.0,
        "Normalized Income": -26829900.0,
        "Net Income From Continuing And Discontinued Operation": -35012000.0,
        "Total Expenses": 300542000.0,
        "Total Operating Income As Reported": -44077000.0,
        "Diluted Average Shares": 154744336.0,
        "Basic Average Shares": 154744336.0,
        "Diluted EPS": -0.23,
        "Basic EPS": -0.23,
        "Diluted NI Availto Com Stockholders": -35012000.0,
        "Net Income Common Stockholders": -35012000.0,
        "Net Income": -35012000.0,
        "Net Income Including Noncontrolling Interests": -35012000.0,
        "Net Income Continuous Operations": -35012000.0,
        "Tax Provision": 1101000.0,
        "Pretax Income": -33911000.0,
        "Other Income Expense": -9626000.0,
        "Special Income Charges": -9541000.0,
        "Impairment Of Capital Assets": NaN,
        "Restructuring And Mergern Acquisition": 9541000.0,
        "Gain On Sale Of Security": -85000.0,
        "Net Non Operating Interest Income Expense": 10166000.0,
        "Interest Expense Non Operating": 394000.0,
        "Interest Income Non Operating": 10560000.0,
        "Operating Income": -34451000.0,
        "Operating Expense": 142659000.0,
        "Depreciation Amortization Depletion Income Statement": 26262000.0,
        "Depreciation And Amortization In Income Statement": 26262000.0,
        "Amortization": 22895000.0,
        "Amortization Of Intangibles Income Statement": 22895000.0,
        "Depreciation Income Statement": 3367000.0,
        "Research And Development": 27471000.0,
        "Selling General And Administration": 88926000.0,
        "Selling And Marketing Expense": 57070000.0,
        "General And Administrative Expense": 31856000.0,
        "Other Gand A": 31856000.0,
        "Gross Profit": 108208000.0,
        "Cost Of Revenue": 157883000.0,
        "Total Revenue": 266091000.0,
        "Operating Revenue": 266091000.0
    },
    "2024-09-30": {
        "Tax Effect Of Unusual Items": 168150.0,
        "Tax Rate For Calcs": 0.15,
        "Normalized EBITDA": -3266000.0,
        "Total Unusual Items": 1121000.0,
        "Total Unusual Items Excluding Goodwill": 1121000.0,
        "Net Income From Continuing Operation Net Minority Interest": -29655000.0,
        "Reconciled Depreciation": 25834000.0,
        "Reconciled Cost Of Revenue": 162899000.0,
        "EBITDA": -2145000.0,
        "EBIT": -27979000.0,
        "Net Interest Income": 9543000.0,
        "Interest Expense": 356000.0,
        "Interest Income": 9899000.0,
        "Normalized Income": -30607850.0,
        "Net Income From Continuing And Discontinued Operation": -29655000.0,
        "Total Expenses": 316181000.0,
        "Total Operating Income As Reported": -37878000.0,
        "Diluted Average Shares": 153551716.0,
        "Basic Average Shares": 153551716.0,
        "Diluted EPS": -0.19,
        "Basic EPS": -0.19,
        "Diluted NI Availto Com Stockholders": -29655000.0,
        "Net Income Common Stockholders": -29655000.0,
        "Net Income": -29655000.0,
        "Net Income Including Noncontrolling Interests": -29655000.0,
        "Net Income Continuous Operations": -29655000.0,
        "Tax Provision": 1320000.0,
        "Pretax Income": -28335000.0,
        "Other Income Expense": 1121000.0,
        "Special Income Charges": -216000.0,
        "Restructuring And Mergern Acquisition": 216000.0,
        "Gain On Sale Of Security": 1337000.0,
        "Net Non Operating Interest Income Expense": 9543000.0,
        "Interest Expense Non Operating": 356000.0,
        "Interest Income Non Operating": 9899000.0,
        "Operating Income": -38999000.0,
        "Operating Expense": 153282000.0,
        "Depreciation Amortization Depletion Income Statement": 25834000.0,
        "Depreciation And Amortization In Income Statement": 25834000.0,
        "Amortization": 22612000.0,
        "Amortization Of Intangibles Income Statement": 22612000.0,
        "Depreciation Income Statement": 3222000.0,
        "Research And Development": 30520000.0,
        "Selling General And Administration": 96928000.0,
        "Selling And Marketing Expense": 65681000.0,
        "General And Administrative Expense": 31247000.0,
        "Other Gand A": 31247000.0,
        "Gross Profit": 114283000.0,
        "Cost Of Revenue": 162899000.0,
        "Total Revenue": 277182000.0,
        "Operating Revenue": 277182000.0
    },
    "2024-12-31": {
        "Tax Effect Of Unusual Items": -1355850.0,
        "Tax Rate For Calcs": 0.15,
        "Normalized EBITDA": 8959000.0,
        "Total Unusual Items": -9039000.0,
        "Total Unusual Items Excluding Goodwill": -9039000.0,
        "Net Income From Continuing Operation Net Minority Interest": -26586000.0,
        "Reconciled Depreciation": 25214000.0,
        "Reconciled Cost Of Revenue": 164260000.0,
        "EBITDA": -80000.0,
        "EBIT": -25294000.0,
        "Net Interest Income": 8388000.0,
        "Interest Expense": 316000.0,
        "Interest Income": 8704000.0,
        "Normalized Income": -18902850.0,
        "Net Income From Continuing And Discontinued Operation": -26586000.0,
        "Total Expenses": 305093000.0,
        "Total Operating Income As Reported": -33998000.0,
        "Diluted Average Shares": 154283524.0,
        "Basic Average Shares": 154283524.0,
        "Diluted EPS": -0.17,
        "Basic EPS": -0.17,
        "Diluted NI Availto Com Stockholders": -26586000.0,
        "Net Income Common Stockholders": -26586000.0,
        "Net Income": -26586000.0,
        "Net Income Including Noncontrolling Interests": -26586000.0,
        "Net Income Continuous Operations": -26586000.0,
        "Tax Provision": 976000.0,
        "Pretax Income": -25610000.0,
        "Other Income Expense": -9039000.0,
        "Special Income Charges": -6525000.0,
        "Restructuring And Mergern Acquisition": 6525000.0,
        "Gain On Sale Of Security": -2514000.0,
        "Net Non Operating Interest Income Expense": 8388000.0,
        "Interest Expense Non Operating": 316000.0,
        "Interest Income Non Operating": 8704000.0,
        "Operating Income": -24959000.0,
        "Operating Expense": 140833000.0,
        "Depreciation Amortization Depletion Income Statement": 25214000.0,
        "Depreciation And Amortization In Income Statement": 25214000.0,
        "Amortization": 22105000.0,
        "Amortization Of Intangibles Income Statement": 22105000.0,
        "Depreciation Income Statement": 3109000.0,
        "Research And Development": 32148000.0,
        "Selling General And Administration": 83471000.0,
        "Selling And Marketing Expense": 54012000.0,
        "General And Administrative Expense": 29459000.0,
        "Other Gand A": 29459000.0,
        "Gross Profit": 115874000.0,
        "Cost Of Revenue": 164260000.0,
        "Total Revenue": 280134000.0,
        "Operating Revenue": 280134000.0
    },
    "2025-03-31": {
        "Tax Effect Of Unusual Items": -83603850.0,
        "Tax Rate For Calcs": 0.15,
        "Normalized EBITDA": 9802000.0,
        "Total Unusual Items": -557359000.0,
        "Total Unusual Items Excluding Goodwill": -557359000.0,
        "Net Income From Continuing Operation Net Minority Interest": -575943000.0,
        "Reconciled Depreciation": 23681000.0,
        "Reconciled Cost Of Revenue": 141579000.0,
        "EBITDA": -547557000.0,
        "EBIT": -571238000.0,
        "Net Interest Income": 8401000.0,
        "Interest Expense": 415000.0,
        "Interest Income": 8816000.0,
        "Normalized Income": -102187850.0,
        "Net Income From Continuing And Discontinued Operation": -575943000.0,
        "Total Expenses": 276114000.0,
        "Total Operating Income As Reported": -580054000.0,
        "Diluted Average Shares": 152106608.0,
        "Basic Average Shares": 152106608.0,
        "Diluted EPS": -3.79,
        "Basic EPS": -3.79,
        "Diluted NI Availto Com Stockholders": -575943000.0,
        "Net Income Common Stockholders": -575943000.0,
        "Net Income": -575943000.0,
        "Net Income Including Noncontrolling Interests": -575943000.0,
        "Net Income Continuous Operations": -575943000.0,
        "Tax Provision": 4290000.0,
        "Pretax Income": -571653000.0,
        "Other Income Expense": -557359000.0,
        "Special Income Charges": -558027000.0,
        "Restructuring And Mergern Acquisition": 1587000.0,
        "Gain On Sale Of Security": 668000.0,
        "Net Non Operating Interest Income Expense": 8401000.0,
        "Interest Expense Non Operating": 415000.0,
        "Interest Income Non Operating": 8816000.0,
        "Operating Income": -22695000.0,
        "Operating Expense": 134535000.0,
        "Depreciation Amortization Depletion Income Statement": 23681000.0,
        "Depreciation And Amortization In Income Statement": 23681000.0,
        "Amortization": 20820000.0,
        "Amortization Of Intangibles Income Statement": 20820000.0,
        "Depreciation Income Statement": 2861000.0,
        "Research And Development": 30196000.0,
        "Selling General And Administration": 80658000.0,
        "Selling And Marketing Expense": 58081000.0,
        "General And Administrative Expense": 22577000.0,
        "Other Gand A": 22577000.0,
        "Gross Profit": 111840000.0,
        "Cost Of Revenue": 141579000.0,
        "Total Revenue": 253419000.0,
        "Operating Revenue": 253419000.0
    },
    "2025-06-30": {
        "Tax Effect Of Unusual Items": 209400.0,
        "Tax Rate For Calcs": 0.15,
        "Normalized EBITDA": -57000.0,
        "Total Unusual Items": 1396000.0,
        "Total Unusual Items Excluding Goodwill": 1396000.0,
        "Net Income From Continuing Operation Net Minority Interest": -49567000.0,
        "Reconciled Depreciation": 37504000.0,
        "Reconciled Cost Of Revenue": 175869000.0,
        "EBITDA": 1339000.0,
        "EBIT": -36165000.0,
        "Net Interest Income": -6209000.0,
        "Interest Expense": 12097000.0,
        "Interest Income": 5888000.0,
        "Normalized Income": -50753600.0,
        "Net Income From Continuing And Discontinued Operation": -49567000.0,
        "Total Expenses": 348391000.0,
        "Total Operating Income As Reported": -42053000.0,
        "Diluted Average Shares": 140818891.0,
        "Basic Average Shares": 140818891.0,
        "Diluted EPS": -0.35,
        "Basic EPS": -0.35,
        "Diluted NI Availto Com Stockholders": -49567000.0,
        "Net Income Common Stockholders": -49567000.0,
        "Net Income": -49567000.0,
        "Net Income Including Noncontrolling Interests": -49567000.0,
        "Net Income Continuous Operations": -49567000.0,
        "Tax Provision": 1305000.0,
        "Pretax Income": -48262000.0,
        "Other Income Expense": 1396000.0,
        "Special Income Charges": -1367000.0,
        "Restructuring And Mergern Acquisition": 1367000.0,
        "Gain On Sale Of Security": 2763000.0,
        "Net Non Operating Interest Income Expense": -6209000.0,
        "Interest Expense Non Operating": 12097000.0,
        "Interest Income Non Operating": 5888000.0,
        "Operating Income": -43449000.0,
        "Operating Expense": 172522000.0,
        "Depreciation Amortization Depletion Income Statement": 37504000.0,
        "Depreciation And Amortization In Income Statement": 37504000.0,
        "Amortization": 34681000.0,
        "Amortization Of Intangibles Income Statement": 34681000.0,
        "Depreciation Income Statement": 2823000.0,
        "Research And Development": 32425000.0,
        "Selling General And Administration": 102593000.0,
        "Selling And Marketing Expense": 67880000.0,
        "General And Administrative Expense": 34713000.0,
        "Other Gand A": 34713000.0,
        "Gross Profit": 129073000.0,
        "Cost Of Revenue": 175869000.0,
        "Total Revenue": 304942000.0,
        "Operating Revenue": 304942000.0
    },
    "2025-09-30": {
        "Tax Effect Of Unusual Items": -302100.0,
        "Tax Rate For Calcs": 0.15,
        "Normalized EBITDA": 8570000.0,
        "Total Unusual Items": -2014000.0,
        "Total Unusual Items Excluding Goodwill": -2014000.0,
        "Net Income From Continuing Operation Net Minority Interest": -32700000.0,
        "Reconciled Depreciation": 37670000.0,
        "Reconciled Cost Of Revenue": 183800000.0,
        "EBITDA": 6556000.0,
        "EBIT": -31114000.0,
        "Net Interest Income": 5219000.0,
        "Interest Expense": 324000.0,
        "Interest Income": 5543000.0,
        "Normalized Income": -30988100.0,
        "Net Income From Continuing And Discontinued Operation": -32700000.0,
        "Total Expenses": 353606000.0,
        "Total Operating Income As Reported": -36657000.0,
        "Diluted Average Shares": 137730160.0,
        "Basic Average Shares": 137730160.0,
        "Diluted EPS": -0.24,
        "Basic EPS": -0.24,
        "Diluted NI Availto Com Stockholders": -32700000.0,
        "Net Income Common Stockholders": -32700000.0,
        "Net Income": -32700000.0,
        "Net Income Including Noncontrolling Interests": -32700000.0,
        "Net Income Continuous Operations": -32700000.0,
        "Tax Provision": 1262000.0,
        "Pretax Income": -31438000.0,
        "Other Income Expense": -2014000.0,
        "Special Income Charges": -1779000.0,
        "Restructuring And Mergern Acquisition": 1779000.0,
        "Gain On Sale Of Security": -235000.0,
        "Net Non Operating Interest Income Expense": 5219000.0,
        "Interest Expense Non Operating": 324000.0,
        "Interest Income Non Operating": 5543000.0,
        "Operating Income": -34643000.0,
        "Operating Expense": 169806000.0,
        "Depreciation Amortization Depletion Income Statement": 37670000.0,
        "Depreciation And Amortization In Income Statement": 37670000.0,
        "Amortization": 34681000.0,
        "Amortization Of Intangibles Income Statement": 34681000.0,
        "Depreciation Income Statement": 2989000.0,
        "Research And Development": 32694000.0,
        "Selling General And Administration": 99442000.0,
        "Selling And Marketing Expense": 70342000.0,
        "General And Administrative Expense": 29100000.0,
        "Other Gand A": 29100000.0,
        "Gross Profit": 135163000.0,
        "Cost Of Revenue": 183800000.0,
        "Total Revenue": 318963000.0,
        "Operating Revenue": 318963000.0
    },
    "2025-12-31": {
        "Tax Effect Of Unusual Items": -316350.0,
        "Tax Rate For Calcs": 0.15,
        "Normalized EBITDA": 7504000.0,
        "Total Unusual Items": -2109000.0,
        "Total Unusual Items Excluding Goodwill": -2109000.0,
        "Net Income From Continuing Operation Net Minority Interest": -33578000.0,
        "Reconciled Depreciation": 37879000.0,
        "Reconciled Cost Of Revenue": 178769000.0,
        "EBITDA": 5395000.0,
        "EBIT": -32484000.0,
        "Net Interest Income": 4851000.0,
        "Interest Expense": 304000.0,
        "Interest Income": 5155000.0,
        "Normalized Income": -31785350.0,
        "Net Income From Continuing And Discontinued Operation": -33578000.0,
        "Total Expenses": 347876000.0,
        "Total Operating Income As Reported": -37639000.0,
        "Diluted Average Shares": 138634403.0,
        "Basic Average Shares": 138634403.0,
        "Diluted EPS": -0.24,
        "Basic EPS": -0.24,
        "Diluted NI Availto Com Stockholders": -33578000.0,
        "Net Income Common Stockholders": -33578000.0,
        "Net Income": -33578000.0,
        "Net Income Including Noncontrolling Interests": -33578000.0,
        "Net Income Continuous Operations": -33578000.0,
        "Tax Provision": 790000.0,
        "Pretax Income": -32788000.0,
        "Other Income Expense": -2109000.0,
        "Special Income Charges": -1538000.0,
        "Restructuring And Mergern Acquisition": 1538000.0,
        "Gain On Sale Of Security": -571000.0,
        "Net Non Operating Interest Income Expense": 4851000.0,
        "Interest Expense Non Operating": 304000.0,
        "Interest Income Non Operating": 5155000.0,
        "Operating Income": -35530000.0,
        "Operating Expense": 169107000.0,
        "Depreciation Amortization Depletion Income Statement": 37879000.0,
        "Depreciation And Amortization In Income Statement": 37879000.0,
        "Amortization": 34781000.0,
        "Amortization Of Intangibles Income Statement": 34781000.0,
        "Depreciation Income Statement": 3098000.0,
        "Research And Development": 33189000.0,
        "Selling General And Administration": 98039000.0,
        "Selling And Marketing Expense": 68464000.0,
        "General And Administrative Expense": 29575000.0,
        "Other Gand A": 29575000.0,
        "Gross Profit": 133577000.0,
        "Cost Of Revenue": 178769000.0,
        "Total Revenue": 312346000.0,
        "Operating Revenue": 312346000.0
    }
}