{
    "2023-06-30": {
        "Tax Effect Of Unusual Items": NaN,
        "Tax Rate For Calcs": NaN,
        "Normalized EBITDA": NaN,
        "Total Unusual Items": NaN,
        "Total Unusual Items Excluding Goodwill": NaN,
        "Net Income From Continuing Operation Net Minority Interest": NaN,
        "Reconciled Depreciation": NaN,
        "Reconciled Cost Of Revenue": NaN,
        "EBITDA": NaN,
        "EBIT": NaN,
        "Net Interest Income": NaN,
        "Interest Income": 307000.0,
        "Normalized Income": NaN,
        "Net Income From Continuing And Discontinued Operation": NaN,
        "Total Expenses": NaN,
        "Total Operating Income As Reported": NaN,
        "Diluted Average Shares": NaN,
        "Basic Average Shares": NaN,
        "Diluted EPS": NaN,
        "Basic EPS": NaN,
        "Diluted NI Availto Com Stockholders": NaN,
        "Net Income Common Stockholders": NaN,
        "Net Income": NaN,
        "Net Income Including Noncontrolling Interests": NaN,
        "Net Income Continuous Operations": NaN,
        "Tax Provision": NaN,
        "Pretax Income": NaN,
        "Other Income Expense": NaN,
        "Gain On Sale Of Security": NaN,
        "Net Non Operating Interest Income Expense": NaN,
        "Total Other Finance Cost": NaN,
        "Interest Income Non Operating": 307000.0,
        "Operating Income": NaN,
        "Operating Expense": NaN,
        "Other Operating Expenses": NaN,
        "Selling General And Administration": NaN,
        "General And Administrative Expense": NaN,
        "Other Gand A": NaN,
        "Insurance And Claims": NaN,
        "Gross Profit": NaN,
        "Cost Of Revenue": NaN,
        "Total Revenue": NaN,
        "Operating Revenue": NaN
    },
    "2023-03-31": {
        "Tax Effect Of Unusual Items": NaN,
        "Tax Rate For Calcs": NaN,
        "Normalized EBITDA": NaN,
        "Total Unusual Items": NaN,
        "Total Unusual Items Excluding Goodwill": NaN,
        "Net Income From Continuing Operation Net Minority Interest": NaN,
        "Reconciled Depreciation": NaN,
        "Reconciled Cost Of Revenue": NaN,
        "EBITDA": NaN,
        "EBIT": NaN,
        "Net Interest Income": NaN,
        "Interest Income": 726000.0,
        "Normalized Income": NaN,
        "Net Income From Continuing And Discontinued Operation": NaN,
        "Total Expenses": NaN,
        "Total Operating Income As Reported": NaN,
        "Diluted Average Shares": NaN,
        "Basic Average Shares": NaN,
        "Diluted EPS": NaN,
        "Basic EPS": NaN,
        "Diluted NI Availto Com Stockholders": NaN,
        "Net Income Common Stockholders": NaN,
        "Net Income": NaN,
        "Net Income Including Noncontrolling Interests": NaN,
        "Net Income Continuous Operations": NaN,
        "Tax Provision": NaN,
        "Pretax Income": NaN,
        "Other Income Expense": NaN,
        "Gain On Sale Of Security": NaN,
        "Net Non Operating Interest Income Expense": NaN,
        "Total Other Finance Cost": -726000.0,
        "Interest Income Non Operating": 726000.0,
        "Operating Income": NaN,
        "Operating Expense": NaN,
        "Other Operating Expenses": NaN,
        "Selling General And Administration": NaN,
        "General And Administrative Expense": NaN,
        "Other Gand A": NaN,
        "Insurance And Claims": NaN,
        "Gross Profit": NaN,
        "Cost Of Revenue": NaN,
        "Total Revenue": NaN,
        "Operating Revenue": NaN
    },
    "2022-12-31": {
        "Tax Effect Of Unusual Items": NaN,
        "Tax Rate For Calcs": NaN,
        "Normalized EBITDA": NaN,
        "Total Unusual Items": NaN,
        "Total Unusual Items Excluding Goodwill": NaN,
        "Net Income From Continuing Operation Net Minority Interest": NaN,
        "Reconciled Depreciation": NaN,
        "Reconciled Cost Of Revenue": NaN,
        "EBITDA": NaN,
        "EBIT": NaN,
        "Net Interest Income": NaN,
        "Interest Expense": 345000.0,
        "Interest Income": NaN,
        "Normalized Income": NaN,
        "Net Income From Continuing And Discontinued Operation": NaN,
        "Total Expenses": NaN,
        "Total Operating Income As Reported": NaN,
        "Diluted Average Shares": NaN,
        "Basic Average Shares": NaN,
        "Diluted EPS": NaN,
        "Basic EPS": NaN,
        "Diluted NI Availto Com Stockholders": NaN,
        "Net Income Common Stockholders": NaN,
        "Net Income": NaN,
        "Net Income Including Noncontrolling Interests": NaN,
        "Net Income Continuous Operations": NaN,
        "Tax Provision": NaN,
        "Pretax Income": NaN,
        "Other Income Expense": NaN,
        "Gain On Sale Of Security": NaN,
        "Net Non Operating Interest Income Expense": NaN,
        "Total Other Finance Cost": NaN,
        "Interest Expense Non Operating": 345000.0,
        "Interest Income Non Operating": NaN,
        "Operating Income": NaN,
        "Operating Expense": NaN,
        "Other Operating Expenses": NaN,
        "Selling General And Administration": NaN,
        "General And Administrative Expense": NaN,
        "Other Gand A": NaN,
        "Insurance And Claims": NaN,
        "Gross Profit": NaN,
        "Cost Of Revenue": NaN,
        "Total Revenue": NaN,
        "Operating Revenue": NaN
    },
    "2022-09-30": {
        "Tax Effect Of Unusual Items": NaN,
        "Tax Rate For Calcs": NaN,
        "Normalized EBITDA": NaN,
        "Total Unusual Items": NaN,
        "Total Unusual Items Excluding Goodwill": NaN,
        "Net Income From Continuing Operation Net Minority Interest": NaN,
        "Reconciled Depreciation": NaN,
        "Reconciled Cost Of Revenue": NaN,
        "EBITDA": NaN,
        "EBIT": NaN,
        "Net Interest Income": NaN,
        "Interest Expense": 1047000.0,
        "Interest Income": NaN,
        "Normalized Income": NaN,
        "Net Income From Continuing And Discontinued Operation": NaN,
        "Total Expenses": NaN,
        "Total Operating Income As Reported": NaN,
        "Diluted Average Shares": NaN,
        "Basic Average Shares": NaN,
        "Diluted EPS": NaN,
        "Basic EPS": NaN,
        "Diluted NI Availto Com Stockholders": NaN,
        "Net Income Common Stockholders": NaN,
        "Net Income": NaN,
        "Net Income Including Noncontrolling Interests": NaN,
        "Net Income Continuous Operations": NaN,
        "Tax Provision": NaN,
        "Pretax Income": NaN,
        "Other Income Expense": NaN,
        "Gain On Sale Of Security": NaN,
        "Net Non Operating Interest Income Expense": NaN,
        "Total Other Finance Cost": 1047000.0,
        "Interest Expense Non Operating": 1047000.0,
        "Interest Income Non Operating": NaN,
        "Operating Income": NaN,
        "Operating Expense": NaN,
        "Other Operating Expenses": NaN,
        "Selling General And Administration": NaN,
        "General And Administrative Expense": NaN,
        "Other Gand A": NaN,
        "Insurance And Claims": NaN,
        "Gross Profit": NaN,
        "Cost Of Revenue": NaN,
        "Total Revenue": NaN,
        "Operating Revenue": NaN
    },
    "2022-06-30": {
        "Tax Effect Of Unusual Items": 144261.97317,
        "Tax Rate For Calcs": 0.246181,
        "Normalized EBITDA": 149832000.0,
        "Total Unusual Items": 586000.0,
        "Total Unusual Items Excluding Goodwill": 586000.0,
        "Net Income From Continuing Operation Net Minority Interest": 112555000.0,
        "Reconciled Depreciation": 14288000.0,
        "Reconciled Cost Of Revenue": 1721832000.0,
        "EBITDA": 150418000.0,
        "EBIT": 150418000.0,
        "Net Interest Income": -1105000.0,
        "Interest Expense": 1105000.0,
        "Interest Income": NaN,
        "Normalized Income": 112113261.97317,
        "Net Income From Continuing And Discontinued Operation": 112555000.0,
        "Total Expenses": 1825232000.0,
        "Total Operating Income As Reported": 150418000.0,
        "Diluted Average Shares": 36905000.0,
        "Basic Average Shares": 36430318.0,
        "Diluted EPS": 3.05,
        "Basic EPS": 3.089597,
        "Diluted NI Availto Com Stockholders": 112555000.0,
        "Net Income Common Stockholders": 112555000.0,
        "Net Income": 112555000.0,
        "Net Income Including Noncontrolling Interests": 112555000.0,
        "Net Income Continuous Operations": 112555000.0,
        "Tax Provision": 36758000.0,
        "Pretax Income": 149313000.0,
        "Other Income Expense": 586000.0,
        "Gain On Sale Of Security": 586000.0,
        "Net Non Operating Interest Income Expense": -1105000.0,
        "Total Other Finance Cost": NaN,
        "Interest Expense Non Operating": 1105000.0,
        "Interest Income Non Operating": NaN,
        "Operating Income": 149832000.0,
        "Operating Expense": 103400000.0,
        "Other Operating Expenses": 10381000.0,
        "Selling General And Administration": 93019000.0,
        "General And Administrative Expense": 93019000.0,
        "Other Gand A": 58967000.0,
        "Insurance And Claims": 34052000.0,
        "Gross Profit": 253232000.0,
        "Cost Of Revenue": 1721832000.0,
        "Total Revenue": 1975064000.0,
        "Operating Revenue": 1949467000.0
    },
    "2022-03-31": {
        "Diluted EPS": 3.34,
        "Total Revenue": NaN,
        "Gross Profit": 421,
        "Operating Income": 163,
        "EBIT": 177,
        "Net Income": 125
    },
    "2021-12-31": {
        "Diluted EPS": 2.99,
        "Total Revenue": NaN,
        "Gross Profit": 414,
        "Operating Income": 149,
        "EBIT": 162,
        "Net Income": 113
    },
    "2021-09-30": {
        "Diluted EPS": 2.58,
        "Total Revenue": NaN,
        "Gross Profit": 378,
        "Operating Income": 131,
        "EBIT": 144,
        "Net Income": 99
    },
    "2021-06-30": {
        "Diluted EPS": 2.4,
        "Total Revenue": NaN,
        "Gross Profit": 343,
        "Operating Income": 122,
        "EBIT": 134,
        "Net Income": 92
    },
    "2021-03-31": {
        "Diluted EPS": 2.01,
        "Total Revenue": NaN,
        "Gross Profit": 290,
        "Operating Income": 103,
        "EBIT": 115,
        "Net Income": 77
    },
    "2020-12-31": {
        "Diluted EPS": 1.7,
        "Total Revenue": NaN,
        "Gross Profit": 287,
        "Operating Income": 84,
        "EBIT": 96,
        "Net Income": 65
    },
    "2020-09-30": {
        "Diluted EPS": 1.61,
        "Total Revenue": NaN,
        "Gross Profit": 248,
        "Operating Income": 82,
        "EBIT": 94,
        "Net Income": 62
    },
    "2020-06-30": {
        "Diluted EPS": 0.63,
        "Total Revenue": 824,
        "Gross Profit": 189,
        "Operating Income": 32,
        "EBIT": 44,
        "Net Income": 24
    },
    "2020-03-31": {
        "Diluted EPS": 1.04,
        "Total Revenue": 929,
        "Gross Profit": 219,
        "Operating Income": 54,
        "EBIT": 66,
        "Net Income": 41
    },
    "2019-12-31": {
        "Diluted EPS": 1.26,
        "Total Revenue": 996,
        "Gross Profit": 234,
        "Operating Income": 67,
        "EBIT": 78,
        "Net Income": 50
    },
    "2019-09-30": {
        "Diluted EPS": 1.35,
        "Total Revenue": NaN,
        "Gross Profit": 238,
        "Operating Income": 71,
        "EBIT": 81,
        "Net Income": 53
    },
    "2019-06-30": {
        "Diluted EPS": 1.53,
        "Total Revenue": NaN,
        "Gross Profit": 247,
        "Operating Income": 81,
        "EBIT": 92,
        "Net Income": 61
    },
    "2019-03-31": {
        "Diluted EPS": 1.58,
        "Total Revenue": NaN,
        "Gross Profit": 242,
        "Operating Income": 81,
        "EBIT": 92,
        "Net Income": 63
    },
    "2018-12-31": {
        "Diluted EPS": 1.67,
        "Total Revenue": NaN,
        "Gross Profit": 272,
        "Operating Income": 86,
        "EBIT": 97,
        "Net Income": 68
    },
    "2018-09-30": {
        "Diluted EPS": 1.63,
        "Total Revenue": NaN,
        "Gross Profit": 272,
        "Operating Income": 87,
        "EBIT": 98,
        "Net Income": 67
    },
    "2018-06-30": {
        "Diluted EPS": 1.51,
        "Total Revenue": NaN,
        "Gross Profit": 267,
        "Operating Income": 83,
        "EBIT": 94,
        "Net Income": 63
    },
    "2018-03-31": {
        "Diluted EPS": 1.37,
        "Total Revenue": NaN,
        "Gross Profit": 238,
        "Operating Income": 75,
        "EBIT": 86,
        "Net Income": 58
    },
    "2017-12-31": {
        "Diluted EPS": 1.54,
        "Total Revenue": NaN,
        "Gross Profit": 237,
        "Operating Income": 70,
        "EBIT": 81,
        "Net Income": 65
    },
    "2017-09-30": {
        "Diluted EPS": 1.01,
        "Total Revenue": 944,
        "Gross Profit": 217,
        "Operating Income": 61,
        "EBIT": 71,
        "Net Income": 42
    },
    "2017-06-30": {
        "Diluted EPS": 0.89,
        "Total Revenue": 871,
        "Gross Profit": 203,
        "Operating Income": 61,
        "EBIT": 71,
        "Net Income": 38
    },
    "2017-03-31": {
        "Diluted EPS": 0.77,
        "Total Revenue": 781,
        "Gross Profit": 186,
        "Operating Income": 52,
        "EBIT": 62,
        "Net Income": 32
    },
    "2016-12-31": {
        "Diluted EPS": 0.94,
        "Total Revenue": 893,
        "Gross Profit": 208,
        "Operating Income": 64,
        "EBIT": 73,
        "Net Income": 40
    },
    "2016-09-30": {
        "Diluted EPS": 0.86,
        "Total Revenue": 788,
        "Gross Profit": 187,
        "Operating Income": 58,
        "EBIT": 67,
        "Net Income": 36
    },
    "2016-06-30": {
        "Diluted EPS": 0.76,
        "Total Revenue": 776,
        "Gross Profit": 186,
        "Operating Income": 53,
        "EBIT": 62,
        "Net Income": 32
    },
    "2016-03-31": {
        "Diluted EPS": 0.69,
        "Total Revenue": 712,
        "Gross Profit": 172,
        "Operating Income": 48,
        "EBIT": 56,
        "Net Income": 29
    },
    "2015-12-31": {
        "Diluted EPS": 0.88,
        "Total Revenue": 849,
        "Gross Profit": 198,
        "Operating Income": 63,
        "EBIT": 70,
        "Net Income": 38
    },
    "2015-09-30": {
        "Diluted EPS": 0.9,
        "Total Revenue": 842,
        "Gross Profit": 196,
        "Operating Income": 64,
        "EBIT": 71,
        "Net Income": 39
    },
    "2015-06-30": {
        "Diluted EPS": 0.92,
        "Total Revenue": 869,
        "Gross Profit": 201,
        "Operating Income": 66,
        "EBIT": 73,
        "Net Income": 40
    },
    "2015-03-31": {
        "Diluted EPS": 0.67,
        "Total Revenue": 763,
        "Gross Profit": 176,
        "Operating Income": 49,
        "EBIT": 56,
        "Net Income": 30
    },
    "2014-12-31": {
        "Diluted EPS": 0.84,
        "Total Revenue": 863,
        "Gross Profit": 195,
        "Operating Income": 61,
        "EBIT": 68,
        "Net Income": 38
    },
    "2014-09-30": {
        "Diluted EPS": 0.82,
        "Total Revenue": 820,
        "Gross Profit": 186,
        "Operating Income": 60,
        "EBIT": 67,
        "Net Income": 37
    },
    "2014-06-30": {
        "Diluted EPS": 0.8,
        "Total Revenue": 815,
        "Gross Profit": 186,
        "Operating Income": 59,
        "EBIT": 65,
        "Net Income": 36
    },
    "2014-03-31": {
        "Diluted EPS": 0.61,
        "Total Revenue": 689,
        "Gross Profit": 159,
        "Operating Income": 45,
        "EBIT": 52,
        "Net Income": 28
    },
    "2013-12-31": {
        "Diluted EPS": 1.29,
        "Total Revenue": 692,
        "Gross Profit": 158,
        "Operating Income": 40,
        "EBIT": 47,
        "Net Income": 60
    },
    "2013-09-30": {
        "Diluted EPS": 0.64,
        "Total Revenue": 676,
        "Gross Profit": 158,
        "Operating Income": 47,
        "EBIT": 54,
        "Net Income": 29
    },
    "2013-06-30": {
        "Diluted EPS": 0.66,
        "Total Revenue": 675,
        "Gross Profit": 158,
        "Operating Income": 48,
        "EBIT": 56,
        "Net Income": 30
    },
    "2013-03-31": {
        "Diluted EPS": 0.57,
        "Total Revenue": 623,
        "Gross Profit": 146,
        "Operating Income": 42,
        "EBIT": 48,
        "Net Income": 27
    },
    "2012-12-31": {
        "Diluted EPS": 0.73,
        "Total Revenue": 669,
        "Gross Profit": 143,
        "Operating Income": 44,
        "EBIT": 49,
        "Net Income": 34
    },
    "2012-09-30": {
        "Diluted EPS": 0.71,
        "Total Revenue": 718,
        "Gross Profit": 169,
        "Operating Income": 54,
        "EBIT": 61,
        "Net Income": 33
    },
    "2012-06-30": {
        "Diluted EPS": 0.76,
        "Total Revenue": 736,
        "Gross Profit": 174,
        "Operating Income": 59,
        "EBIT": 65,
        "Net Income": 36
    },
    "2012-03-31": {
        "Diluted EPS": 0.57,
        "Total Revenue": 649,
        "Gross Profit": 156,
        "Operating Income": 43,
        "EBIT": 50,
        "Net Income": 27
    },
    "2011-12-31": {
        "Diluted EPS": 0.69,
        "Total Revenue": 697,
        "Gross Profit": 149,
        "Operating Income": 49,
        "EBIT": 53,
        "Net Income": 33
    },
    "2011-09-30": {
        "Diluted EPS": 0.64,
        "Total Revenue": 684,
        "Gross Profit": 166,
        "Operating Income": 50,
        "EBIT": 56,
        "Net Income": 30
    },
    "2011-06-30": {
        "Diluted EPS": 0.62,
        "Total Revenue": 676,
        "Gross Profit": 166,
        "Operating Income": 49,
        "EBIT": 55,
        "Net Income": 30
    },
    "2011-03-31": {
        "Diluted EPS": 0.43,
        "Total Revenue": 573,
        "Gross Profit": 141,
        "Operating Income": 34,
        "EBIT": 40,
        "Net Income": 21
    },
    "2010-12-31": {
        "Diluted EPS": 0.5,
        "Total Revenue": 588,
        "Gross Profit": 146,
        "Operating Income": 36,
        "EBIT": 42,
        "Net Income": 24
    },
    "2010-09-30": {
        "Diluted EPS": 0.44,
        "Total Revenue": 623,
        "Gross Profit": 149,
        "Operating Income": 36,
        "EBIT": 42,
        "Net Income": 22
    },
    "2010-06-30": {
        "Diluted EPS": 0.49,
        "Total Revenue": 642,
        "Gross Profit": 152,
        "Operating Income": 40,
        "EBIT": 46,
        "Net Income": 24
    },
    "2010-03-31": {
        "Diluted EPS": 0.34,
        "Total Revenue": 548,
        "Gross Profit": 131,
        "Operating Income": 28,
        "EBIT": 34,
        "Net Income": 17
    },
    "2009-12-31": {
        "Diluted EPS": 0.36,
        "Total Revenue": 548,
        "Gross Profit": 135,
        "Operating Income": 28,
        "EBIT": 34,
        "Net Income": 19
    },
    "2009-09-30": {
        "Diluted EPS": 0.39,
        "Total Revenue": 501,
        "Gross Profit": 129,
        "Operating Income": 33,
        "EBIT": 39,
        "Net Income": 20
    },
    "2009-06-30": {
        "Diluted EPS": 0.35,
        "Total Revenue": 491,
        "Gross Profit": 125,
        "Operating Income": 30,
        "EBIT": 35,
        "Net Income": 18
    },
    "2009-03-31": {
        "Diluted EPS": 0.27,
        "Total Revenue": 470,
        "Gross Profit": 118,
        "Operating Income": 24,
        "EBIT": 29,
        "Net Income": 14
    },
    "2023-09-30": {
        "Tax Effect Of Unusual Items": NaN,
        "Tax Rate For Calcs": NaN,
        "Normalized EBITDA": NaN,
        "Total Unusual Items": NaN,
        "Total Unusual Items Excluding Goodwill": NaN,
        "Net Income From Continuing Operation Net Minority Interest": NaN,
        "Reconciled Depreciation": NaN,
        "Reconciled Cost Of Revenue": NaN,
        "EBITDA": NaN,
        "EBIT": NaN,
        "Net Interest Income": NaN,
        "Interest Income": 1046000.0,
        "Normalized Income": NaN,
        "Net Income From Continuing And Discontinued Operation": NaN,
        "Total Expenses": NaN,
        "Total Operating Income As Reported": NaN,
        "Diluted Average Shares": 35951000.0,
        "Basic Average Shares": 35951000.0,
        "Diluted EPS": 1.71,
        "Basic EPS": 1.71,
        "Diluted NI Availto Com Stockholders": NaN,
        "Net Income Common Stockholders": NaN,
        "Net Income": NaN,
        "Net Income Including Noncontrolling Interests": NaN,
        "Net Income Continuous Operations": NaN,
        "Tax Provision": NaN,
        "Pretax Income": NaN,
        "Other Income Expense": NaN,
        "Gain On Sale Of Security": NaN,
        "Net Non Operating Interest Income Expense": NaN,
        "Total Other Finance Cost": -1046000.0,
        "Interest Income Non Operating": 1046000.0,
        "Operating Income": NaN,
        "Operating Expense": NaN,
        "Other Operating Expenses": NaN,
        "Selling General And Administration": NaN,
        "General And Administrative Expense": NaN,
        "Other Gand A": NaN,
        "Insurance And Claims": NaN,
        "Gross Profit": NaN,
        "Cost Of Revenue": NaN,
        "Total Revenue": NaN,
        "Operating Revenue": NaN
    },
    "2023-12-31": {
        "Tax Effect Of Unusual Items": 788475.66528,
        "Tax Rate For Calcs": 0.241345,
        "Normalized EBITDA": 81688000.0,
        "Total Unusual Items": 3267000.0,
        "Total Unusual Items Excluding Goodwill": 3267000.0,
        "Net Income From Continuing Operation Net Minority Interest": 57987000.0,
        "Reconciled Depreciation": 13655000.0,
        "Reconciled Cost Of Revenue": 1039954000.0,
        "EBITDA": 84955000.0,
        "EBIT": 71300000.0,
        "Net Interest Income": 1867000.0,
        "Interest Income": NaN,
        "Normalized Income": 55508475.66528,
        "Net Income From Continuing And Discontinued Operation": 57987000.0,
        "Total Expenses": 1133145000.0,
        "Total Operating Income As Reported": 74567000.0,
        "Diluted Average Shares": 35804000.0,
        "Basic Average Shares": 35804000.0,
        "Diluted EPS": 1.62,
        "Basic EPS": 1.62,
        "Diluted NI Availto Com Stockholders": 57987000.0,
        "Net Income Common Stockholders": 57987000.0,
        "Net Income": 57987000.0,
        "Net Income Including Noncontrolling Interests": 57987000.0,
        "Net Income Continuous Operations": 57987000.0,
        "Tax Provision": 18447000.0,
        "Pretax Income": 76434000.0,
        "Other Income Expense": 3267000.0,
        "Gain On Sale Of Security": 3267000.0,
        "Net Non Operating Interest Income Expense": 1867000.0,
        "Total Other Finance Cost": NaN,
        "Interest Income Non Operating": NaN,
        "Operating Income": 71300000.0,
        "Operating Expense": 93191000.0,
        "Other Operating Expenses": 13193000.0,
        "Selling General And Administration": 79998000.0,
        "General And Administrative Expense": 79998000.0,
        "Other Gand A": 52728000.0,
        "Insurance And Claims": 27270000.0,
        "Gross Profit": 164491000.0,
        "Cost Of Revenue": 1039954000.0,
        "Total Revenue": 1204445000.0,
        "Operating Revenue": 1173737000.0
    },
    "2024-03-31": {
        "Tax Effect Of Unusual Items": 801820.0,
        "Tax Rate For Calcs": 0.235,
        "Normalized EBITDA": 67279000.0,
        "Total Unusual Items": 3412000.0,
        "Total Unusual Items Excluding Goodwill": 3412000.0,
        "Net Income From Continuing Operation Net Minority Interest": 47096000.0,
        "Reconciled Depreciation": 14142000.0,
        "Reconciled Cost Of Revenue": 1016945000.0,
        "EBITDA": 70691000.0,
        "EBIT": 56549000.0,
        "Net Interest Income": 1611000.0,
        "Interest Income": NaN,
        "Normalized Income": 44485820.0,
        "Net Income From Continuing And Discontinued Operation": 47096000.0,
        "Total Expenses": 1114494000.0,
        "Total Operating Income As Reported": 59961000.0,
        "Diluted Average Shares": 35750000.0,
        "Basic Average Shares": 35750000.0,
        "Diluted EPS": 1.32,
        "Basic EPS": 1.32,
        "Diluted NI Availto Com Stockholders": 47096000.0,
        "Net Income Common Stockholders": 47096000.0,
        "Net Income": 47096000.0,
        "Net Income Including Noncontrolling Interests": 47096000.0,
        "Net Income Continuous Operations": 47096000.0,
        "Tax Provision": 14476000.0,
        "Pretax Income": 61572000.0,
        "Other Income Expense": 3412000.0,
        "Gain On Sale Of Security": 3412000.0,
        "Net Non Operating Interest Income Expense": 1611000.0,
        "Total Other Finance Cost": -1611000.0,
        "Interest Income Non Operating": NaN,
        "Operating Income": 56549000.0,
        "Operating Expense": 97549000.0,
        "Other Operating Expenses": 14859000.0,
        "Selling General And Administration": 82690000.0,
        "General And Administrative Expense": 82690000.0,
        "Other Gand A": 56422000.0,
        "Insurance And Claims": 26268000.0,
        "Gross Profit": 154098000.0,
        "Cost Of Revenue": 1016945000.0,
        "Total Revenue": 1171043000.0,
        "Operating Revenue": 1145701000.0
    },
    "2024-06-30": {
        "Tax Effect Of Unusual Items": 895230.0,
        "Tax Rate For Calcs": 0.245,
        "Normalized EBITDA": 75239000.0,
        "Total Unusual Items": 3654000.0,
        "Total Unusual Items Excluding Goodwill": 3654000.0,
        "Net Income From Continuing Operation Net Minority Interest": 52624000.0,
        "Reconciled Depreciation": 14488000.0,
        "Reconciled Cost Of Revenue": 1064362000.0,
        "EBITDA": 78893000.0,
        "EBIT": 64405000.0,
        "Net Interest Income": 1675000.0,
        "Interest Income": 1675000.0,
        "Normalized Income": 49865230.0,
        "Net Income From Continuing And Discontinued Operation": 52624000.0,
        "Total Expenses": 1160600000.0,
        "Total Operating Income As Reported": 68059000.0,
        "Diluted Average Shares": 35654000.0,
        "Basic Average Shares": 35654000.0,
        "Diluted EPS": 1.48,
        "Basic EPS": 1.48,
        "Diluted NI Availto Com Stockholders": 52624000.0,
        "Net Income Common Stockholders": 52624000.0,
        "Net Income": 52624000.0,
        "Net Income Including Noncontrolling Interests": 52624000.0,
        "Net Income Continuous Operations": 52624000.0,
        "Tax Provision": 17110000.0,
        "Pretax Income": 69734000.0,
        "Other Income Expense": 3654000.0,
        "Gain On Sale Of Security": 3654000.0,
        "Net Non Operating Interest Income Expense": 1675000.0,
        "Total Other Finance Cost": NaN,
        "Interest Income Non Operating": 1675000.0,
        "Operating Income": 64405000.0,
        "Operating Expense": 96238000.0,
        "Other Operating Expenses": 14135000.0,
        "Selling General And Administration": 82103000.0,
        "General And Administrative Expense": 82103000.0,
        "Other Gand A": 54939000.0,
        "Insurance And Claims": 27164000.0,
        "Gross Profit": 160643000.0,
        "Cost Of Revenue": 1064362000.0,
        "Total Revenue": 1225005000.0,
        "Operating Revenue": 1199302000.0
    },
    "2024-09-30": {
        "Tax Effect Of Unusual Items": 870684.0,
        "Tax Rate For Calcs": 0.222,
        "Normalized EBITDA": 70643000.0,
        "Total Unusual Items": 3922000.0,
        "Total Unusual Items Excluding Goodwill": 3922000.0,
        "Net Income From Continuing Operation Net Minority Interest": 50033000.0,
        "Reconciled Depreciation": 15371000.0,
        "Reconciled Cost Of Revenue": 1057879000.0,
        "EBITDA": 74565000.0,
        "EBIT": 59194000.0,
        "Net Interest Income": 1169000.0,
        "Interest Income": 1169000.0,
        "Normalized Income": 46981684.0,
        "Net Income From Continuing And Discontinued Operation": 50033000.0,
        "Total Expenses": 1154673000.0,
        "Total Operating Income As Reported": 63116000.0,
        "Diluted Average Shares": 35420000.0,
        "Basic Average Shares": 35420000.0,
        "Diluted EPS": 1.41,
        "Basic EPS": 1.41,
        "Diluted NI Availto Com Stockholders": 50033000.0,
        "Net Income Common Stockholders": 50033000.0,
        "Net Income": 50033000.0,
        "Net Income Including Noncontrolling Interests": 50033000.0,
        "Net Income Continuous Operations": 50033000.0,
        "Tax Provision": 14252000.0,
        "Pretax Income": 64285000.0,
        "Other Income Expense": 3922000.0,
        "Gain On Sale Of Security": 3922000.0,
        "Net Non Operating Interest Income Expense": 1169000.0,
        "Total Other Finance Cost": NaN,
        "Interest Income Non Operating": 1169000.0,
        "Operating Income": 59194000.0,
        "Operating Expense": 96794000.0,
        "Other Operating Expenses": 15144000.0,
        "Selling General And Administration": 81650000.0,
        "General And Administrative Expense": 81650000.0,
        "Other Gand A": 51252000.0,
        "Insurance And Claims": 30398000.0,
        "Gross Profit": 155988000.0,
        "Cost Of Revenue": 1057879000.0,
        "Total Revenue": 1213867000.0,
        "Operating Revenue": 1213867000.0
    },
    "2024-12-31": {
        "Tax Effect Of Unusual Items": 816132.186941,
        "Tax Rate For Calcs": 0.213535,
        "Normalized EBITDA": 62864000.0,
        "Total Unusual Items": 3822000.0,
        "Total Unusual Items Excluding Goodwill": 3822000.0,
        "Net Income From Continuing Operation Net Minority Interest": 46193000.0,
        "Reconciled Depreciation": 12737000.0,
        "Reconciled Cost Of Revenue": 1055544000.0,
        "EBITDA": 66686000.0,
        "EBIT": 53949000.0,
        "Net Interest Income": 964000.0,
        "Interest Income": 964000.0,
        "Normalized Income": 43187132.186941,
        "Net Income From Continuing And Discontinued Operation": 46193000.0,
        "Total Expenses": 1155381000.0,
        "Total Operating Income As Reported": 57771000.0,
        "Diluted Average Shares": NaN,
        "Basic Average Shares": NaN,
        "Diluted EPS": NaN,
        "Basic EPS": NaN,
        "Diluted NI Availto Com Stockholders": 46193000.0,
        "Net Income Common Stockholders": 46193000.0,
        "Net Income": 46193000.0,
        "Net Income Including Noncontrolling Interests": 46193000.0,
        "Net Income Continuous Operations": 46193000.0,
        "Tax Provision": 12542000.0,
        "Pretax Income": 58735000.0,
        "Other Income Expense": 3822000.0,
        "Gain On Sale Of Security": 3822000.0,
        "Net Non Operating Interest Income Expense": 964000.0,
        "Total Other Finance Cost": NaN,
        "Interest Income Non Operating": 964000.0,
        "Operating Income": 53949000.0,
        "Operating Expense": 99837000.0,
        "Other Operating Expenses": 14643000.0,
        "Selling General And Administration": 85194000.0,
        "General And Administrative Expense": 85194000.0,
        "Other Gand A": 55095000.0,
        "Insurance And Claims": 30099000.0,
        "Gross Profit": 153786000.0,
        "Cost Of Revenue": 1055544000.0,
        "Total Revenue": 1209330000.0,
        "Operating Revenue": 1110869000.0
    }
}