{
    "2023-06-30": {
        "Tax Effect Of Unusual Items": NaN,
        "Tax Rate For Calcs": NaN,
        "Normalized EBITDA": NaN,
        "Net Income From Continuing Operation Net Minority Interest": NaN,
        "Reconciled Depreciation": NaN,
        "Reconciled Cost Of Revenue": NaN,
        "EBITDA": NaN,
        "EBIT": NaN,
        "Net Interest Income": NaN,
        "Interest Expense": NaN,
        "Normalized Income": NaN,
        "Net Income From Continuing And Discontinued Operation": NaN,
        "Total Expenses": NaN,
        "Rent Expense Supplemental": NaN,
        "Total Operating Income As Reported": NaN,
        "Diluted Average Shares": 204821000.0,
        "Basic Average Shares": 195476000.0,
        "Diluted EPS": 0.08,
        "Basic EPS": 0.09,
        "Diluted NI Availto Com Stockholders": NaN,
        "Net Income Common Stockholders": NaN,
        "Net Income": NaN,
        "Net Income Including Noncontrolling Interests": NaN,
        "Net Income Continuous Operations": NaN,
        "Tax Provision": NaN,
        "Pretax Income": NaN,
        "Other Income Expense": NaN,
        "Earnings From Equity Interest": NaN,
        "Net Non Operating Interest Income Expense": NaN,
        "Total Other Finance Cost": NaN,
        "Interest Expense Non Operating": NaN,
        "Operating Income": NaN,
        "Operating Expense": NaN,
        "Other Operating Expenses": NaN,
        "Depreciation Amortization Depletion Income Statement": NaN,
        "Depreciation And Amortization In Income Statement": NaN,
        "Selling General And Administration": NaN,
        "General And Administrative Expense": NaN,
        "Other Gand A": NaN,
        "Rent And Landing Fees": NaN,
        "Gross Profit": NaN,
        "Cost Of Revenue": NaN,
        "Total Revenue": NaN,
        "Operating Revenue": NaN
    },
    "2023-03-31": {
        "Tax Effect Of Unusual Items": NaN,
        "Tax Rate For Calcs": NaN,
        "Normalized EBITDA": NaN,
        "Net Income From Continuing Operation Net Minority Interest": NaN,
        "Reconciled Depreciation": NaN,
        "Reconciled Cost Of Revenue": NaN,
        "EBITDA": NaN,
        "EBIT": NaN,
        "Net Interest Income": NaN,
        "Interest Expense": NaN,
        "Normalized Income": NaN,
        "Net Income From Continuing And Discontinued Operation": NaN,
        "Total Expenses": NaN,
        "Rent Expense Supplemental": NaN,
        "Total Operating Income As Reported": NaN,
        "Diluted Average Shares": 202855000.0,
        "Basic Average Shares": 194572000.0,
        "Diluted EPS": 0.14,
        "Basic EPS": 0.14,
        "Diluted NI Availto Com Stockholders": NaN,
        "Net Income Common Stockholders": NaN,
        "Net Income": NaN,
        "Net Income Including Noncontrolling Interests": NaN,
        "Net Income Continuous Operations": NaN,
        "Tax Provision": NaN,
        "Pretax Income": NaN,
        "Other Income Expense": NaN,
        "Earnings From Equity Interest": NaN,
        "Net Non Operating Interest Income Expense": NaN,
        "Total Other Finance Cost": 31195000.0,
        "Interest Expense Non Operating": NaN,
        "Operating Income": NaN,
        "Operating Expense": NaN,
        "Other Operating Expenses": NaN,
        "Depreciation Amortization Depletion Income Statement": NaN,
        "Depreciation And Amortization In Income Statement": NaN,
        "Selling General And Administration": NaN,
        "General And Administrative Expense": NaN,
        "Other Gand A": NaN,
        "Rent And Landing Fees": NaN,
        "Gross Profit": NaN,
        "Cost Of Revenue": NaN,
        "Total Revenue": NaN,
        "Operating Revenue": NaN
    },
    "2022-12-31": {
        "Tax Effect Of Unusual Items": NaN,
        "Tax Rate For Calcs": NaN,
        "Normalized EBITDA": NaN,
        "Net Income From Continuing Operation Net Minority Interest": NaN,
        "Reconciled Depreciation": NaN,
        "Reconciled Cost Of Revenue": NaN,
        "EBITDA": NaN,
        "EBIT": NaN,
        "Net Interest Income": NaN,
        "Interest Expense": 28805000.0,
        "Normalized Income": NaN,
        "Net Income From Continuing And Discontinued Operation": NaN,
        "Total Expenses": NaN,
        "Rent Expense Supplemental": NaN,
        "Total Operating Income As Reported": NaN,
        "Diluted Average Shares": NaN,
        "Basic Average Shares": NaN,
        "Diluted EPS": NaN,
        "Basic EPS": NaN,
        "Diluted NI Availto Com Stockholders": NaN,
        "Net Income Common Stockholders": NaN,
        "Net Income": NaN,
        "Net Income Including Noncontrolling Interests": NaN,
        "Net Income Continuous Operations": NaN,
        "Tax Provision": NaN,
        "Pretax Income": NaN,
        "Other Income Expense": NaN,
        "Earnings From Equity Interest": NaN,
        "Net Non Operating Interest Income Expense": NaN,
        "Total Other Finance Cost": NaN,
        "Interest Expense Non Operating": 28805000.0,
        "Operating Income": NaN,
        "Operating Expense": NaN,
        "Other Operating Expenses": NaN,
        "Depreciation Amortization Depletion Income Statement": NaN,
        "Depreciation And Amortization In Income Statement": NaN,
        "Selling General And Administration": NaN,
        "General And Administrative Expense": NaN,
        "Other Gand A": NaN,
        "Rent And Landing Fees": NaN,
        "Gross Profit": NaN,
        "Cost Of Revenue": NaN,
        "Total Revenue": NaN,
        "Operating Revenue": NaN
    },
    "2022-09-30": {
        "Tax Effect Of Unusual Items": NaN,
        "Tax Rate For Calcs": NaN,
        "Normalized EBITDA": NaN,
        "Net Income From Continuing Operation Net Minority Interest": NaN,
        "Reconciled Depreciation": NaN,
        "Reconciled Cost Of Revenue": NaN,
        "EBITDA": NaN,
        "EBIT": NaN,
        "Net Interest Income": NaN,
        "Interest Expense": 27696000.0,
        "Normalized Income": NaN,
        "Net Income From Continuing And Discontinued Operation": NaN,
        "Total Expenses": NaN,
        "Rent Expense Supplemental": NaN,
        "Total Operating Income As Reported": NaN,
        "Diluted Average Shares": NaN,
        "Basic Average Shares": NaN,
        "Diluted EPS": NaN,
        "Basic EPS": NaN,
        "Diluted NI Availto Com Stockholders": NaN,
        "Net Income Common Stockholders": NaN,
        "Net Income": NaN,
        "Net Income Including Noncontrolling Interests": NaN,
        "Net Income Continuous Operations": NaN,
        "Tax Provision": NaN,
        "Pretax Income": NaN,
        "Other Income Expense": NaN,
        "Earnings From Equity Interest": NaN,
        "Net Non Operating Interest Income Expense": NaN,
        "Total Other Finance Cost": NaN,
        "Interest Expense Non Operating": 27696000.0,
        "Operating Income": NaN,
        "Operating Expense": NaN,
        "Other Operating Expenses": NaN,
        "Depreciation Amortization Depletion Income Statement": NaN,
        "Depreciation And Amortization In Income Statement": NaN,
        "Selling General And Administration": NaN,
        "General And Administrative Expense": NaN,
        "Other Gand A": NaN,
        "Rent And Landing Fees": NaN,
        "Gross Profit": NaN,
        "Cost Of Revenue": NaN,
        "Total Revenue": NaN,
        "Operating Revenue": NaN
    },
    "2022-06-30": {
        "Tax Effect Of Unusual Items": 0.0,
        "Tax Rate For Calcs": 0.4,
        "Normalized EBITDA": 77983000.0,
        "Net Income From Continuing Operation Net Minority Interest": -2285000.0,
        "Reconciled Depreciation": 57173000.0,
        "Reconciled Cost Of Revenue": 279557000.0,
        "EBITDA": 77983000.0,
        "EBIT": 20810000.0,
        "Net Interest Income": -27093000.0,
        "Interest Expense": NaN,
        "Normalized Income": -2285000.0,
        "Net Income From Continuing And Discontinued Operation": -2285000.0,
        "Total Expenses": 440457000.0,
        "Rent Expense Supplemental": 59989000.0,
        "Total Operating Income As Reported": 20810000.0,
        "Diluted Average Shares": 193692000.0,
        "Basic Average Shares": 193692000.0,
        "Diluted EPS": -0.01,
        "Basic EPS": -0.01,
        "Diluted NI Availto Com Stockholders": -2285000.0,
        "Net Income Common Stockholders": -2285000.0,
        "Net Income": -2285000.0,
        "Net Income Including Noncontrolling Interests": -2285000.0,
        "Net Income Continuous Operations": -2285000.0,
        "Tax Provision": -3990000.0,
        "Pretax Income": -6275000.0,
        "Other Income Expense": 8000.0,
        "Earnings From Equity Interest": 8000.0,
        "Net Non Operating Interest Income Expense": -27093000.0,
        "Total Other Finance Cost": 27093000.0,
        "Interest Expense Non Operating": NaN,
        "Operating Income": 20810000.0,
        "Operating Expense": 160900000.0,
        "Other Operating Expenses": -8212000.0,
        "Depreciation Amortization Depletion Income Statement": 57173000.0,
        "Depreciation And Amortization In Income Statement": 57173000.0,
        "Selling General And Administration": 111939000.0,
        "General And Administrative Expense": 111939000.0,
        "Other Gand A": 51950000.0,
        "Rent And Landing Fees": 59989000.0,
        "Gross Profit": 181710000.0,
        "Cost Of Revenue": 279557000.0,
        "Total Revenue": 461267000.0,
        "Operating Revenue": 445882000.0
    },
    "2022-03-31": {
        "Diluted EPS": -0.2,
        "Total Revenue": 392,
        "Gross Profit": 153,
        "Operating Income": -11,
        "EBIT": 49,
        "Net Income": -38
    },
    "2021-12-31": {
        "Diluted EPS": -1.72,
        "Total Revenue": 361,
        "Gross Profit": 142,
        "Operating Income": -338,
        "EBIT": -278,
        "Net Income": -294
    },
    "2021-09-30": {
        "Diluted EPS": -0.36,
        "Total Revenue": 385,
        "Gross Profit": 153,
        "Operating Income": -18,
        "EBIT": 43,
        "Net Income": -45
    },
    "2021-06-30": {
        "Diluted EPS": -0.57,
        "Total Revenue": 323,
        "Gross Profit": 104,
        "Operating Income": -57,
        "EBIT": 3,
        "Net Income": -82
    },
    "2021-03-31": {
        "Diluted EPS": -1.08,
        "Total Revenue": 249,
        "Gross Profit": 75,
        "Operating Income": -82,
        "EBIT": -19,
        "Net Income": -157
    },
    "2020-12-31": {
        "Diluted EPS": 0.0,
        "Total Revenue": NaN,
        "Gross Profit": NaN,
        "Operating Income": NaN,
        "EBIT": NaN,
        "Net Income": NaN
    },
    "2020-09-30": {
        "Diluted EPS": -0.64,
        "Total Revenue": 231,
        "Gross Profit": 65,
        "Operating Income": -91,
        "EBIT": -91,
        "Net Income": -94
    },
    "2019-12-31": {
        "Diluted EPS": 0.0,
        "Total Revenue": NaN,
        "Gross Profit": NaN,
        "Operating Income": NaN,
        "EBIT": NaN,
        "Net Income": NaN
    },
    "2018-12-31": {
        "Diluted EPS": 0.0,
        "Total Revenue": NaN,
        "Gross Profit": NaN,
        "Operating Income": NaN,
        "EBIT": NaN,
        "Net Income": NaN
    },
    "2023-09-30": {
        "Tax Effect Of Unusual Items": NaN,
        "Tax Rate For Calcs": NaN,
        "Normalized EBITDA": NaN,
        "Net Income From Continuing Operation Net Minority Interest": NaN,
        "Reconciled Depreciation": NaN,
        "Reconciled Cost Of Revenue": NaN,
        "EBITDA": NaN,
        "EBIT": NaN,
        "Net Interest Income": NaN,
        "Interest Expense": 33075000.0,
        "Normalized Income": NaN,
        "Net Income From Continuing And Discontinued Operation": NaN,
        "Total Expenses": NaN,
        "Rent Expense Supplemental": NaN,
        "Total Operating Income As Reported": NaN,
        "Diluted Average Shares": 204298000.0,
        "Basic Average Shares": 196146000.0,
        "Diluted EPS": 0.04,
        "Basic EPS": 0.04,
        "Diluted NI Availto Com Stockholders": NaN,
        "Net Income Common Stockholders": NaN,
        "Net Income": NaN,
        "Net Income Including Noncontrolling Interests": NaN,
        "Net Income Continuous Operations": NaN,
        "Tax Provision": NaN,
        "Pretax Income": NaN,
        "Other Income Expense": NaN,
        "Earnings From Equity Interest": NaN,
        "Net Non Operating Interest Income Expense": NaN,
        "Total Other Finance Cost": NaN,
        "Interest Expense Non Operating": 33075000.0,
        "Operating Income": NaN,
        "Operating Expense": NaN,
        "Other Operating Expenses": NaN,
        "Depreciation Amortization Depletion Income Statement": NaN,
        "Depreciation And Amortization In Income Statement": NaN,
        "Selling General And Administration": NaN,
        "General And Administrative Expense": NaN,
        "Other Gand A": NaN,
        "Rent And Landing Fees": NaN,
        "Gross Profit": NaN,
        "Cost Of Revenue": NaN,
        "Total Revenue": NaN,
        "Operating Revenue": NaN
    },
    "2023-12-31": {
        "Tax Effect Of Unusual Items": 0.0,
        "Tax Rate For Calcs": 0.021767,
        "Normalized EBITDA": 122712000.0,
        "Net Income From Continuing Operation Net Minority Interest": 23684000.0,
        "Reconciled Depreciation": 64330000.0,
        "Reconciled Cost Of Revenue": 288257000.0,
        "EBITDA": 122712000.0,
        "EBIT": 58382000.0,
        "Net Interest Income": -34548000.0,
        "Interest Expense": NaN,
        "Normalized Income": 23684000.0,
        "Net Income From Continuing And Discontinued Operation": 23684000.0,
        "Total Expenses": 500165000.0,
        "Rent Expense Supplemental": 71926000.0,
        "Total Operating Income As Reported": 58669000.0,
        "Diluted Average Shares": NaN,
        "Basic Average Shares": NaN,
        "Diluted EPS": NaN,
        "Basic EPS": NaN,
        "Diluted NI Availto Com Stockholders": 23684000.0,
        "Net Income Common Stockholders": 23684000.0,
        "Net Income": 23684000.0,
        "Net Income Including Noncontrolling Interests": 23684000.0,
        "Net Income Continuous Operations": 23684000.0,
        "Tax Provision": 527000.0,
        "Pretax Income": 24211000.0,
        "Other Income Expense": 90000.0,
        "Earnings From Equity Interest": 90000.0,
        "Net Non Operating Interest Income Expense": -34548000.0,
        "Total Other Finance Cost": NaN,
        "Interest Expense Non Operating": NaN,
        "Operating Income": 58669000.0,
        "Operating Expense": 211908000.0,
        "Other Operating Expenses": 21526000.0,
        "Depreciation Amortization Depletion Income Statement": 64330000.0,
        "Depreciation And Amortization In Income Statement": 64330000.0,
        "Selling General And Administration": 126052000.0,
        "General And Administrative Expense": 126052000.0,
        "Other Gand A": 54126000.0,
        "Rent And Landing Fees": 71926000.0,
        "Gross Profit": 270577000.0,
        "Cost Of Revenue": 288257000.0,
        "Total Revenue": 558834000.0,
        "Operating Revenue": 546050000.0
    },
    "2024-03-31": {
        "Tax Effect Of Unusual Items": 0.0,
        "Tax Rate For Calcs": 0.284632,
        "Normalized EBITDA": 137960000.0,
        "Net Income From Continuing Operation Net Minority Interest": 24917000.0,
        "Reconciled Depreciation": 65903000.0,
        "Reconciled Cost Of Revenue": 321900000.0,
        "EBITDA": 137960000.0,
        "EBIT": 72057000.0,
        "Net Interest Income": -37403000.0,
        "Normalized Income": 24917000.0,
        "Net Income From Continuing And Discontinued Operation": 24917000.0,
        "Total Expenses": 524660000.0,
        "Rent Expense Supplemental": 72282000.0,
        "Total Operating Income As Reported": 72057000.0,
        "Diluted Average Shares": 202756000.0,
        "Basic Average Shares": 197498000.0,
        "Diluted EPS": 0.12,
        "Basic EPS": 0.13,
        "Diluted NI Availto Com Stockholders": 24917000.0,
        "Net Income Common Stockholders": 24917000.0,
        "Net Income": 24917000.0,
        "Net Income Including Noncontrolling Interests": 24917000.0,
        "Net Income Continuous Operations": 24917000.0,
        "Tax Provision": 9914000.0,
        "Pretax Income": 34831000.0,
        "Other Income Expense": 177000.0,
        "Earnings From Equity Interest": 177000.0,
        "Net Non Operating Interest Income Expense": -37403000.0,
        "Total Other Finance Cost": 37403000.0,
        "Operating Income": 72057000.0,
        "Operating Expense": 202760000.0,
        "Other Operating Expenses": 15722000.0,
        "Depreciation Amortization Depletion Income Statement": 65903000.0,
        "Depreciation And Amortization In Income Statement": 65903000.0,
        "Selling General And Administration": 121135000.0,
        "General And Administrative Expense": 121135000.0,
        "Other Gand A": 48853000.0,
        "Rent And Landing Fees": 72282000.0,
        "Gross Profit": 274817000.0,
        "Cost Of Revenue": 321900000.0,
        "Total Revenue": 596717000.0,
        "Operating Revenue": 580485000.0
    },
    "2024-06-30": {
        "Tax Effect Of Unusual Items": 0.0,
        "Tax Rate For Calcs": 0.207,
        "Normalized EBITDA": 174470000.0,
        "Net Income From Continuing Operation Net Minority Interest": 52805000.0,
        "Reconciled Depreciation": 69714000.0,
        "Reconciled Cost Of Revenue": 355510000.0,
        "EBITDA": 174470000.0,
        "EBIT": 104756000.0,
        "Net Interest Income": -37669000.0,
        "Normalized Income": 52805000.0,
        "Net Income From Continuing And Discontinued Operation": 52805000.0,
        "Total Expenses": 563005000.0,
        "Rent Expense Supplemental": 74947000.0,
        "Total Operating Income As Reported": 104756000.0,
        "Diluted Average Shares": 206044000.0,
        "Basic Average Shares": 198903000.0,
        "Diluted EPS": 0.26,
        "Basic EPS": 0.27,
        "Diluted NI Availto Com Stockholders": 52805000.0,
        "Net Income Common Stockholders": 52805000.0,
        "Net Income": 52805000.0,
        "Net Income Including Noncontrolling Interests": 52805000.0,
        "Net Income Continuous Operations": 52805000.0,
        "Tax Provision": 13818000.0,
        "Pretax Income": 66623000.0,
        "Other Income Expense": -464000.0,
        "Earnings From Equity Interest": -464000.0,
        "Net Non Operating Interest Income Expense": -37669000.0,
        "Total Other Finance Cost": 37669000.0,
        "Operating Income": 104756000.0,
        "Operating Expense": 207495000.0,
        "Other Operating Expenses": 9588000.0,
        "Depreciation Amortization Depletion Income Statement": 69714000.0,
        "Depreciation And Amortization In Income Statement": 69714000.0,
        "Selling General And Administration": 128193000.0,
        "General And Administrative Expense": 128193000.0,
        "Other Gand A": 53246000.0,
        "Rent And Landing Fees": 74947000.0,
        "Gross Profit": 312251000.0,
        "Cost Of Revenue": 355510000.0,
        "Total Revenue": 667761000.0,
        "Operating Revenue": 645007000.0
    },
    "2024-09-30": {
        "Tax Effect Of Unusual Items": 0.0,
        "Tax Rate For Calcs": 0.282,
        "Normalized EBITDA": 163146000.0,
        "Net Income From Continuing Operation Net Minority Interest": 41355000.0,
        "Reconciled Depreciation": 69451000.0,
        "Reconciled Cost Of Revenue": 371134000.0,
        "EBITDA": 163146000.0,
        "EBIT": 93695000.0,
        "Net Interest Income": -36011000.0,
        "Normalized Income": 41355000.0,
        "Net Income From Continuing And Discontinued Operation": 41355000.0,
        "Total Expenses": 599539000.0,
        "Rent Expense Supplemental": 78575000.0,
        "Total Operating Income As Reported": 93695000.0,
        "Diluted Average Shares": 214633000.0,
        "Basic Average Shares": 202945000.0,
        "Diluted EPS": 0.19,
        "Basic EPS": 0.2,
        "Diluted NI Availto Com Stockholders": 41355000.0,
        "Net Income Common Stockholders": 41355000.0,
        "Net Income": 41355000.0,
        "Net Income Including Noncontrolling Interests": 41355000.0,
        "Net Income Continuous Operations": 41355000.0,
        "Tax Provision": 16213000.0,
        "Pretax Income": 57568000.0,
        "Other Income Expense": -116000.0,
        "Earnings From Equity Interest": -116000.0,
        "Net Non Operating Interest Income Expense": -36011000.0,
        "Total Other Finance Cost": 36011000.0,
        "Operating Income": 93695000.0,
        "Operating Expense": 228405000.0,
        "Other Operating Expenses": 22642000.0,
        "Depreciation Amortization Depletion Income Statement": 69451000.0,
        "Depreciation And Amortization In Income Statement": 69451000.0,
        "Selling General And Administration": 136312000.0,
        "General And Administrative Expense": 136312000.0,
        "Other Gand A": 57737000.0,
        "Rent And Landing Fees": 78575000.0,
        "Gross Profit": 322100000.0,
        "Cost Of Revenue": 371134000.0,
        "Total Revenue": 693234000.0,
        "Operating Revenue": 674775000.0
    },
    "2024-12-31": {
        "Tax Effect Of Unusual Items": 0.0,
        "Tax Rate For Calcs": 0.252945,
        "Normalized EBITDA": 156588000.0,
        "Net Income From Continuing Operation Net Minority Interest": 37163000.0,
        "Reconciled Depreciation": 69613000.0,
        "Reconciled Cost Of Revenue": 343877000.0,
        "EBITDA": 156588000.0,
        "EBIT": 86975000.0,
        "Net Interest Income": -37012000.0,
        "Normalized Income": 37163000.0,
        "Net Income From Continuing And Discontinued Operation": 37163000.0,
        "Total Expenses": 576308000.0,
        "Rent Expense Supplemental": 79141000.0,
        "Total Operating Income As Reported": 86975000.0,
        "Diluted Average Shares": NaN,
        "Basic Average Shares": NaN,
        "Diluted EPS": NaN,
        "Basic EPS": NaN,
        "Diluted NI Availto Com Stockholders": 37163000.0,
        "Net Income Common Stockholders": 37163000.0,
        "Net Income": 37163000.0,
        "Net Income Including Noncontrolling Interests": 37163000.0,
        "Net Income Continuous Operations": 37163000.0,
        "Tax Provision": 12583000.0,
        "Pretax Income": 49746000.0,
        "Other Income Expense": -217000.0,
        "Earnings From Equity Interest": -217000.0,
        "Net Non Operating Interest Income Expense": -37012000.0,
        "Total Other Finance Cost": 37012000.0,
        "Operating Income": 86975000.0,
        "Operating Expense": 232431000.0,
        "Other Operating Expenses": 22466000.0,
        "Depreciation Amortization Depletion Income Statement": 69613000.0,
        "Depreciation And Amortization In Income Statement": 69613000.0,
        "Selling General And Administration": 140352000.0,
        "General And Administrative Expense": 140352000.0,
        "Other Gand A": 61211000.0,
        "Rent And Landing Fees": 79141000.0,
        "Gross Profit": 319406000.0,
        "Cost Of Revenue": 343877000.0,
        "Total Revenue": 663283000.0,
        "Operating Revenue": 646384000.0
    },
    "2025-03-31": {
        "Tax Effect Of Unusual Items": 0.0,
        "Tax Rate For Calcs": 0.077592,
        "Normalized EBITDA": 178589000.0,
        "Net Income From Continuing Operation Net Minority Interest": 76142000.0,
        "Reconciled Depreciation": 70919000.0,
        "Reconciled Cost Of Revenue": 370987000.0,
        "EBITDA": 178589000.0,
        "EBIT": 107670000.0,
        "Net Interest Income": -25107000.0,
        "Normalized Income": 76142000.0,
        "Net Income From Continuing And Discontinued Operation": 76142000.0,
        "Total Expenses": 598371000.0,
        "Rent Expense Supplemental": 81165000.0,
        "Total Operating Income As Reported": 107670000.0,
        "Diluted Average Shares": 223619000.0,
        "Basic Average Shares": 211958000.0,
        "Diluted EPS": 0.34,
        "Basic EPS": 0.36,
        "Diluted NI Availto Com Stockholders": 76142000.0,
        "Net Income Common Stockholders": 76142000.0,
        "Net Income": 76142000.0,
        "Net Income Including Noncontrolling Interests": 76142000.0,
        "Net Income Continuous Operations": 76142000.0,
        "Tax Provision": 6405000.0,
        "Pretax Income": 82547000.0,
        "Other Income Expense": -16000.0,
        "Earnings From Equity Interest": -16000.0,
        "Net Non Operating Interest Income Expense": -25107000.0,
        "Total Other Finance Cost": 25107000.0,
        "Operating Income": 107670000.0,
        "Operating Expense": 227384000.0,
        "Other Operating Expenses": 17453000.0,
        "Depreciation Amortization Depletion Income Statement": 70919000.0,
        "Depreciation And Amortization In Income Statement": 70919000.0,
        "Selling General And Administration": 139012000.0,
        "General And Administrative Expense": 139012000.0,
        "Other Gand A": 57847000.0,
        "Rent And Landing Fees": 81165000.0,
        "Gross Profit": 335054000.0,
        "Cost Of Revenue": 370987000.0,
        "Total Revenue": 706041000.0,
        "Operating Revenue": 685654000.0
    }
}