{
    "2023-03-31": {
        "Tax Effect Of Unusual Items": -327397.260274,
        "Tax Rate For Calcs": 0.172314,
        "Normalized EBITDA": 140600000.0,
        "Total Unusual Items": -1900000.0,
        "Total Unusual Items Excluding Goodwill": -1900000.0,
        "Net Income From Continuing Operation Net Minority Interest": 114800000.0,
        "Reconciled Depreciation": 6800000.0,
        "Reconciled Cost Of Revenue": 87500000.0,
        "EBITDA": 138700000.0,
        "EBIT": 138700000.0,
        "Net Interest Income": 0.0,
        "Interest Expense": 0.0,
        "Normalized Income": 116372602.739726,
        "Net Income From Continuing And Discontinued Operation": 114800000.0,
        "Total Expenses": 104800000.0,
        "Total Operating Income As Reported": 146800000.0,
        "Diluted Average Shares": 209200000.0,
        "Basic Average Shares": 179600000.0,
        "Diluted EPS": 0.55,
        "Basic EPS": 0.64,
        "Diluted NI Availto Com Stockholders": 114800000.0,
        "Net Income Common Stockholders": 114800000.0,
        "Net Income": 114800000.0,
        "Net Income Including Noncontrolling Interests": 114800000.0,
        "Net Income Continuous Operations": 114800000.0,
        "Tax Provision": 23900000.0,
        "Pretax Income": 138700000.0,
        "Other Income Expense": -10000000.0,
        "Other Non Operating Income Expenses": -100000.0,
        "Special Income Charges": -1900000.0,
        "Other Special Charges": 100000.0,
        "Restructuring And Mergern Acquisition": 1900000.0,
        "Earnings From Equity Interest": -8100000.0,
        "Net Non Operating Interest Income Expense": 0.0,
        "Interest Expense Non Operating": 0.0,
        "Operating Income": 148700000.0,
        "Operating Expense": 17300000.0,
        "Other Operating Expenses": NaN,
        "Research And Development": 1000000.0,
        "Selling General And Administration": 16300000.0,
        "Selling And Marketing Expense": 16300000.0,
        "General And Administrative Expense": NaN,
        "Other Gand A": NaN,
        "Gross Profit": 166000000.0,
        "Cost Of Revenue": 87500000.0,
        "Total Revenue": 253500000.0,
        "Operating Revenue": 253500000.0
    },
    "2022-12-31": {
        "Tax Effect Of Unusual Items": -193310.657596,
        "Tax Rate For Calcs": 0.062358,
        "Normalized EBITDA": 91300000.0,
        "Total Unusual Items": -3100000.0,
        "Total Unusual Items Excluding Goodwill": -3100000.0,
        "Net Income From Continuing Operation Net Minority Interest": 82700000.0,
        "Reconciled Depreciation": 8300000.0,
        "Reconciled Cost Of Revenue": 105500000.0,
        "EBITDA": 88200000.0,
        "EBIT": 88200000.0,
        "Net Interest Income": 0.0,
        "Interest Expense": 0.0,
        "Normalized Income": 85606689.342404,
        "Net Income From Continuing And Discontinued Operation": 82700000.0,
        "Total Expenses": 121400000.0,
        "Total Operating Income As Reported": NaN,
        "Diluted Average Shares": 209400000.0,
        "Basic Average Shares": 179500000.0,
        "Diluted EPS": 0.39,
        "Basic EPS": 0.46,
        "Diluted NI Availto Com Stockholders": 82700000.0,
        "Net Income Common Stockholders": 82700000.0,
        "Net Income": 82700000.0,
        "Net Income Including Noncontrolling Interests": 82700000.0,
        "Net Income Continuous Operations": 82700000.0,
        "Tax Provision": 5500000.0,
        "Pretax Income": 88200000.0,
        "Other Income Expense": -9800000.0,
        "Other Non Operating Income Expenses": 0.0,
        "Special Income Charges": -3100000.0,
        "Other Special Charges": 1100000.0,
        "Restructuring And Mergern Acquisition": 3100000.0,
        "Earnings From Equity Interest": -6700000.0,
        "Net Non Operating Interest Income Expense": 0.0,
        "Interest Expense Non Operating": 0.0,
        "Operating Income": 98000000.0,
        "Operating Expense": 15900000.0,
        "Other Operating Expenses": 900000.0,
        "Research And Development": 1300000.0,
        "Selling General And Administration": 14600000.0,
        "Selling And Marketing Expense": 14600000.0,
        "General And Administrative Expense": 200000.0,
        "Other Gand A": 200000.0,
        "Gross Profit": 113900000.0,
        "Cost Of Revenue": 105500000.0,
        "Total Revenue": 219400000.0,
        "Operating Revenue": 219400000.0
    },
    "2022-09-30": {
        "Tax Effect Of Unusual Items": -195257.315843,
        "Tax Rate For Calcs": 0.216953,
        "Normalized EBITDA": 100000000.0,
        "Total Unusual Items": -900000.0,
        "Total Unusual Items Excluding Goodwill": -900000.0,
        "Net Income From Continuing Operation Net Minority Interest": 77600000.0,
        "Reconciled Depreciation": 6600000.0,
        "Reconciled Cost Of Revenue": 112200000.0,
        "EBITDA": 99100000.0,
        "EBIT": 99100000.0,
        "Net Interest Income": 0.0,
        "Interest Expense": 0.0,
        "Normalized Income": 78304742.684157,
        "Net Income From Continuing And Discontinued Operation": 77600000.0,
        "Total Expenses": 128100000.0,
        "Total Operating Income As Reported": NaN,
        "Diluted Average Shares": 209400000.0,
        "Basic Average Shares": 179300000.0,
        "Diluted EPS": 0.37,
        "Basic EPS": 0.43,
        "Diluted NI Availto Com Stockholders": 77600000.0,
        "Net Income Common Stockholders": 77600000.0,
        "Net Income": 77600000.0,
        "Net Income Including Noncontrolling Interests": 77600000.0,
        "Net Income Continuous Operations": 77600000.0,
        "Tax Provision": 21500000.0,
        "Pretax Income": 99100000.0,
        "Other Income Expense": -4400000.0,
        "Other Non Operating Income Expenses": -100000.0,
        "Special Income Charges": -900000.0,
        "Other Special Charges": 100000.0,
        "Restructuring And Mergern Acquisition": 800000.0,
        "Earnings From Equity Interest": -3500000.0,
        "Net Non Operating Interest Income Expense": 0.0,
        "Interest Expense Non Operating": 0.0,
        "Operating Income": 103500000.0,
        "Operating Expense": 15900000.0,
        "Other Operating Expenses": 100000.0,
        "Research And Development": 900000.0,
        "Selling General And Administration": 15000000.0,
        "Selling And Marketing Expense": 15000000.0,
        "General And Administrative Expense": 100000.0,
        "Other Gand A": 100000.0,
        "Gross Profit": 119400000.0,
        "Cost Of Revenue": 112200000.0,
        "Total Revenue": 231600000.0,
        "Operating Revenue": 231600000.0
    },
    "2022-06-30": {
        "Tax Effect Of Unusual Items": -970953.436807,
        "Tax Rate For Calcs": 0.334812,
        "Normalized EBITDA": 93100000.0,
        "Total Unusual Items": -2900000.0,
        "Total Unusual Items Excluding Goodwill": -2900000.0,
        "Net Income From Continuing Operation Net Minority Interest": 60000000.0,
        "Reconciled Depreciation": 6400000.0,
        "Reconciled Cost Of Revenue": 116200000.0,
        "EBITDA": 90200000.0,
        "EBIT": 90200000.0,
        "Net Interest Income": 0.0,
        "Interest Expense": 0.0,
        "Normalized Income": 61929046.563193,
        "Net Income From Continuing And Discontinued Operation": 60000000.0,
        "Total Expenses": 131100000.0,
        "Total Operating Income As Reported": NaN,
        "Diluted Average Shares": 196500000.0,
        "Basic Average Shares": 166600000.0,
        "Diluted EPS": 0.31,
        "Basic EPS": 0.36,
        "Diluted NI Availto Com Stockholders": 60000000.0,
        "Net Income Common Stockholders": 60000000.0,
        "Otherunder Preferred Stock Dividend": 0.0,
        "Net Income": 60000000.0,
        "Net Income Including Noncontrolling Interests": 60000000.0,
        "Net Income Continuous Operations": 60000000.0,
        "Tax Provision": 30200000.0,
        "Pretax Income": 90200000.0,
        "Other Income Expense": 2600000.0,
        "Other Non Operating Income Expenses": 8200000.0,
        "Special Income Charges": -2900000.0,
        "Other Special Charges": 2800000.0,
        "Restructuring And Mergern Acquisition": 2900000.0,
        "Earnings From Equity Interest": -2700000.0,
        "Net Non Operating Interest Income Expense": 0.0,
        "Interest Expense Non Operating": 0.0,
        "Operating Income": 87600000.0,
        "Operating Expense": 14900000.0,
        "Other Operating Expenses": 100000.0,
        "Research And Development": 800000.0,
        "Selling General And Administration": 14100000.0,
        "Selling And Marketing Expense": 13800000.0,
        "General And Administrative Expense": 300000.0,
        "Other Gand A": 300000.0,
        "Gross Profit": 102500000.0,
        "Cost Of Revenue": 116200000.0,
        "Total Revenue": 218700000.0,
        "Operating Revenue": 218700000.0
    },
    "2023-06-30": {
        "Tax Effect Of Unusual Items": -3371374.045802,
        "Tax Rate For Calcs": 0.139313,
        "Normalized EBITDA": 149000000.0,
        "Total Unusual Items": -24200000.0,
        "Total Unusual Items Excluding Goodwill": -24200000.0,
        "Net Income From Continuing Operation Net Minority Interest": 90200000.0,
        "Reconciled Depreciation": 7000000.0,
        "Reconciled Cost Of Revenue": 92400000.0,
        "EBITDA": 124800000.0,
        "EBIT": 124800000.0,
        "Net Interest Income": NaN,
        "Interest Expense": NaN,
        "Normalized Income": 111028625.954198,
        "Net Income From Continuing And Discontinued Operation": 90200000.0,
        "Total Expenses": 111000000.0,
        "Total Operating Income As Reported": NaN,
        "Diluted Average Shares": 209500000.0,
        "Basic Average Shares": 179700000.0,
        "Diluted EPS": 0.43,
        "Basic EPS": 0.5,
        "Diluted NI Availto Com Stockholders": 90200000.0,
        "Net Income Common Stockholders": 90200000.0,
        "Net Income": 90200000.0,
        "Net Income Including Noncontrolling Interests": 90200000.0,
        "Net Income Continuous Operations": 90200000.0,
        "Tax Provision": 14600000.0,
        "Pretax Income": 104800000.0,
        "Other Income Expense": -20000000.0,
        "Other Non Operating Income Expenses": 11400000.0,
        "Special Income Charges": -24200000.0,
        "Other Special Charges": 4600000.0,
        "Restructuring And Mergern Acquisition": 24200000.0,
        "Earnings From Equity Interest": -7200000.0,
        "Net Non Operating Interest Income Expense": NaN,
        "Interest Expense Non Operating": NaN,
        "Operating Income": 124800000.0,
        "Operating Expense": 18600000.0,
        "Other Operating Expenses": NaN,
        "Research And Development": 1000000.0,
        "Selling General And Administration": 17600000.0,
        "Selling And Marketing Expense": NaN,
        "General And Administrative Expense": 17600000.0,
        "Other Gand A": 17600000.0,
        "Gross Profit": 143400000.0,
        "Cost Of Revenue": 92400000.0,
        "Total Revenue": 235800000.0,
        "Operating Revenue": 235800000.0
    },
    "2022-03-31": {
        "Diluted EPS": 0.28,
        "Total Revenue": 144,
        "Gross Profit": 60,
        "Operating Income": 46,
        "EBIT": 53,
        "Net Income": 53
    },
    "2021-12-31": {
        "Diluted EPS": 0.05,
        "Total Revenue": 123,
        "Gross Profit": 36,
        "Operating Income": 19,
        "EBIT": 25,
        "Net Income": 8
    },
    "2021-09-30": {
        "Diluted EPS": -0.08,
        "Total Revenue": 104,
        "Gross Profit": 18,
        "Operating Income": 4,
        "EBIT": 10,
        "Net Income": -13
    },
    "2021-06-30": {
        "Diluted EPS": 0.04,
        "Total Revenue": 102,
        "Gross Profit": 20,
        "Operating Income": 5,
        "EBIT": 12,
        "Net Income": 7
    },
    "2021-03-31": {
        "Diluted EPS": -0.01,
        "Total Revenue": 92,
        "Gross Profit": 13,
        "Operating Income": 2,
        "EBIT": 8,
        "Net Income": -1
    },
    "2020-12-31": {
        "Diluted EPS": -0.03,
        "Total Revenue": 82,
        "Gross Profit": 9,
        "Operating Income": -4,
        "EBIT": 4,
        "Net Income": -4
    },
    "2020-09-30": {
        "Diluted EPS": -0.07,
        "Total Revenue": 73,
        "Gross Profit": 3,
        "Operating Income": -13,
        "EBIT": -7,
        "Net Income": -11
    },
    "2020-06-30": {
        "Diluted EPS": -0.0,
        "Total Revenue": 65,
        "Gross Profit": 10,
        "Operating Income": -2,
        "EBIT": 4,
        "Net Income": 0
    },
    "2020-03-31": {
        "Diluted EPS": -0.01,
        "Total Revenue": 69,
        "Gross Profit": 15,
        "Operating Income": -2,
        "EBIT": 4,
        "Net Income": -2
    },
    "2019-12-31": {
        "Diluted EPS": -0.01,
        "Total Revenue": 78,
        "Gross Profit": 20,
        "Operating Income": 6,
        "EBIT": 11,
        "Net Income": 0
    },
    "2019-09-30": {
        "Diluted EPS": 0.12,
        "Total Revenue": 98,
        "Gross Profit": 28,
        "Operating Income": 14,
        "EBIT": 20,
        "Net Income": 18
    },
    "2019-06-30": {
        "Diluted EPS": 0.11,
        "Total Revenue": 114,
        "Gross Profit": 34,
        "Operating Income": 18,
        "EBIT": 23,
        "Net Income": 16
    },
    "2019-03-31": {
        "Diluted EPS": 0.12,
        "Total Revenue": 98,
        "Gross Profit": 33,
        "Operating Income": 21,
        "EBIT": 26,
        "Net Income": 17
    },
    "2018-12-31": {
        "Diluted EPS": 0.18,
        "Total Revenue": 120,
        "Gross Profit": 51,
        "Operating Income": 35,
        "EBIT": 39,
        "Net Income": 26
    },
    "2018-09-30": {
        "Diluted EPS": 0.24,
        "Total Revenue": 112,
        "Gross Profit": 50,
        "Operating Income": 36,
        "EBIT": 40,
        "Net Income": 30
    },
    "2018-06-30": {
        "Diluted EPS": 0.31,
        "Total Revenue": 108,
        "Gross Profit": 54,
        "Operating Income": 43,
        "EBIT": 48,
        "Net Income": 38
    },
    "2018-03-31": {
        "Diluted EPS": 0.26,
        "Total Revenue": 103,
        "Gross Profit": 52,
        "Operating Income": 40,
        "EBIT": 45,
        "Net Income": 32
    },
    "2017-12-31": {
        "Diluted EPS": 0.0,
        "Total Revenue": NaN,
        "Gross Profit": NaN,
        "Operating Income": NaN,
        "EBIT": NaN,
        "Net Income": NaN
    },
    "2016-12-31": {
        "Diluted EPS": 0.0,
        "Total Revenue": NaN,
        "Gross Profit": NaN,
        "Operating Income": NaN,
        "EBIT": NaN,
        "Net Income": NaN
    },
    "2023-09-30": {
        "Tax Effect Of Unusual Items": -827094.105481,
        "Tax Rate For Calcs": 0.096174,
        "Normalized EBITDA": 110600000.0,
        "Total Unusual Items": -8600000.0,
        "Total Unusual Items Excluding Goodwill": -8600000.0,
        "Net Income From Continuing Operation Net Minority Interest": 87400000.0,
        "Reconciled Depreciation": NaN,
        "Reconciled Cost Of Revenue": 94900000.0,
        "EBITDA": 102000000.0,
        "EBIT": 102000000.0,
        "Net Interest Income": NaN,
        "Interest Expense": NaN,
        "Normalized Income": 95172905.894519,
        "Net Income From Continuing And Discontinued Operation": 87400000.0,
        "Total Expenses": 109400000.0,
        "Total Operating Income As Reported": NaN,
        "Diluted Average Shares": 209300000.0,
        "Basic Average Shares": 179700000.0,
        "Diluted EPS": 0.42,
        "Basic EPS": 0.49,
        "Diluted NI Availto Com Stockholders": 87400000.0,
        "Net Income Common Stockholders": 87400000.0,
        "Net Income": 87400000.0,
        "Net Income Including Noncontrolling Interests": 87400000.0,
        "Net Income Continuous Operations": 87400000.0,
        "Tax Provision": 9300000.0,
        "Pretax Income": 96700000.0,
        "Other Income Expense": -5300000.0,
        "Other Non Operating Income Expenses": 10000000.0,
        "Special Income Charges": -8600000.0,
        "Other Special Charges": NaN,
        "Restructuring And Mergern Acquisition": 8600000.0,
        "Earnings From Equity Interest": -6700000.0,
        "Net Non Operating Interest Income Expense": NaN,
        "Interest Expense Non Operating": NaN,
        "Operating Income": 102000000.0,
        "Operating Expense": 14500000.0,
        "Other Operating Expenses": NaN,
        "Research And Development": 1300000.0,
        "Selling General And Administration": 13200000.0,
        "Selling And Marketing Expense": NaN,
        "General And Administrative Expense": 13200000.0,
        "Other Gand A": 13200000.0,
        "Gross Profit": 116500000.0,
        "Cost Of Revenue": 94900000.0,
        "Total Revenue": 211400000.0,
        "Operating Revenue": 211400000.0
    }
}