{
    "2023-03-31": {
        "Tax Effect Of Unusual Items": NaN,
        "Tax Rate For Calcs": NaN,
        "Normalized EBITDA": NaN,
        "Net Income From Continuing Operation Net Minority Interest": NaN,
        "Reconciled Depreciation": NaN,
        "Reconciled Cost Of Revenue": NaN,
        "EBITDA": NaN,
        "EBIT": NaN,
        "Net Interest Income": NaN,
        "Interest Expense": NaN,
        "Normalized Income": NaN,
        "Net Income From Continuing And Discontinued Operation": NaN,
        "Total Expenses": NaN,
        "Total Operating Income As Reported": NaN,
        "Diluted Average Shares": 39233953.0,
        "Basic Average Shares": 39233953.0,
        "Diluted EPS": -0.14,
        "Basic EPS": -0.14,
        "Diluted NI Availto Com Stockholders": NaN,
        "Net Income Common Stockholders": NaN,
        "Net Income": NaN,
        "Net Income Including Noncontrolling Interests": NaN,
        "Net Income Continuous Operations": NaN,
        "Tax Provision": NaN,
        "Pretax Income": NaN,
        "Other Income Expense": NaN,
        "Other Non Operating Income Expenses": NaN,
        "Net Non Operating Interest Income Expense": NaN,
        "Interest Expense Non Operating": NaN,
        "Operating Income": NaN,
        "Operating Expense": NaN,
        "Selling General And Administration": NaN,
        "Selling And Marketing Expense": NaN,
        "General And Administrative Expense": NaN,
        "Other Gand A": NaN,
        "Gross Profit": NaN,
        "Cost Of Revenue": NaN,
        "Total Revenue": NaN,
        "Operating Revenue": NaN
    },
    "2022-12-31": {
        "Tax Effect Of Unusual Items": NaN,
        "Tax Rate For Calcs": NaN,
        "Normalized EBITDA": NaN,
        "Net Income From Continuing Operation Net Minority Interest": NaN,
        "Reconciled Depreciation": NaN,
        "Reconciled Cost Of Revenue": NaN,
        "EBITDA": NaN,
        "EBIT": NaN,
        "Net Interest Income": NaN,
        "Interest Expense": NaN,
        "Normalized Income": NaN,
        "Net Income From Continuing And Discontinued Operation": NaN,
        "Total Expenses": NaN,
        "Total Operating Income As Reported": NaN,
        "Diluted Average Shares": NaN,
        "Basic Average Shares": NaN,
        "Diluted EPS": NaN,
        "Basic EPS": NaN,
        "Diluted NI Availto Com Stockholders": NaN,
        "Net Income Common Stockholders": NaN,
        "Otherunder Preferred Stock Dividend": 0.0,
        "Net Income": NaN,
        "Net Income Including Noncontrolling Interests": NaN,
        "Net Income Continuous Operations": NaN,
        "Tax Provision": NaN,
        "Pretax Income": NaN,
        "Other Income Expense": NaN,
        "Other Non Operating Income Expenses": NaN,
        "Net Non Operating Interest Income Expense": NaN,
        "Interest Expense Non Operating": NaN,
        "Operating Income": NaN,
        "Operating Expense": NaN,
        "Selling General And Administration": NaN,
        "Selling And Marketing Expense": NaN,
        "General And Administrative Expense": NaN,
        "Other Gand A": NaN,
        "Gross Profit": NaN,
        "Cost Of Revenue": NaN,
        "Total Revenue": NaN,
        "Operating Revenue": NaN
    },
    "2022-09-30": {
        "Tax Effect Of Unusual Items": NaN,
        "Tax Rate For Calcs": NaN,
        "Normalized EBITDA": NaN,
        "Net Income From Continuing Operation Net Minority Interest": NaN,
        "Reconciled Depreciation": NaN,
        "Reconciled Cost Of Revenue": NaN,
        "EBITDA": NaN,
        "EBIT": NaN,
        "Net Interest Income": NaN,
        "Interest Expense": NaN,
        "Normalized Income": NaN,
        "Net Income From Continuing And Discontinued Operation": NaN,
        "Total Expenses": NaN,
        "Total Operating Income As Reported": NaN,
        "Diluted Average Shares": NaN,
        "Basic Average Shares": NaN,
        "Diluted EPS": NaN,
        "Basic EPS": NaN,
        "Diluted NI Availto Com Stockholders": NaN,
        "Net Income Common Stockholders": NaN,
        "Otherunder Preferred Stock Dividend": 0.0,
        "Net Income": NaN,
        "Net Income Including Noncontrolling Interests": NaN,
        "Net Income Continuous Operations": NaN,
        "Tax Provision": NaN,
        "Pretax Income": NaN,
        "Other Income Expense": NaN,
        "Other Non Operating Income Expenses": NaN,
        "Net Non Operating Interest Income Expense": NaN,
        "Interest Expense Non Operating": NaN,
        "Operating Income": NaN,
        "Operating Expense": NaN,
        "Selling General And Administration": NaN,
        "Selling And Marketing Expense": NaN,
        "General And Administrative Expense": NaN,
        "Other Gand A": NaN,
        "Gross Profit": NaN,
        "Cost Of Revenue": NaN,
        "Total Revenue": NaN,
        "Operating Revenue": NaN
    },
    "2022-06-30": {
        "Tax Effect Of Unusual Items": 0.0,
        "Tax Rate For Calcs": 0.4,
        "Normalized EBITDA": 11960000.0,
        "Total Unusual Items": NaN,
        "Total Unusual Items Excluding Goodwill": NaN,
        "Net Income From Continuing Operation Net Minority Interest": 5999000.0,
        "Reconciled Depreciation": 1009000.0,
        "Reconciled Cost Of Revenue": 71345000.0,
        "EBITDA": 11960000.0,
        "EBIT": 10951000.0,
        "Net Interest Income": -157000.0,
        "Interest Expense": 157000.0,
        "Normalized Income": 5999000.0,
        "Net Income From Continuing And Discontinued Operation": 5999000.0,
        "Total Expenses": 120588000.0,
        "Total Operating Income As Reported": 10924000.0,
        "Diluted Average Shares": 38992901.0,
        "Basic Average Shares": 38535409.0,
        "Diluted EPS": 0.15,
        "Basic EPS": 0.16,
        "Diluted NI Availto Com Stockholders": 5999000.0,
        "Net Income Common Stockholders": 5999000.0,
        "Otherunder Preferred Stock Dividend": 0.0,
        "Net Income": 5999000.0,
        "Net Income Including Noncontrolling Interests": 5999000.0,
        "Net Income Continuous Operations": 5999000.0,
        "Tax Provision": 4795000.0,
        "Pretax Income": 10794000.0,
        "Other Income Expense": 27000.0,
        "Other Non Operating Income Expenses": 27000.0,
        "Special Income Charges": NaN,
        "Net Non Operating Interest Income Expense": -157000.0,
        "Interest Expense Non Operating": 157000.0,
        "Operating Income": 10924000.0,
        "Operating Expense": 49243000.0,
        "Selling General And Administration": 49243000.0,
        "Selling And Marketing Expense": 25851000.0,
        "General And Administrative Expense": 23392000.0,
        "Other Gand A": 23392000.0,
        "Gross Profit": 60167000.0,
        "Cost Of Revenue": 71345000.0,
        "Total Revenue": 131512000.0,
        "Operating Revenue": 131512000.0
    },
    "2022-03-31": {
        "Diluted EPS": 0.05,
        "Total Revenue": 112,
        "Gross Profit": 53,
        "Operating Income": 3,
        "EBIT": 4,
        "Net Income": 2
    },
    "2021-12-31": {
        "Diluted EPS": -6.41,
        "Total Revenue": 97,
        "Gross Profit": 43,
        "Operating Income": -5,
        "EBIT": -4,
        "Net Income": -129
    },
    "2021-09-30": {
        "Diluted EPS": 0.13,
        "Total Revenue": 106,
        "Gross Profit": 51,
        "Operating Income": 9,
        "EBIT": 10,
        "Net Income": 2
    },
    "2021-06-30": {
        "Diluted EPS": 0.28,
        "Total Revenue": 104,
        "Gross Profit": 51,
        "Operating Income": 15,
        "EBIT": 17,
        "Net Income": 5
    },
    "2021-03-31": {
        "Diluted EPS": -0.08,
        "Total Revenue": 69,
        "Gross Profit": 31,
        "Operating Income": 3,
        "EBIT": 4,
        "Net Income": -1
    },
    "2020-12-31": {
        "Diluted EPS": 0.0,
        "Total Revenue": NaN,
        "Gross Profit": NaN,
        "Operating Income": NaN,
        "EBIT": NaN,
        "Net Income": NaN
    },
    "2020-09-30": {
        "Diluted EPS": 0.01,
        "Total Revenue": 55,
        "Gross Profit": 24,
        "Operating Income": 4,
        "EBIT": 6,
        "Net Income": 0
    },
    "2020-06-30": {
        "Diluted EPS": 0.0,
        "Total Revenue": NaN,
        "Gross Profit": NaN,
        "Operating Income": NaN,
        "EBIT": NaN,
        "Net Income": NaN
    },
    "2019-12-31": {
        "Diluted EPS": 0.0,
        "Total Revenue": NaN,
        "Gross Profit": NaN,
        "Operating Income": NaN,
        "EBIT": NaN,
        "Net Income": NaN
    },
    "2023-06-30": {
        "Tax Effect Of Unusual Items": NaN,
        "Tax Rate For Calcs": NaN,
        "Normalized EBITDA": NaN,
        "Net Income From Continuing Operation Net Minority Interest": NaN,
        "Reconciled Depreciation": NaN,
        "Reconciled Cost Of Revenue": NaN,
        "EBITDA": NaN,
        "EBIT": NaN,
        "Net Interest Income": NaN,
        "Interest Expense": NaN,
        "Normalized Income": NaN,
        "Net Income From Continuing And Discontinued Operation": NaN,
        "Total Expenses": NaN,
        "Total Operating Income As Reported": NaN,
        "Diluted Average Shares": 39680908.0,
        "Basic Average Shares": 39680908.0,
        "Diluted EPS": -0.07,
        "Basic EPS": -0.07,
        "Diluted NI Availto Com Stockholders": NaN,
        "Net Income Common Stockholders": NaN,
        "Net Income": NaN,
        "Net Income Including Noncontrolling Interests": NaN,
        "Net Income Continuous Operations": NaN,
        "Tax Provision": NaN,
        "Pretax Income": NaN,
        "Other Income Expense": NaN,
        "Other Non Operating Income Expenses": NaN,
        "Net Non Operating Interest Income Expense": NaN,
        "Interest Expense Non Operating": NaN,
        "Operating Income": NaN,
        "Operating Expense": NaN,
        "Selling General And Administration": NaN,
        "Selling And Marketing Expense": NaN,
        "General And Administrative Expense": NaN,
        "Other Gand A": NaN,
        "Gross Profit": NaN,
        "Cost Of Revenue": NaN,
        "Total Revenue": NaN,
        "Operating Revenue": NaN
    },
    "2023-09-30": {
        "Tax Effect Of Unusual Items": NaN,
        "Tax Rate For Calcs": NaN,
        "Normalized EBITDA": NaN,
        "Net Income From Continuing Operation Net Minority Interest": NaN,
        "Reconciled Depreciation": NaN,
        "Reconciled Cost Of Revenue": NaN,
        "EBITDA": NaN,
        "EBIT": NaN,
        "Net Interest Income": NaN,
        "Interest Expense": NaN,
        "Normalized Income": NaN,
        "Net Income From Continuing And Discontinued Operation": NaN,
        "Total Expenses": NaN,
        "Total Operating Income As Reported": NaN,
        "Diluted Average Shares": 40103152.0,
        "Basic Average Shares": 40103152.0,
        "Diluted EPS": -0.1,
        "Basic EPS": -0.1,
        "Diluted NI Availto Com Stockholders": NaN,
        "Net Income Common Stockholders": NaN,
        "Net Income": NaN,
        "Net Income Including Noncontrolling Interests": NaN,
        "Net Income Continuous Operations": NaN,
        "Tax Provision": NaN,
        "Pretax Income": NaN,
        "Other Income Expense": NaN,
        "Other Non Operating Income Expenses": NaN,
        "Net Non Operating Interest Income Expense": NaN,
        "Interest Expense Non Operating": NaN,
        "Operating Income": NaN,
        "Operating Expense": NaN,
        "Selling General And Administration": NaN,
        "Selling And Marketing Expense": NaN,
        "General And Administrative Expense": NaN,
        "Other Gand A": NaN,
        "Gross Profit": NaN,
        "Cost Of Revenue": NaN,
        "Total Revenue": NaN,
        "Operating Revenue": NaN
    },
    "2023-12-31": {
        "Tax Effect Of Unusual Items": 0.0,
        "Tax Rate For Calcs": 0.086429,
        "Normalized EBITDA": -6304000.0,
        "Net Income From Continuing Operation Net Minority Interest": -7230000.0,
        "Reconciled Depreciation": 1273000.0,
        "Reconciled Cost Of Revenue": 45615000.0,
        "EBITDA": -6304000.0,
        "EBIT": -7577000.0,
        "Net Interest Income": -337000.0,
        "Interest Expense": 337000.0,
        "Normalized Income": -7230000.0,
        "Net Income From Continuing And Discontinued Operation": -7230000.0,
        "Total Expenses": 82753000.0,
        "Total Operating Income As Reported": -7794000.0,
        "Diluted Average Shares": NaN,
        "Basic Average Shares": NaN,
        "Diluted EPS": NaN,
        "Basic EPS": NaN,
        "Diluted NI Availto Com Stockholders": -7230000.0,
        "Net Income Common Stockholders": -7230000.0,
        "Net Income": -7230000.0,
        "Net Income Including Noncontrolling Interests": -7230000.0,
        "Net Income Continuous Operations": -7230000.0,
        "Tax Provision": -684000.0,
        "Pretax Income": -7914000.0,
        "Other Income Expense": 217000.0,
        "Other Non Operating Income Expenses": 217000.0,
        "Net Non Operating Interest Income Expense": -337000.0,
        "Interest Expense Non Operating": 337000.0,
        "Operating Income": -7794000.0,
        "Operating Expense": 37138000.0,
        "Selling General And Administration": 37138000.0,
        "Selling And Marketing Expense": 15328000.0,
        "General And Administrative Expense": 21810000.0,
        "Other Gand A": 21810000.0,
        "Gross Profit": 29344000.0,
        "Cost Of Revenue": 45615000.0,
        "Total Revenue": 74959000.0,
        "Operating Revenue": 74959000.0
    },
    "2024-03-31": {
        "Tax Effect Of Unusual Items": 0.0,
        "Tax Rate For Calcs": 0.091686,
        "Normalized EBITDA": -4593000.0,
        "Net Income From Continuing Operation Net Minority Interest": -5736000.0,
        "Reconciled Depreciation": 1339000.0,
        "Reconciled Cost Of Revenue": 44613000.0,
        "EBITDA": -4593000.0,
        "EBIT": -5932000.0,
        "Net Interest Income": -383000.0,
        "Interest Expense": 383000.0,
        "Normalized Income": -5736000.0,
        "Net Income From Continuing And Discontinued Operation": -5736000.0,
        "Total Expenses": 83417000.0,
        "Total Operating Income As Reported": -6158000.0,
        "Diluted Average Shares": 39450502.0,
        "Basic Average Shares": 39450502.0,
        "Diluted EPS": -0.15,
        "Basic EPS": -0.15,
        "Diluted NI Availto Com Stockholders": -5736000.0,
        "Net Income Common Stockholders": -5736000.0,
        "Net Income": -5736000.0,
        "Net Income Including Noncontrolling Interests": -5736000.0,
        "Net Income Continuous Operations": -5736000.0,
        "Tax Provision": -579000.0,
        "Pretax Income": -6315000.0,
        "Other Income Expense": 226000.0,
        "Other Non Operating Income Expenses": 226000.0,
        "Net Non Operating Interest Income Expense": -383000.0,
        "Interest Expense Non Operating": 383000.0,
        "Operating Income": -6158000.0,
        "Operating Expense": 38804000.0,
        "Selling General And Administration": 38804000.0,
        "Selling And Marketing Expense": 17693000.0,
        "General And Administrative Expense": 21111000.0,
        "Other Gand A": 21111000.0,
        "Gross Profit": 32646000.0,
        "Cost Of Revenue": 44613000.0,
        "Total Revenue": 77259000.0,
        "Operating Revenue": 77259000.0
    },
    "2024-06-30": {
        "Tax Effect Of Unusual Items": 0.0,
        "Tax Rate For Calcs": 0.21,
        "Normalized EBITDA": -2824000.0,
        "Net Income From Continuing Operation Net Minority Interest": -10796000.0,
        "Reconciled Depreciation": 1371000.0,
        "Reconciled Cost Of Revenue": 50083000.0,
        "EBITDA": -2824000.0,
        "EBIT": -4195000.0,
        "Net Interest Income": -270000.0,
        "Interest Expense": 270000.0,
        "Normalized Income": -10796000.0,
        "Net Income From Continuing And Discontinued Operation": -10796000.0,
        "Total Expenses": 96433000.0,
        "Total Operating Income As Reported": -4467000.0,
        "Diluted Average Shares": 41356780.0,
        "Basic Average Shares": 41356780.0,
        "Diluted EPS": -0.26,
        "Basic EPS": -0.26,
        "Diluted NI Availto Com Stockholders": -10796000.0,
        "Net Income Common Stockholders": -10796000.0,
        "Net Income": -10796000.0,
        "Net Income Including Noncontrolling Interests": -10796000.0,
        "Net Income Continuous Operations": -10796000.0,
        "Tax Provision": 6331000.0,
        "Pretax Income": -4465000.0,
        "Other Income Expense": 272000.0,
        "Other Non Operating Income Expenses": 272000.0,
        "Net Non Operating Interest Income Expense": -270000.0,
        "Interest Expense Non Operating": 270000.0,
        "Operating Income": -4467000.0,
        "Operating Expense": 46350000.0,
        "Selling General And Administration": 46350000.0,
        "Selling And Marketing Expense": 24914000.0,
        "General And Administrative Expense": 21436000.0,
        "Other Gand A": 21436000.0,
        "Gross Profit": 41883000.0,
        "Cost Of Revenue": 50083000.0,
        "Total Revenue": 91966000.0,
        "Operating Revenue": 91966000.0
    },
    "2024-09-30": {
        "Tax Effect Of Unusual Items": 0.0,
        "Tax Rate For Calcs": 0.002,
        "Normalized EBITDA": -5171000.0,
        "Net Income From Continuing Operation Net Minority Interest": -6879000.0,
        "Reconciled Depreciation": 1392000.0,
        "Reconciled Cost Of Revenue": 49866000.0,
        "EBITDA": -5171000.0,
        "EBIT": -6563000.0,
        "Net Interest Income": -305000.0,
        "Interest Expense": 305000.0,
        "Normalized Income": -6879000.0,
        "Net Income From Continuing And Discontinued Operation": -6879000.0,
        "Total Expenses": 87359000.0,
        "Total Operating Income As Reported": -6844000.0,
        "Diluted Average Shares": 41702122.0,
        "Basic Average Shares": 41702122.0,
        "Diluted EPS": -0.16,
        "Basic EPS": -0.16,
        "Diluted NI Availto Com Stockholders": -6879000.0,
        "Net Income Common Stockholders": -6879000.0,
        "Net Income": -6879000.0,
        "Net Income Including Noncontrolling Interests": -6879000.0,
        "Net Income Continuous Operations": -6879000.0,
        "Tax Provision": 11000.0,
        "Pretax Income": -6868000.0,
        "Other Income Expense": 281000.0,
        "Other Non Operating Income Expenses": 281000.0,
        "Net Non Operating Interest Income Expense": -305000.0,
        "Interest Expense Non Operating": 305000.0,
        "Operating Income": -6844000.0,
        "Operating Expense": 37493000.0,
        "Selling General And Administration": 37493000.0,
        "Selling And Marketing Expense": 17624000.0,
        "General And Administrative Expense": 19869000.0,
        "Other Gand A": 19869000.0,
        "Gross Profit": 30649000.0,
        "Cost Of Revenue": 49866000.0,
        "Total Revenue": 80515000.0,
        "Operating Revenue": 80515000.0
    },
    "2024-12-31": {
        "Tax Effect Of Unusual Items": 0.0,
        "Tax Rate For Calcs": 0.097153,
        "Normalized EBITDA": -33614000.0,
        "Net Income From Continuing Operation Net Minority Interest": -31875000.0,
        "Reconciled Depreciation": 1378000.0,
        "Reconciled Cost Of Revenue": 41077000.0,
        "EBITDA": -33614000.0,
        "EBIT": -34992000.0,
        "Net Interest Income": -313000.0,
        "Interest Expense": 313000.0,
        "Normalized Income": -31875000.0,
        "Net Income From Continuing And Discontinued Operation": -31875000.0,
        "Total Expenses": 72691000.0,
        "Total Operating Income As Reported": -34918000.0,
        "Diluted Average Shares": 41799301.0,
        "Basic Average Shares": 41799301.0,
        "Diluted EPS": -0.76,
        "Basic EPS": -0.76,
        "Diluted NI Availto Com Stockholders": -31875000.0,
        "Net Income Common Stockholders": -31875000.0,
        "Net Income": -31875000.0,
        "Net Income Including Noncontrolling Interests": -31875000.0,
        "Net Income Continuous Operations": -31875000.0,
        "Tax Provision": -3430000.0,
        "Pretax Income": -35305000.0,
        "Other Income Expense": -28448000.0,
        "Other Non Operating Income Expenses": -74000.0,
        "Net Non Operating Interest Income Expense": -313000.0,
        "Interest Expense Non Operating": 313000.0,
        "Operating Income": -6544000.0,
        "Operating Expense": 31614000.0,
        "Selling General And Administration": 31614000.0,
        "Selling And Marketing Expense": 12696000.0,
        "General And Administrative Expense": 18918000.0,
        "Other Gand A": 18918000.0,
        "Gross Profit": 25070000.0,
        "Cost Of Revenue": 41077000.0,
        "Total Revenue": 66147000.0,
        "Operating Revenue": 66147000.0
    },
    "2025-03-31": {
        "Tax Effect Of Unusual Items": 0.0,
        "Tax Rate For Calcs": 0.009167,
        "Normalized EBITDA": -6144000.0,
        "Net Income From Continuing Operation Net Minority Interest": -7998000.0,
        "Reconciled Depreciation": 1351000.0,
        "Reconciled Cost Of Revenue": 38314000.0,
        "EBITDA": -6144000.0,
        "EBIT": -7495000.0,
        "Net Interest Income": -577000.0,
        "Interest Expense": 577000.0,
        "Normalized Income": -7998000.0,
        "Net Income From Continuing And Discontinued Operation": -7998000.0,
        "Total Expenses": 72273000.0,
        "Total Operating Income As Reported": -8118000.0,
        "Diluted Average Shares": 41903616.0,
        "Basic Average Shares": 41903616.0,
        "Diluted EPS": -0.19,
        "Basic EPS": -0.19,
        "Diluted NI Availto Com Stockholders": -7998000.0,
        "Net Income Common Stockholders": -7998000.0,
        "Net Income": -7998000.0,
        "Net Income Including Noncontrolling Interests": -7998000.0,
        "Net Income Continuous Operations": -7998000.0,
        "Tax Provision": -74000.0,
        "Pretax Income": -8072000.0,
        "Other Income Expense": 623000.0,
        "Other Non Operating Income Expenses": 623000.0,
        "Net Non Operating Interest Income Expense": -577000.0,
        "Interest Expense Non Operating": 577000.0,
        "Operating Income": -8118000.0,
        "Operating Expense": 33959000.0,
        "Selling General And Administration": 33959000.0,
        "Selling And Marketing Expense": 15915000.0,
        "General And Administrative Expense": 18044000.0,
        "Other Gand A": 18044000.0,
        "Gross Profit": 25841000.0,
        "Cost Of Revenue": 38314000.0,
        "Total Revenue": 64155000.0,
        "Operating Revenue": 64155000.0
    }
}