{
    "2023-03-31": {
        "Tax Effect Of Unusual Items": 14070.0,
        "Tax Rate For Calcs": 0.21,
        "Normalized EBITDA": -5917000.0,
        "Total Unusual Items": 67000.0,
        "Total Unusual Items Excluding Goodwill": 67000.0,
        "Net Income From Continuing Operation Net Minority Interest": -8469000.0,
        "Reconciled Depreciation": 1043000.0,
        "Reconciled Cost Of Revenue": 13262000.0,
        "EBITDA": -5850000.0,
        "EBIT": -6893000.0,
        "Net Interest Income": -1096000.0,
        "Interest Expense": 1096000.0,
        "Normalized Income": -8521930.0,
        "Net Income From Continuing And Discontinued Operation": -8469000.0,
        "Total Expenses": 43896000.0,
        "Total Operating Income As Reported": -7030000.0,
        "Diluted Average Shares": 92842000.0,
        "Basic Average Shares": 92842000.0,
        "Diluted EPS": -0.09,
        "Basic EPS": -0.09,
        "Diluted NI Availto Com Stockholders": -8469000.0,
        "Net Income Common Stockholders": -8469000.0,
        "Net Income": -8469000.0,
        "Net Income Including Noncontrolling Interests": -8469000.0,
        "Net Income Continuous Operations": -8469000.0,
        "Tax Provision": 480000.0,
        "Pretax Income": -7989000.0,
        "Other Income Expense": 137000.0,
        "Other Non Operating Income Expenses": 70000.0,
        "Gain On Sale Of Security": 67000.0,
        "Net Non Operating Interest Income Expense": -1096000.0,
        "Interest Expense Non Operating": 1096000.0,
        "Operating Income": -7030000.0,
        "Operating Expense": 30634000.0,
        "Research And Development": 7983000.0,
        "Selling General And Administration": 22651000.0,
        "Selling And Marketing Expense": 13480000.0,
        "General And Administrative Expense": 9171000.0,
        "Other Gand A": 9171000.0,
        "Gross Profit": 23604000.0,
        "Cost Of Revenue": 13262000.0,
        "Total Revenue": 36866000.0,
        "Operating Revenue": 36866000.0
    },
    "2022-12-31": {
        "Tax Effect Of Unusual Items": 0.0,
        "Tax Rate For Calcs": 0.21,
        "Normalized EBITDA": -4537000.0,
        "Total Unusual Items": 0.0,
        "Total Unusual Items Excluding Goodwill": 0.0,
        "Net Income From Continuing Operation Net Minority Interest": -5936000.0,
        "Reconciled Depreciation": 1174000.0,
        "Reconciled Cost Of Revenue": 11985000.0,
        "EBITDA": -4537000.0,
        "EBIT": -4537000.0,
        "Net Interest Income": -1056000.0,
        "Interest Expense": 1056000.0,
        "Normalized Income": -5936000.0,
        "Net Income From Continuing And Discontinued Operation": -5936000.0,
        "Total Expenses": 40300000.0,
        "Total Operating Income As Reported": -4608000.0,
        "Diluted Average Shares": 92606000.0,
        "Basic Average Shares": 92606000.0,
        "Diluted EPS": -0.06,
        "Basic EPS": -0.06,
        "Diluted NI Availto Com Stockholders": -5936000.0,
        "Net Income Common Stockholders": -5936000.0,
        "Net Income": -5936000.0,
        "Net Income Including Noncontrolling Interests": -5936000.0,
        "Net Income Continuous Operations": -5936000.0,
        "Tax Provision": 343000.0,
        "Pretax Income": -5593000.0,
        "Other Income Expense": 71000.0,
        "Other Non Operating Income Expenses": 71000.0,
        "Gain On Sale Of Security": 0.0,
        "Net Non Operating Interest Income Expense": -1056000.0,
        "Interest Expense Non Operating": 1056000.0,
        "Operating Income": -4608000.0,
        "Operating Expense": 28315000.0,
        "Research And Development": 7239000.0,
        "Selling General And Administration": 21076000.0,
        "Selling And Marketing Expense": 12712000.0,
        "General And Administrative Expense": 8364000.0,
        "Other Gand A": 8364000.0,
        "Gross Profit": 23707000.0,
        "Cost Of Revenue": 11985000.0,
        "Total Revenue": 35692000.0,
        "Operating Revenue": 35692000.0
    },
    "2022-09-30": {
        "Tax Effect Of Unusual Items": -140000.0,
        "Tax Rate For Calcs": 0.4,
        "Normalized EBITDA": -5248000.0,
        "Total Unusual Items": -350000.0,
        "Total Unusual Items Excluding Goodwill": -350000.0,
        "Net Income From Continuing Operation Net Minority Interest": -7772000.0,
        "Reconciled Depreciation": 1119000.0,
        "Reconciled Cost Of Revenue": 12893000.0,
        "EBITDA": -5598000.0,
        "EBIT": -6717000.0,
        "Net Interest Income": -896000.0,
        "Interest Expense": 896000.0,
        "Normalized Income": -7562000.0,
        "Net Income From Continuing And Discontinued Operation": -7772000.0,
        "Total Expenses": 41460000.0,
        "Total Operating Income As Reported": -6207000.0,
        "Diluted Average Shares": 92351000.0,
        "Basic Average Shares": 92351000.0,
        "Diluted EPS": -0.08,
        "Basic EPS": -0.08,
        "Diluted NI Availto Com Stockholders": -7772000.0,
        "Net Income Common Stockholders": -7772000.0,
        "Net Income": -7772000.0,
        "Net Income Including Noncontrolling Interests": -7772000.0,
        "Net Income Continuous Operations": -7772000.0,
        "Tax Provision": 159000.0,
        "Pretax Income": -7613000.0,
        "Other Income Expense": -510000.0,
        "Other Non Operating Income Expenses": -160000.0,
        "Gain On Sale Of Security": -350000.0,
        "Net Non Operating Interest Income Expense": -896000.0,
        "Interest Expense Non Operating": 896000.0,
        "Operating Income": -6207000.0,
        "Operating Expense": 28567000.0,
        "Research And Development": 7553000.0,
        "Selling General And Administration": 21014000.0,
        "Selling And Marketing Expense": 13826000.0,
        "General And Administrative Expense": 7188000.0,
        "Other Gand A": 7188000.0,
        "Gross Profit": 22360000.0,
        "Cost Of Revenue": 12893000.0,
        "Total Revenue": 35253000.0,
        "Operating Revenue": 35253000.0
    },
    "2022-06-30": {
        "Tax Effect Of Unusual Items": 2033.2,
        "Tax Rate For Calcs": 0.0221,
        "Normalized EBITDA": -9273000.0,
        "Total Unusual Items": 92000.0,
        "Total Unusual Items Excluding Goodwill": 92000.0,
        "Net Income From Continuing Operation Net Minority Interest": -10780000.0,
        "Reconciled Depreciation": 1084000.0,
        "Reconciled Cost Of Revenue": 12548000.0,
        "EBITDA": -9181000.0,
        "EBIT": -10265000.0,
        "Net Interest Income": -744000.0,
        "Interest Expense": 744000.0,
        "Normalized Income": -10869966.8,
        "Net Income From Continuing And Discontinued Operation": -10780000.0,
        "Total Expenses": 43231000.0,
        "Total Operating Income As Reported": -10244000.0,
        "Diluted Average Shares": 91562000.0,
        "Basic Average Shares": 91562000.0,
        "Diluted EPS": -0.12,
        "Basic EPS": -0.12,
        "Diluted NI Availto Com Stockholders": -10780000.0,
        "Net Income Common Stockholders": -10780000.0,
        "Net Income": -10780000.0,
        "Net Income Including Noncontrolling Interests": -10780000.0,
        "Net Income Continuous Operations": -10780000.0,
        "Tax Provision": -229000.0,
        "Pretax Income": -11009000.0,
        "Other Income Expense": -21000.0,
        "Other Non Operating Income Expenses": -113000.0,
        "Gain On Sale Of Security": 92000.0,
        "Net Non Operating Interest Income Expense": -744000.0,
        "Interest Expense Non Operating": 744000.0,
        "Operating Income": -10244000.0,
        "Operating Expense": 30683000.0,
        "Research And Development": 8167000.0,
        "Selling General And Administration": 22516000.0,
        "Selling And Marketing Expense": 14970000.0,
        "General And Administrative Expense": 7546000.0,
        "Other Gand A": 7546000.0,
        "Gross Profit": 20439000.0,
        "Cost Of Revenue": 12548000.0,
        "Total Revenue": 32987000.0,
        "Operating Revenue": 32987000.0
    },
    "2022-03-31": {
        "Diluted EPS": -0.14,
        "Total Revenue": 32,
        "Gross Profit": 18,
        "Operating Income": -12,
        "EBIT": -10,
        "Net Income": -13
    },
    "2021-12-31": {
        "Diluted EPS": -0.03,
        "Total Revenue": 32,
        "Gross Profit": 18,
        "Operating Income": -12,
        "EBIT": -9,
        "Net Income": -12
    },
    "2021-09-30": {
        "Diluted EPS": -0.12,
        "Total Revenue": 31,
        "Gross Profit": 17,
        "Operating Income": -11,
        "EBIT": -9,
        "Net Income": -11
    },
    "2021-06-30": {
        "Diluted EPS": -1.08,
        "Total Revenue": 29,
        "Gross Profit": 7,
        "Operating Income": -75,
        "EBIT": -73,
        "Net Income": -76
    },
    "2021-03-31": {
        "Diluted EPS": -0.06,
        "Total Revenue": 28,
        "Gross Profit": 17,
        "Operating Income": -3,
        "EBIT": -1,
        "Net Income": -4
    },
    "2020-12-31": {
        "Diluted EPS": -0.05,
        "Total Revenue": 55,
        "Gross Profit": 34,
        "Operating Income": 1,
        "EBIT": 3,
        "Net Income": -2
    },
    "2020-09-30": {
        "Diluted EPS": -0.01,
        "Total Revenue": 25,
        "Gross Profit": 16,
        "Operating Income": 1,
        "EBIT": 3,
        "Net Income": 0
    },
    "2020-06-30": {
        "Diluted EPS": -0.05,
        "Total Revenue": 23,
        "Gross Profit": 13,
        "Operating Income": -2,
        "EBIT": -2,
        "Net Income": -4
    },
    "2020-03-31": {
        "Diluted EPS": 0.03,
        "Total Revenue": NaN,
        "Gross Profit": NaN,
        "Operating Income": 0,
        "EBIT": 0,
        "Net Income": 1
    },
    "2019-12-31": {
        "Diluted EPS": -0.06,
        "Total Revenue": NaN,
        "Gross Profit": NaN,
        "Operating Income": -96,
        "EBIT": -96,
        "Net Income": -9
    },
    "2019-09-30": {
        "Diluted EPS": -0.01,
        "Total Revenue": NaN,
        "Gross Profit": NaN,
        "Operating Income": 0,
        "EBIT": 0,
        "Net Income": 1
    },
    "2019-06-30": {
        "Diluted EPS": -0.02,
        "Total Revenue": NaN,
        "Gross Profit": NaN,
        "Operating Income": 0,
        "EBIT": 0,
        "Net Income": 1
    },
    "2019-03-31": {
        "Diluted EPS": -0.01,
        "Total Revenue": NaN,
        "Gross Profit": NaN,
        "Operating Income": 0,
        "EBIT": 0,
        "Net Income": 0
    },
    "2018-12-31": {
        "Diluted EPS": 0.0,
        "Total Revenue": NaN,
        "Gross Profit": NaN,
        "Operating Income": 0,
        "EBIT": 0,
        "Net Income": 0
    },
    "2018-09-30": {
        "Diluted EPS": 0.0,
        "Total Revenue": NaN,
        "Gross Profit": NaN,
        "Operating Income": NaN,
        "EBIT": NaN,
        "Net Income": NaN
    },
    "2018-06-30": {
        "Diluted EPS": 0.0,
        "Total Revenue": NaN,
        "Gross Profit": NaN,
        "Operating Income": NaN,
        "EBIT": NaN,
        "Net Income": NaN
    },
    "2018-03-31": {
        "Diluted EPS": 0.0,
        "Total Revenue": NaN,
        "Gross Profit": NaN,
        "Operating Income": 0,
        "EBIT": 0,
        "Net Income": 0
    },
    "2023-06-30": {
        "Tax Effect Of Unusual Items": 2305.493524,
        "Tax Rate For Calcs": 0.019875,
        "Normalized EBITDA": -2229000.0,
        "Total Unusual Items": 116000.0,
        "Total Unusual Items Excluding Goodwill": 116000.0,
        "Net Income From Continuing Operation Net Minority Interest": -4389000.0,
        "Reconciled Depreciation": 1039000.0,
        "Reconciled Cost Of Revenue": 11140000.0,
        "EBITDA": -2113000.0,
        "EBIT": -3152000.0,
        "Net Interest Income": -1326000.0,
        "Interest Expense": 1326000.0,
        "Normalized Income": -4502694.506476,
        "Net Income From Continuing And Discontinued Operation": -4389000.0,
        "Total Expenses": 38685000.0,
        "Total Operating Income As Reported": -3310000.0,
        "Diluted Average Shares": 93562000.0,
        "Basic Average Shares": 93562000.0,
        "Diluted EPS": -0.05,
        "Basic EPS": -0.05,
        "Diluted NI Availto Com Stockholders": -4389000.0,
        "Net Income Common Stockholders": -4389000.0,
        "Net Income": -4389000.0,
        "Net Income Including Noncontrolling Interests": -4389000.0,
        "Net Income Continuous Operations": -4389000.0,
        "Tax Provision": -89000.0,
        "Pretax Income": -4478000.0,
        "Other Income Expense": 158000.0,
        "Other Non Operating Income Expenses": 42000.0,
        "Gain On Sale Of Security": 116000.0,
        "Net Non Operating Interest Income Expense": -1326000.0,
        "Interest Expense Non Operating": 1326000.0,
        "Operating Income": -3310000.0,
        "Operating Expense": 27545000.0,
        "Research And Development": 6859000.0,
        "Selling General And Administration": 20686000.0,
        "Selling And Marketing Expense": 11293000.0,
        "General And Administrative Expense": 9393000.0,
        "Other Gand A": 9393000.0,
        "Gross Profit": 24235000.0,
        "Cost Of Revenue": 11140000.0,
        "Total Revenue": 35375000.0,
        "Operating Revenue": 35375000.0
    },
    "2023-09-30": {
        "Tax Effect Of Unusual Items": -455.0,
        "Tax Rate For Calcs": 0.0091,
        "Normalized EBITDA": -3689000.0,
        "Total Unusual Items": -50000.0,
        "Total Unusual Items Excluding Goodwill": -50000.0,
        "Net Income From Continuing Operation Net Minority Interest": -5747000.0,
        "Reconciled Depreciation": 1025000.0,
        "Reconciled Cost Of Revenue": 11274000.0,
        "EBITDA": -3739000.0,
        "EBIT": -4764000.0,
        "Net Interest Income": -1036000.0,
        "Interest Expense": 1036000.0,
        "Normalized Income": -5697455.0,
        "Net Income From Continuing And Discontinued Operation": -5747000.0,
        "Total Expenses": 39659000.0,
        "Total Operating Income As Reported": -4307000.0,
        "Diluted Average Shares": 94372000.0,
        "Basic Average Shares": 94372000.0,
        "Diluted EPS": -0.06,
        "Basic EPS": -0.06,
        "Diluted NI Availto Com Stockholders": -5747000.0,
        "Net Income Common Stockholders": -5747000.0,
        "Net Income": -5747000.0,
        "Net Income Including Noncontrolling Interests": -5747000.0,
        "Net Income Continuous Operations": -5747000.0,
        "Tax Provision": -53000.0,
        "Pretax Income": -5800000.0,
        "Other Income Expense": -457000.0,
        "Other Non Operating Income Expenses": -407000.0,
        "Gain On Sale Of Security": -50000.0,
        "Net Non Operating Interest Income Expense": -1036000.0,
        "Interest Expense Non Operating": 1036000.0,
        "Operating Income": -4307000.0,
        "Operating Expense": 28385000.0,
        "Research And Development": 7340000.0,
        "Selling General And Administration": 21045000.0,
        "Selling And Marketing Expense": 10988000.0,
        "General And Administrative Expense": 10057000.0,
        "Other Gand A": 10057000.0,
        "Gross Profit": 24078000.0,
        "Cost Of Revenue": 11274000.0,
        "Total Revenue": 35352000.0,
        "Operating Revenue": 35352000.0
    }
}