{
    "2023-03-31": {
        "Tax Effect Of Unusual Items": NaN,
        "Tax Rate For Calcs": NaN,
        "Normalized EBITDA": NaN,
        "Total Unusual Items": NaN,
        "Total Unusual Items Excluding Goodwill": NaN,
        "Net Income From Continuing Operation Net Minority Interest": NaN,
        "Reconciled Depreciation": NaN,
        "Reconciled Cost Of Revenue": NaN,
        "EBITDA": NaN,
        "EBIT": NaN,
        "Net Interest Income": NaN,
        "Interest Expense": NaN,
        "Interest Income": NaN,
        "Normalized Income": NaN,
        "Net Income From Continuing And Discontinued Operation": NaN,
        "Total Expenses": NaN,
        "Total Operating Income As Reported": NaN,
        "Diluted Average Shares": 373727000.0,
        "Basic Average Shares": 373727000.0,
        "Diluted EPS": -0.5,
        "Basic EPS": -0.5,
        "Diluted NI Availto Com Stockholders": NaN,
        "Net Income Common Stockholders": NaN,
        "Net Income": NaN,
        "Net Income Including Noncontrolling Interests": NaN,
        "Net Income Continuous Operations": NaN,
        "Tax Provision": NaN,
        "Pretax Income": NaN,
        "Other Income Expense": NaN,
        "Other Non Operating Income Expenses": NaN,
        "Special Income Charges": NaN,
        "Other Special Charges": NaN,
        "Write Off": NaN,
        "Earnings From Equity Interest": NaN,
        "Gain On Sale Of Security": NaN,
        "Net Non Operating Interest Income Expense": NaN,
        "Interest Expense Non Operating": NaN,
        "Interest Income Non Operating": NaN,
        "Operating Income": NaN,
        "Operating Expense": NaN,
        "Other Operating Expenses": NaN,
        "Research And Development": NaN,
        "Selling General And Administration": NaN,
        "Selling And Marketing Expense": NaN,
        "General And Administrative Expense": NaN,
        "Other Gand A": NaN,
        "Salaries And Wages": NaN,
        "Gross Profit": NaN,
        "Cost Of Revenue": NaN,
        "Total Revenue": NaN,
        "Operating Revenue": NaN
    },
    "2022-12-31": {
        "Tax Effect Of Unusual Items": NaN,
        "Tax Rate For Calcs": NaN,
        "Normalized EBITDA": NaN,
        "Total Unusual Items": NaN,
        "Total Unusual Items Excluding Goodwill": NaN,
        "Net Income From Continuing Operation Net Minority Interest": NaN,
        "Reconciled Depreciation": NaN,
        "Reconciled Cost Of Revenue": NaN,
        "EBITDA": NaN,
        "EBIT": NaN,
        "Net Interest Income": NaN,
        "Interest Expense": NaN,
        "Interest Income": NaN,
        "Normalized Income": NaN,
        "Net Income From Continuing And Discontinued Operation": NaN,
        "Total Expenses": NaN,
        "Total Operating Income As Reported": NaN,
        "Diluted Average Shares": NaN,
        "Basic Average Shares": NaN,
        "Diluted EPS": NaN,
        "Basic EPS": NaN,
        "Diluted NI Availto Com Stockholders": NaN,
        "Net Income Common Stockholders": NaN,
        "Net Income": NaN,
        "Net Income Including Noncontrolling Interests": NaN,
        "Net Income Continuous Operations": NaN,
        "Tax Provision": NaN,
        "Pretax Income": NaN,
        "Other Income Expense": NaN,
        "Other Non Operating Income Expenses": NaN,
        "Special Income Charges": 0.0,
        "Other Special Charges": NaN,
        "Write Off": 0.0,
        "Restructuring And Mergern Acquisition": 0.0,
        "Earnings From Equity Interest": NaN,
        "Gain On Sale Of Security": NaN,
        "Net Non Operating Interest Income Expense": NaN,
        "Interest Expense Non Operating": NaN,
        "Interest Income Non Operating": NaN,
        "Operating Income": NaN,
        "Operating Expense": NaN,
        "Other Operating Expenses": NaN,
        "Research And Development": NaN,
        "Selling General And Administration": NaN,
        "Selling And Marketing Expense": NaN,
        "General And Administrative Expense": NaN,
        "Other Gand A": NaN,
        "Salaries And Wages": NaN,
        "Gross Profit": NaN,
        "Cost Of Revenue": NaN,
        "Total Revenue": NaN,
        "Operating Revenue": NaN
    },
    "2022-09-30": {
        "Tax Effect Of Unusual Items": NaN,
        "Tax Rate For Calcs": NaN,
        "Normalized EBITDA": NaN,
        "Total Unusual Items": NaN,
        "Total Unusual Items Excluding Goodwill": NaN,
        "Net Income From Continuing Operation Net Minority Interest": NaN,
        "Reconciled Depreciation": NaN,
        "Reconciled Cost Of Revenue": NaN,
        "EBITDA": NaN,
        "EBIT": NaN,
        "Net Interest Income": NaN,
        "Interest Expense": NaN,
        "Interest Income": NaN,
        "Normalized Income": NaN,
        "Net Income From Continuing And Discontinued Operation": NaN,
        "Total Expenses": NaN,
        "Total Operating Income As Reported": NaN,
        "Diluted Average Shares": 356478000.0,
        "Basic Average Shares": 356478000.0,
        "Diluted EPS": -1.18,
        "Basic EPS": -1.18,
        "Diluted NI Availto Com Stockholders": NaN,
        "Net Income Common Stockholders": NaN,
        "Net Income": NaN,
        "Net Income Including Noncontrolling Interests": NaN,
        "Net Income Continuous Operations": NaN,
        "Tax Provision": NaN,
        "Pretax Income": NaN,
        "Other Income Expense": NaN,
        "Other Non Operating Income Expenses": NaN,
        "Special Income Charges": -135714000.0,
        "Other Special Charges": NaN,
        "Write Off": 135714000.0,
        "Restructuring And Mergern Acquisition": 0.0,
        "Earnings From Equity Interest": 0.0,
        "Gain On Sale Of Security": NaN,
        "Net Non Operating Interest Income Expense": NaN,
        "Interest Expense Non Operating": NaN,
        "Interest Income Non Operating": NaN,
        "Operating Income": NaN,
        "Operating Expense": NaN,
        "Other Operating Expenses": NaN,
        "Research And Development": NaN,
        "Selling General And Administration": NaN,
        "Selling And Marketing Expense": NaN,
        "General And Administrative Expense": NaN,
        "Other Gand A": NaN,
        "Salaries And Wages": NaN,
        "Gross Profit": NaN,
        "Cost Of Revenue": NaN,
        "Total Revenue": NaN,
        "Operating Revenue": NaN
    },
    "2022-06-30": {
        "Tax Effect Of Unusual Items": 229600.0,
        "Tax Rate For Calcs": 0.4,
        "Normalized EBITDA": -343677000.0,
        "Total Unusual Items": 574000.0,
        "Total Unusual Items Excluding Goodwill": 574000.0,
        "Net Income From Continuing Operation Net Minority Interest": -377246000.0,
        "Reconciled Depreciation": 29119000.0,
        "Reconciled Cost Of Revenue": 650356000.0,
        "EBITDA": -343103000.0,
        "EBIT": -372222000.0,
        "Net Interest Income": -238000.0,
        "Interest Expense": 4960000.0,
        "Interest Income": 4722000.0,
        "Normalized Income": -377590400.0,
        "Net Income From Continuing And Discontinued Operation": -377246000.0,
        "Total Expenses": 1363923000.0,
        "Total Operating Income As Reported": -373175000.0,
        "Diluted Average Shares": 350526000.0,
        "Basic Average Shares": 350526000.0,
        "Diluted EPS": -1.08,
        "Basic EPS": -1.08,
        "Diluted NI Availto Com Stockholders": -377246000.0,
        "Net Income Common Stockholders": -377246000.0,
        "Net Income": -377246000.0,
        "Net Income Including Noncontrolling Interests": -377246000.0,
        "Net Income Continuous Operations": -377246000.0,
        "Tax Provision": 64000.0,
        "Pretax Income": -377182000.0,
        "Other Income Expense": -3769000.0,
        "Other Non Operating Income Expenses": -4343000.0,
        "Special Income Charges": NaN,
        "Write Off": NaN,
        "Restructuring And Mergern Acquisition": NaN,
        "Earnings From Equity Interest": NaN,
        "Gain On Sale Of Security": 574000.0,
        "Net Non Operating Interest Income Expense": -238000.0,
        "Interest Expense Non Operating": 4960000.0,
        "Interest Income Non Operating": 4722000.0,
        "Operating Income": -373175000.0,
        "Operating Expense": 713567000.0,
        "Other Operating Expenses": 105314000.0,
        "Research And Development": 201768000.0,
        "Selling General And Administration": 406485000.0,
        "Selling And Marketing Expense": 140754000.0,
        "General And Administrative Expense": 265731000.0,
        "Other Gand A": 265731000.0,
        "Salaries And Wages": NaN,
        "Gross Profit": 340392000.0,
        "Cost Of Revenue": 650356000.0,
        "Total Revenue": 990748000.0,
        "Operating Revenue": 990748000.0
    },
    "2022-03-31": {
        "Diluted EPS": -0.57,
        "Total Revenue": 876,
        "Gross Profit": 435,
        "Operating Income": -199,
        "EBIT": -167,
        "Net Income": -197
    },
    "2021-12-31": {
        "Diluted EPS": -0.8,
        "Total Revenue": 970,
        "Gross Profit": 419,
        "Operating Income": -274,
        "EBIT": -231,
        "Net Income": -283
    },
    "2021-09-30": {
        "Diluted EPS": -0.3,
        "Total Revenue": 864,
        "Gross Profit": 472,
        "Operating Income": -205,
        "EBIT": -158,
        "Net Income": -100
    },
    "2021-06-30": {
        "Diluted EPS": -0.76,
        "Total Revenue": 765,
        "Gross Profit": 418,
        "Operating Income": -240,
        "EBIT": -196,
        "Net Income": -252
    },
    "2021-03-31": {
        "Diluted EPS": -1.31,
        "Total Revenue": 609,
        "Gross Profit": 197,
        "Operating Income": -416,
        "EBIT": -372,
        "Net Income": -427
    },
    "2020-12-31": {
        "Diluted EPS": -1.43,
        "Total Revenue": 570,
        "Gross Profit": 178,
        "Operating Income": -453,
        "EBIT": -407,
        "Net Income": -458
    },
    "2020-09-30": {
        "Diluted EPS": -1.46,
        "Total Revenue": 500,
        "Gross Profit": 238,
        "Operating Income": -453,
        "EBIT": -403,
        "Net Income": -460
    },
    "2020-06-30": {
        "Diluted EPS": -1.41,
        "Total Revenue": 339,
        "Gross Profit": 88,
        "Operating Income": -487,
        "EBIT": -442,
        "Net Income": -437
    },
    "2020-03-31": {
        "Diluted EPS": -1.31,
        "Total Revenue": 956,
        "Gross Profit": 413,
        "Operating Income": -414,
        "EBIT": -386,
        "Net Income": -398
    },
    "2019-12-31": {
        "Diluted EPS": 40.89,
        "Total Revenue": NaN,
        "Gross Profit": 514,
        "Operating Income": -382,
        "EBIT": -366,
        "Net Income": -356
    },
    "2019-09-30": {
        "Diluted EPS": -1.57,
        "Total Revenue": 956,
        "Gross Profit": 375,
        "Operating Income": -491,
        "EBIT": -470,
        "Net Income": -463
    },
    "2019-06-30": {
        "Diluted EPS": -2.23,
        "Total Revenue": 867,
        "Gross Profit": 237,
        "Operating Income": -673,
        "EBIT": -653,
        "Net Income": -644
    },
    "2019-03-31": {
        "Diluted EPS": -48.53,
        "Total Revenue": 776,
        "Gross Profit": 313,
        "Operating Income": NaN,
        "EBIT": NaN,
        "Net Income": NaN
    },
    "2018-12-31": {
        "Diluted EPS": -11.29,
        "Total Revenue": 670,
        "Gross Profit": 303,
        "Operating Income": -270,
        "EBIT": -265,
        "Net Income": -249
    },
    "2018-09-30": {
        "Diluted EPS": -11.58,
        "Total Revenue": 585,
        "Gross Profit": 262,
        "Operating Income": -269,
        "EBIT": -273,
        "Net Income": -249
    },
    "2018-06-30": {
        "Diluted EPS": -8.48,
        "Total Revenue": 505,
        "Gross Profit": 212,
        "Operating Income": -194,
        "EBIT": -196,
        "Net Income": -179
    },
    "2018-03-31": {
        "Diluted EPS": -11.69,
        "Total Revenue": 397,
        "Gross Profit": 137,
        "Operating Income": -245,
        "EBIT": -248,
        "Net Income": -234
    },
    "2017-12-31": {
        "Diluted EPS": 0.0,
        "Total Revenue": NaN,
        "Gross Profit": NaN,
        "Operating Income": NaN,
        "EBIT": NaN,
        "Net Income": NaN
    },
    "2016-12-31": {
        "Diluted EPS": 0.0,
        "Total Revenue": NaN,
        "Gross Profit": NaN,
        "Operating Income": NaN,
        "EBIT": NaN,
        "Net Income": NaN
    },
    "2023-06-30": {
        "Tax Effect Of Unusual Items": NaN,
        "Tax Rate For Calcs": NaN,
        "Normalized EBITDA": NaN,
        "Total Unusual Items": NaN,
        "Total Unusual Items Excluding Goodwill": NaN,
        "Net Income From Continuing Operation Net Minority Interest": NaN,
        "Reconciled Depreciation": NaN,
        "Reconciled Cost Of Revenue": NaN,
        "EBITDA": NaN,
        "EBIT": NaN,
        "Net Interest Income": NaN,
        "Interest Expense": NaN,
        "Interest Income": NaN,
        "Normalized Income": NaN,
        "Net Income From Continuing And Discontinued Operation": NaN,
        "Total Expenses": NaN,
        "Total Operating Income As Reported": NaN,
        "Diluted Average Shares": 381884000.0,
        "Basic Average Shares": 381884000.0,
        "Diluted EPS": -0.3,
        "Basic EPS": -0.3,
        "Diluted NI Availto Com Stockholders": NaN,
        "Net Income Common Stockholders": NaN,
        "Net Income": NaN,
        "Net Income Including Noncontrolling Interests": NaN,
        "Net Income Continuous Operations": NaN,
        "Tax Provision": NaN,
        "Pretax Income": NaN,
        "Other Income Expense": NaN,
        "Other Non Operating Income Expenses": NaN,
        "Special Income Charges": NaN,
        "Other Special Charges": NaN,
        "Write Off": NaN,
        "Earnings From Equity Interest": NaN,
        "Gain On Sale Of Security": NaN,
        "Net Non Operating Interest Income Expense": NaN,
        "Interest Expense Non Operating": NaN,
        "Interest Income Non Operating": NaN,
        "Operating Income": NaN,
        "Operating Expense": NaN,
        "Other Operating Expenses": NaN,
        "Research And Development": NaN,
        "Selling General And Administration": NaN,
        "Selling And Marketing Expense": NaN,
        "General And Administrative Expense": NaN,
        "Other Gand A": NaN,
        "Salaries And Wages": 64575000.0,
        "Gross Profit": NaN,
        "Cost Of Revenue": NaN,
        "Total Revenue": NaN,
        "Operating Revenue": NaN
    },
    "2023-09-30": {
        "Tax Effect Of Unusual Items": NaN,
        "Tax Rate For Calcs": NaN,
        "Normalized EBITDA": NaN,
        "Total Unusual Items": NaN,
        "Total Unusual Items Excluding Goodwill": NaN,
        "Net Income From Continuing Operation Net Minority Interest": NaN,
        "Reconciled Depreciation": NaN,
        "Reconciled Cost Of Revenue": NaN,
        "EBITDA": NaN,
        "EBIT": NaN,
        "Net Interest Income": NaN,
        "Interest Expense": NaN,
        "Interest Income": NaN,
        "Normalized Income": NaN,
        "Net Income From Continuing And Discontinued Operation": NaN,
        "Total Expenses": NaN,
        "Total Operating Income As Reported": NaN,
        "Diluted Average Shares": 389307000.0,
        "Basic Average Shares": 389307000.0,
        "Diluted EPS": -0.03,
        "Basic EPS": -0.03,
        "Diluted NI Availto Com Stockholders": NaN,
        "Net Income Common Stockholders": NaN,
        "Net Income": NaN,
        "Net Income Including Noncontrolling Interests": NaN,
        "Net Income Continuous Operations": NaN,
        "Tax Provision": NaN,
        "Pretax Income": NaN,
        "Other Income Expense": NaN,
        "Other Non Operating Income Expenses": NaN,
        "Special Income Charges": 0.0,
        "Other Special Charges": NaN,
        "Write Off": 0.0,
        "Earnings From Equity Interest": 0.0,
        "Gain On Sale Of Security": NaN,
        "Net Non Operating Interest Income Expense": NaN,
        "Interest Expense Non Operating": NaN,
        "Interest Income Non Operating": NaN,
        "Operating Income": NaN,
        "Operating Expense": NaN,
        "Other Operating Expenses": NaN,
        "Research And Development": NaN,
        "Selling General And Administration": NaN,
        "Selling And Marketing Expense": NaN,
        "General And Administrative Expense": NaN,
        "Other Gand A": NaN,
        "Gross Profit": NaN,
        "Cost Of Revenue": NaN,
        "Total Revenue": NaN,
        "Operating Revenue": NaN
    },
    "2023-12-31": {
        "Tax Effect Of Unusual Items": NaN,
        "Tax Rate For Calcs": NaN,
        "Normalized EBITDA": NaN,
        "Total Unusual Items": 3321000.0,
        "Total Unusual Items Excluding Goodwill": 3321000.0,
        "Net Income From Continuing Operation Net Minority Interest": NaN,
        "Reconciled Depreciation": NaN,
        "Reconciled Cost Of Revenue": NaN,
        "EBITDA": NaN,
        "EBIT": NaN,
        "Net Interest Income": NaN,
        "Interest Expense": NaN,
        "Interest Income": 40299000.0,
        "Normalized Income": NaN,
        "Net Income From Continuing And Discontinued Operation": NaN,
        "Total Expenses": NaN,
        "Total Operating Income As Reported": NaN,
        "Diluted Average Shares": NaN,
        "Basic Average Shares": NaN,
        "Diluted EPS": NaN,
        "Basic EPS": NaN,
        "Diluted NI Availto Com Stockholders": NaN,
        "Net Income Common Stockholders": NaN,
        "Net Income": NaN,
        "Net Income Including Noncontrolling Interests": NaN,
        "Net Income Continuous Operations": NaN,
        "Tax Provision": NaN,
        "Pretax Income": NaN,
        "Other Income Expense": NaN,
        "Other Non Operating Income Expenses": NaN,
        "Special Income Charges": 0.0,
        "Other Special Charges": NaN,
        "Write Off": 0.0,
        "Earnings From Equity Interest": 0.0,
        "Gain On Sale Of Security": 3321000.0,
        "Net Non Operating Interest Income Expense": NaN,
        "Interest Expense Non Operating": NaN,
        "Interest Income Non Operating": 40299000.0,
        "Operating Income": NaN,
        "Operating Expense": NaN,
        "Other Operating Expenses": NaN,
        "Research And Development": NaN,
        "Selling General And Administration": NaN,
        "Selling And Marketing Expense": NaN,
        "General And Administrative Expense": NaN,
        "Other Gand A": NaN,
        "Gross Profit": NaN,
        "Cost Of Revenue": NaN,
        "Total Revenue": NaN,
        "Operating Revenue": NaN
    },
    "2024-03-31": {
        "Tax Effect Of Unusual Items": NaN,
        "Tax Rate For Calcs": NaN,
        "Normalized EBITDA": NaN,
        "Total Unusual Items": 2861000.0,
        "Total Unusual Items Excluding Goodwill": 2861000.0,
        "Net Income From Continuing Operation Net Minority Interest": NaN,
        "Reconciled Depreciation": NaN,
        "Reconciled Cost Of Revenue": NaN,
        "EBITDA": NaN,
        "EBIT": NaN,
        "Net Interest Income": NaN,
        "Interest Expense": NaN,
        "Interest Income": 38552000.0,
        "Normalized Income": NaN,
        "Net Income From Continuing And Discontinued Operation": NaN,
        "Total Expenses": NaN,
        "Total Operating Income As Reported": NaN,
        "Diluted Average Shares": NaN,
        "Basic Average Shares": NaN,
        "Diluted EPS": NaN,
        "Basic EPS": NaN,
        "Diluted NI Availto Com Stockholders": NaN,
        "Net Income Common Stockholders": NaN,
        "Net Income": NaN,
        "Net Income Including Noncontrolling Interests": NaN,
        "Net Income Continuous Operations": NaN,
        "Tax Provision": NaN,
        "Pretax Income": NaN,
        "Other Income Expense": NaN,
        "Other Non Operating Income Expenses": NaN,
        "Special Income Charges": 5100000.0,
        "Other Special Charges": -5100000.0,
        "Earnings From Equity Interest": NaN,
        "Gain On Sale Of Security": -2239000.0,
        "Net Non Operating Interest Income Expense": NaN,
        "Interest Expense Non Operating": NaN,
        "Interest Income Non Operating": 38552000.0,
        "Operating Income": NaN,
        "Operating Expense": NaN,
        "Other Operating Expenses": NaN,
        "Research And Development": NaN,
        "Selling General And Administration": NaN,
        "Selling And Marketing Expense": NaN,
        "General And Administrative Expense": NaN,
        "Other Gand A": NaN,
        "Gross Profit": NaN,
        "Cost Of Revenue": NaN,
        "Total Revenue": NaN,
        "Operating Revenue": NaN
    },
    "2024-06-30": {
        "Tax Effect Of Unusual Items": NaN,
        "Tax Rate For Calcs": NaN,
        "Normalized EBITDA": NaN,
        "Total Unusual Items": -994000.0,
        "Total Unusual Items Excluding Goodwill": -994000.0,
        "Net Income From Continuing Operation Net Minority Interest": NaN,
        "Reconciled Depreciation": NaN,
        "Reconciled Cost Of Revenue": NaN,
        "EBITDA": NaN,
        "EBIT": NaN,
        "Net Interest Income": NaN,
        "Interest Expense": NaN,
        "Interest Income": 40079000.0,
        "Normalized Income": NaN,
        "Net Income From Continuing And Discontinued Operation": NaN,
        "Total Expenses": NaN,
        "Total Operating Income As Reported": NaN,
        "Diluted Average Shares": 411969000.0,
        "Basic Average Shares": 406512000.0,
        "Diluted EPS": 0.01,
        "Basic EPS": 0.01,
        "Diluted NI Availto Com Stockholders": NaN,
        "Net Income Common Stockholders": NaN,
        "Net Income": NaN,
        "Net Income Including Noncontrolling Interests": NaN,
        "Net Income Continuous Operations": NaN,
        "Tax Provision": NaN,
        "Pretax Income": NaN,
        "Other Income Expense": NaN,
        "Other Non Operating Income Expenses": NaN,
        "Earnings From Equity Interest": 0.0,
        "Gain On Sale Of Security": -994000.0,
        "Net Non Operating Interest Income Expense": NaN,
        "Interest Expense Non Operating": NaN,
        "Interest Income Non Operating": 40079000.0,
        "Operating Income": NaN,
        "Operating Expense": NaN,
        "Other Operating Expenses": NaN,
        "Research And Development": NaN,
        "Selling General And Administration": NaN,
        "Selling And Marketing Expense": NaN,
        "General And Administrative Expense": NaN,
        "Other Gand A": NaN,
        "Gross Profit": NaN,
        "Cost Of Revenue": NaN,
        "Total Revenue": NaN,
        "Operating Revenue": NaN
    },
    "2024-09-30": {
        "Tax Effect Of Unusual Items": 0.0,
        "Tax Rate For Calcs": 0.052,
        "Normalized EBITDA": 39372000.0,
        "Total Unusual Items": 1420000.0,
        "Total Unusual Items Excluding Goodwill": 1420000.0,
        "Net Income From Continuing Operation Net Minority Interest": -12426000.0,
        "Reconciled Depreciation": 45118000.0,
        "Reconciled Cost Of Revenue": 888255000.0,
        "EBITDA": 39372000.0,
        "EBIT": -5746000.0,
        "Net Interest Income": -7362000.0,
        "Interest Expense": 7362000.0,
        "Interest Income": 44247000.0,
        "Normalized Income": -12426000.0,
        "Net Income From Continuing And Discontinued Operation": -12426000.0,
        "Total Expenses": 1579379000.0,
        "Total Operating Income As Reported": -56687000.0,
        "Diluted Average Shares": 412229000.0,
        "Basic Average Shares": 412229000.0,
        "Diluted EPS": -0.03,
        "Basic EPS": -0.03,
        "Diluted NI Availto Com Stockholders": -12426000.0,
        "Net Income Common Stockholders": -12426000.0,
        "Net Income": -12426000.0,
        "Net Income Including Noncontrolling Interests": -12426000.0,
        "Net Income Continuous Operations": -12426000.0,
        "Tax Provision": -682000.0,
        "Pretax Income": -13108000.0,
        "Other Income Expense": 50941000.0,
        "Other Non Operating Income Expenses": 50941000.0,
        "Earnings From Equity Interest": 0.0,
        "Gain On Sale Of Security": 1420000.0,
        "Net Non Operating Interest Income Expense": -7362000.0,
        "Interest Expense Non Operating": 7362000.0,
        "Interest Income Non Operating": 44247000.0,
        "Operating Income": -56687000.0,
        "Operating Expense": 691124000.0,
        "Other Operating Expenses": 117462000.0,
        "Research And Development": 104447000.0,
        "Selling General And Administration": 469215000.0,
        "Selling And Marketing Expense": 215779000.0,
        "General And Administrative Expense": 253436000.0,
        "Other Gand A": 253436000.0,
        "Gross Profit": 634437000.0,
        "Cost Of Revenue": 888255000.0,
        "Total Revenue": 1522692000.0,
        "Operating Revenue": 1522692000.0
    },
    "2024-12-31": {
        "Tax Effect Of Unusual Items": -1169910.0,
        "Tax Rate For Calcs": 0.21,
        "Normalized EBITDA": 106468000.0,
        "Total Unusual Items": -5571000.0,
        "Total Unusual Items Excluding Goodwill": -5571000.0,
        "Net Income From Continuing Operation Net Minority Interest": 61731000.0,
        "Reconciled Depreciation": 33703000.0,
        "Reconciled Cost Of Revenue": 874579000.0,
        "EBITDA": 100897000.0,
        "EBIT": 67194000.0,
        "Net Interest Income": 36767000.0,
        "Interest Expense": 6659000.0,
        "Interest Income": 43426000.0,
        "Normalized Income": 66132090.0,
        "Net Income From Continuing And Discontinued Operation": 61731000.0,
        "Total Expenses": 1522325000.0,
        "Total Operating Income As Reported": 27952000.0,
        "Diluted Average Shares": NaN,
        "Basic Average Shares": NaN,
        "Diluted EPS": NaN,
        "Basic EPS": NaN,
        "Diluted NI Availto Com Stockholders": 61731000.0,
        "Net Income Common Stockholders": 61731000.0,
        "Net Income": 61731000.0,
        "Net Income Including Noncontrolling Interests": 61731000.0,
        "Net Income Continuous Operations": 61731000.0,
        "Tax Provision": -1196000.0,
        "Pretax Income": 60535000.0,
        "Other Income Expense": -4184000.0,
        "Other Non Operating Income Expenses": 1387000.0,
        "Earnings From Equity Interest": 0.0,
        "Gain On Sale Of Security": -5571000.0,
        "Net Non Operating Interest Income Expense": 36767000.0,
        "Interest Expense Non Operating": 6659000.0,
        "Interest Income Non Operating": 43426000.0,
        "Operating Income": 27952000.0,
        "Operating Expense": 647746000.0,
        "Other Operating Expenses": 107583000.0,
        "Research And Development": 93796000.0,
        "Selling General And Administration": 446367000.0,
        "Selling And Marketing Expense": 251351000.0,
        "General And Administrative Expense": 195016000.0,
        "Other Gand A": 195016000.0,
        "Gross Profit": 675698000.0,
        "Cost Of Revenue": 874579000.0,
        "Total Revenue": 1550277000.0,
        "Operating Revenue": 1550277000.0
    },
    "2025-03-31": {
        "Tax Effect Of Unusual Items": 0.0,
        "Tax Rate For Calcs": 0.21,
        "Normalized EBITDA": 45640000.0,
        "Total Unusual Items": NaN,
        "Total Unusual Items Excluding Goodwill": NaN,
        "Net Income From Continuing Operation Net Minority Interest": 2567000.0,
        "Reconciled Depreciation": 33572000.0,
        "Reconciled Cost Of Revenue": 862874000.0,
        "EBITDA": 45640000.0,
        "EBIT": 12068000.0,
        "Net Interest Income": -6150000.0,
        "Interest Expense": 6150000.0,
        "Interest Income": NaN,
        "Normalized Income": 2567000.0,
        "Net Income From Continuing And Discontinued Operation": 2567000.0,
        "Total Expenses": 1479021000.0,
        "Total Operating Income As Reported": -28849000.0,
        "Diluted Average Shares": 424024000.0,
        "Basic Average Shares": 419047000.0,
        "Diluted EPS": 0.01,
        "Basic EPS": 0.01,
        "Diluted NI Availto Com Stockholders": 2567000.0,
        "Net Income Common Stockholders": 2567000.0,
        "Net Income": 2567000.0,
        "Net Income Including Noncontrolling Interests": 2567000.0,
        "Net Income Continuous Operations": 2567000.0,
        "Tax Provision": 3351000.0,
        "Pretax Income": 5918000.0,
        "Other Income Expense": 40917000.0,
        "Other Non Operating Income Expenses": 40917000.0,
        "Earnings From Equity Interest": NaN,
        "Gain On Sale Of Security": NaN,
        "Net Non Operating Interest Income Expense": -6150000.0,
        "Interest Expense Non Operating": 6150000.0,
        "Interest Income Non Operating": NaN,
        "Operating Income": -28849000.0,
        "Operating Expense": 616147000.0,
        "Other Operating Expenses": 106335000.0,
        "Research And Development": 112495000.0,
        "Selling General And Administration": 397317000.0,
        "Selling And Marketing Expense": 182017000.0,
        "General And Administrative Expense": 215300000.0,
        "Other Gand A": 215300000.0,
        "Gross Profit": 587298000.0,
        "Cost Of Revenue": 862874000.0,
        "Total Revenue": 1450172000.0,
        "Operating Revenue": 1450172000.0
    },
    "2025-06-30": {
        "Tax Effect Of Unusual Items": 0.0,
        "Tax Rate For Calcs": 0.0918,
        "Normalized EBITDA": 80049000.0,
        "Total Unusual Items": NaN,
        "Total Unusual Items Excluding Goodwill": NaN,
        "Net Income From Continuing Operation Net Minority Interest": 40314000.0,
        "Reconciled Depreciation": 30630000.0,
        "Reconciled Cost Of Revenue": 935734000.0,
        "EBITDA": 80049000.0,
        "EBIT": 49419000.0,
        "Net Interest Income": -5032000.0,
        "Interest Expense": 5032000.0,
        "Interest Income": NaN,
        "Normalized Income": 40314000.0,
        "Net Income From Continuing And Discontinued Operation": 40314000.0,
        "Total Expenses": 1585753000.0,
        "Total Operating Income As Reported": 2430000.0,
        "Diluted Average Shares": 422953000.0,
        "Basic Average Shares": 417242000.0,
        "Diluted EPS": 0.1,
        "Basic EPS": 0.1,
        "Diluted NI Availto Com Stockholders": 40314000.0,
        "Net Income Common Stockholders": 40314000.0,
        "Net Income": 40314000.0,
        "Net Income Including Noncontrolling Interests": 40314000.0,
        "Net Income Continuous Operations": 40314000.0,
        "Tax Provision": 4073000.0,
        "Pretax Income": 44387000.0,
        "Other Income Expense": 46989000.0,
        "Other Non Operating Income Expenses": 46989000.0,
        "Earnings From Equity Interest": NaN,
        "Gain On Sale Of Security": NaN,
        "Net Non Operating Interest Income Expense": -5032000.0,
        "Interest Expense Non Operating": 5032000.0,
        "Interest Income Non Operating": NaN,
        "Operating Income": 2430000.0,
        "Operating Expense": 650019000.0,
        "Other Operating Expenses": 117433000.0,
        "Research And Development": 109325000.0,
        "Selling General And Administration": 423261000.0,
        "Selling And Marketing Expense": 190922000.0,
        "General And Administrative Expense": 232339000.0,
        "Other Gand A": 232339000.0,
        "Gross Profit": 652449000.0,
        "Cost Of Revenue": 935734000.0,
        "Total Revenue": 1588183000.0,
        "Operating Revenue": 1588183000.0
    },
    "2025-09-30": {
        "Tax Effect Of Unusual Items": 0.0,
        "Tax Rate For Calcs": 0.21,
        "Normalized EBITDA": 82617000.0,
        "Total Unusual Items": NaN,
        "Total Unusual Items Excluding Goodwill": NaN,
        "Net Income From Continuing Operation Net Minority Interest": 46074000.0,
        "Reconciled Depreciation": 33760000.0,
        "Reconciled Cost Of Revenue": 927221000.0,
        "EBITDA": 82617000.0,
        "EBIT": 48857000.0,
        "Net Interest Income": -4742000.0,
        "Interest Expense": 4742000.0,
        "Interest Income": NaN,
        "Normalized Income": 46074000.0,
        "Net Income From Continuing And Discontinued Operation": 46074000.0,
        "Total Expenses": 1662142000.0,
        "Total Operating Income As Reported": 23053000.0,
        "Diluted Average Shares": 412674000.0,
        "Basic Average Shares": 405679000.0,
        "Diluted EPS": 0.11,
        "Basic EPS": 0.11,
        "Diluted NI Availto Com Stockholders": 46074000.0,
        "Net Income Common Stockholders": 46074000.0,
        "Net Income": 46074000.0,
        "Net Income Including Noncontrolling Interests": 46074000.0,
        "Net Income Continuous Operations": 46074000.0,
        "Tax Provision": -1959000.0,
        "Pretax Income": 44115000.0,
        "Other Income Expense": 25804000.0,
        "Other Non Operating Income Expenses": 25804000.0,
        "Earnings From Equity Interest": NaN,
        "Gain On Sale Of Security": NaN,
        "Net Non Operating Interest Income Expense": -4742000.0,
        "Interest Expense Non Operating": 4742000.0,
        "Interest Income Non Operating": NaN,
        "Operating Income": 23053000.0,
        "Operating Expense": 734921000.0,
        "Other Operating Expenses": 131424000.0,
        "Research And Development": 109615000.0,
        "Selling General And Administration": 493882000.0,
        "Selling And Marketing Expense": 243317000.0,
        "General And Administrative Expense": 250565000.0,
        "Other Gand A": 250565000.0,
        "Gross Profit": 757974000.0,
        "Cost Of Revenue": 927221000.0,
        "Total Revenue": 1685195000.0,
        "Operating Revenue": 1685195000.0
    }
}