{
    "2023-03-31": {
        "Tax Effect Of Unusual Items": NaN,
        "Tax Rate For Calcs": NaN,
        "Normalized EBITDA": NaN,
        "Total Unusual Items": 0.0,
        "Total Unusual Items Excluding Goodwill": 0.0,
        "Net Income From Continuing Operation Net Minority Interest": NaN,
        "Reconciled Depreciation": NaN,
        "Reconciled Cost Of Revenue": NaN,
        "EBITDA": NaN,
        "EBIT": NaN,
        "Net Interest Income": NaN,
        "Interest Expense": NaN,
        "Normalized Income": NaN,
        "Net Income From Continuing And Discontinued Operation": NaN,
        "Total Expenses": NaN,
        "Total Operating Income As Reported": NaN,
        "Diluted Average Shares": NaN,
        "Basic Average Shares": NaN,
        "Diluted EPS": NaN,
        "Basic EPS": NaN,
        "Diluted NI Availto Com Stockholders": NaN,
        "Net Income Common Stockholders": NaN,
        "Net Income": NaN,
        "Net Income Including Noncontrolling Interests": NaN,
        "Net Income Continuous Operations": NaN,
        "Tax Provision": NaN,
        "Pretax Income": NaN,
        "Other Income Expense": NaN,
        "Other Non Operating Income Expenses": NaN,
        "Special Income Charges": 0.0,
        "Restructuring And Mergern Acquisition": 0.0,
        "Net Non Operating Interest Income Expense": NaN,
        "Interest Expense Non Operating": NaN,
        "Operating Income": NaN,
        "Operating Expense": NaN,
        "Selling General And Administration": NaN,
        "Gross Profit": NaN,
        "Cost Of Revenue": NaN,
        "Total Revenue": NaN,
        "Operating Revenue": NaN
    },
    "2022-12-31": {
        "Tax Effect Of Unusual Items": NaN,
        "Tax Rate For Calcs": NaN,
        "Normalized EBITDA": NaN,
        "Total Unusual Items": -15000.0,
        "Total Unusual Items Excluding Goodwill": -15000.0,
        "Net Income From Continuing Operation Net Minority Interest": NaN,
        "Reconciled Depreciation": NaN,
        "Reconciled Cost Of Revenue": NaN,
        "EBITDA": NaN,
        "EBIT": NaN,
        "Net Interest Income": NaN,
        "Interest Expense": NaN,
        "Normalized Income": NaN,
        "Net Income From Continuing And Discontinued Operation": NaN,
        "Total Expenses": NaN,
        "Total Operating Income As Reported": NaN,
        "Diluted Average Shares": NaN,
        "Basic Average Shares": NaN,
        "Diluted EPS": NaN,
        "Basic EPS": NaN,
        "Diluted NI Availto Com Stockholders": NaN,
        "Net Income Common Stockholders": NaN,
        "Net Income": NaN,
        "Net Income Including Noncontrolling Interests": NaN,
        "Net Income Continuous Operations": NaN,
        "Tax Provision": NaN,
        "Pretax Income": NaN,
        "Other Income Expense": NaN,
        "Other Non Operating Income Expenses": NaN,
        "Special Income Charges": -15000.0,
        "Restructuring And Mergern Acquisition": 15000.0,
        "Net Non Operating Interest Income Expense": NaN,
        "Interest Expense Non Operating": NaN,
        "Operating Income": NaN,
        "Operating Expense": NaN,
        "Selling General And Administration": NaN,
        "Gross Profit": NaN,
        "Cost Of Revenue": NaN,
        "Total Revenue": NaN,
        "Operating Revenue": NaN
    },
    "2022-09-30": {
        "Tax Effect Of Unusual Items": 0.0,
        "Tax Rate For Calcs": 0.305765,
        "Normalized EBITDA": 9808000.0,
        "Total Unusual Items": NaN,
        "Total Unusual Items Excluding Goodwill": NaN,
        "Net Income From Continuing Operation Net Minority Interest": 6262000.0,
        "Reconciled Depreciation": 2421000.0,
        "Reconciled Cost Of Revenue": 92331000.0,
        "EBITDA": 9808000.0,
        "EBIT": 9808000.0,
        "Net Interest Income": -788000.0,
        "Interest Expense": 788000.0,
        "Normalized Income": 6262000.0,
        "Net Income From Continuing And Discontinued Operation": 6262000.0,
        "Total Expenses": 117048000.0,
        "Total Operating Income As Reported": 10021000.0,
        "Diluted Average Shares": 28664000.0,
        "Basic Average Shares": 27641000.0,
        "Diluted EPS": 0.22,
        "Basic EPS": 0.23,
        "Diluted NI Availto Com Stockholders": 6262000.0,
        "Net Income Common Stockholders": 6262000.0,
        "Net Income": 6262000.0,
        "Net Income Including Noncontrolling Interests": 6262000.0,
        "Net Income Continuous Operations": 6262000.0,
        "Tax Provision": 2758000.0,
        "Pretax Income": 9020000.0,
        "Other Income Expense": -213000.0,
        "Other Non Operating Income Expenses": -213000.0,
        "Special Income Charges": NaN,
        "Restructuring And Mergern Acquisition": NaN,
        "Net Non Operating Interest Income Expense": -788000.0,
        "Total Other Finance Cost": NaN,
        "Interest Expense Non Operating": 788000.0,
        "Operating Income": 10021000.0,
        "Operating Expense": 24717000.0,
        "Selling General And Administration": 24717000.0,
        "Selling And Marketing Expense": NaN,
        "General And Administrative Expense": NaN,
        "Other Gand A": NaN,
        "Gross Profit": 34738000.0,
        "Cost Of Revenue": 92331000.0,
        "Total Revenue": 127069000.0,
        "Operating Revenue": 127069000.0
    },
    "2022-06-30": {
        "Tax Effect Of Unusual Items": -1507.682659,
        "Tax Rate For Calcs": 0.18846,
        "Normalized EBITDA": 7068000.0,
        "Total Unusual Items": -8000.0,
        "Total Unusual Items Excluding Goodwill": -8000.0,
        "Net Income From Continuing Operation Net Minority Interest": 5176000.0,
        "Reconciled Depreciation": 2486000.0,
        "Reconciled Cost Of Revenue": 95012000.0,
        "EBITDA": 7060000.0,
        "EBIT": 7060000.0,
        "Net Interest Income": -682000.0,
        "Interest Expense": 682000.0,
        "Interest Income": 0.0,
        "Normalized Income": 5182492.317341,
        "Net Income From Continuing And Discontinued Operation": 5176000.0,
        "Total Expenses": 120287000.0,
        "Total Operating Income As Reported": 7175000.0,
        "Diluted Average Shares": 28137000.0,
        "Basic Average Shares": 27484000.0,
        "Diluted EPS": 0.18,
        "Basic EPS": 0.19,
        "Diluted NI Availto Com Stockholders": 5176000.0,
        "Net Income Common Stockholders": 5176000.0,
        "Net Income": 5176000.0,
        "Net Income Including Noncontrolling Interests": 5176000.0,
        "Net Income Continuous Operations": 5176000.0,
        "Tax Provision": 1202000.0,
        "Pretax Income": 6378000.0,
        "Other Income Expense": -123000.0,
        "Other Non Operating Income Expenses": -115000.0,
        "Special Income Charges": -8000.0,
        "Restructuring And Mergern Acquisition": 8000.0,
        "Net Non Operating Interest Income Expense": -682000.0,
        "Total Other Finance Cost": NaN,
        "Interest Expense Non Operating": 682000.0,
        "Interest Income Non Operating": 0.0,
        "Operating Income": 7183000.0,
        "Operating Expense": 25275000.0,
        "Selling General And Administration": 25275000.0,
        "Selling And Marketing Expense": NaN,
        "General And Administrative Expense": NaN,
        "Other Gand A": NaN,
        "Gross Profit": 32458000.0,
        "Cost Of Revenue": 95012000.0,
        "Total Revenue": 127470000.0,
        "Operating Revenue": 127470000.0
    },
    "2022-03-31": {
        "Diluted EPS": 0.13,
        "Total Revenue": 110,
        "Gross Profit": 27,
        "Operating Income": 5,
        "EBIT": 8,
        "Net Income": 4
    },
    "2021-12-31": {
        "Diluted EPS": 0.11,
        "Total Revenue": 111,
        "Gross Profit": 25,
        "Operating Income": 4,
        "EBIT": 7,
        "Net Income": 3
    },
    "2021-09-30": {
        "Diluted EPS": 0.11,
        "Total Revenue": 106,
        "Gross Profit": 25,
        "Operating Income": 4,
        "EBIT": 7,
        "Net Income": 3
    },
    "2021-06-30": {
        "Diluted EPS": 0.01,
        "Total Revenue": 97,
        "Gross Profit": 23,
        "Operating Income": 1,
        "EBIT": 3,
        "Net Income": 0
    },
    "2021-03-31": {
        "Diluted EPS": 0.05,
        "Total Revenue": 72,
        "Gross Profit": 18,
        "Operating Income": 2,
        "EBIT": 4,
        "Net Income": 1
    },
    "2020-12-31": {
        "Diluted EPS": 0.08,
        "Total Revenue": 76,
        "Gross Profit": 20,
        "Operating Income": 3,
        "EBIT": 5,
        "Net Income": 2
    },
    "2020-09-30": {
        "Diluted EPS": 0.07,
        "Total Revenue": 70,
        "Gross Profit": 18,
        "Operating Income": 2,
        "EBIT": 4,
        "Net Income": 2
    },
    "2020-06-30": {
        "Diluted EPS": 0.05,
        "Total Revenue": 63,
        "Gross Profit": 16,
        "Operating Income": 2,
        "EBIT": 4,
        "Net Income": 2
    },
    "2020-03-31": {
        "Diluted EPS": 0.07,
        "Total Revenue": 71,
        "Gross Profit": 16,
        "Operating Income": 3,
        "EBIT": 5,
        "Net Income": 2
    },
    "2019-12-31": {
        "Diluted EPS": 0.07,
        "Total Revenue": 82,
        "Gross Profit": 20,
        "Operating Income": 2,
        "EBIT": 4,
        "Net Income": 2
    },
    "2019-09-30": {
        "Diluted EPS": 0.17,
        "Total Revenue": 89,
        "Gross Profit": 22,
        "Operating Income": 7,
        "EBIT": 9,
        "Net Income": 4
    },
    "2019-06-30": {
        "Diluted EPS": 0.03,
        "Total Revenue": 82,
        "Gross Profit": 17,
        "Operating Income": 0,
        "EBIT": 2,
        "Net Income": 1
    },
    "2019-03-31": {
        "Diluted EPS": -0.12,
        "Total Revenue": 73,
        "Gross Profit": 15,
        "Operating Income": -2,
        "EBIT": 0,
        "Net Income": -3
    },
    "2018-12-31": {
        "Diluted EPS": -0.61,
        "Total Revenue": 90,
        "Gross Profit": 20,
        "Operating Income": -20,
        "EBIT": 2,
        "Net Income": -16
    },
    "2018-09-30": {
        "Diluted EPS": 0.07,
        "Total Revenue": 85,
        "Gross Profit": 21,
        "Operating Income": 3,
        "EBIT": 6,
        "Net Income": 2
    },
    "2018-06-30": {
        "Diluted EPS": -0.1,
        "Total Revenue": 83,
        "Gross Profit": 20,
        "Operating Income": -2,
        "EBIT": 0,
        "Net Income": -3
    },
    "2018-03-31": {
        "Diluted EPS": 0.01,
        "Total Revenue": 79,
        "Gross Profit": 20,
        "Operating Income": 1,
        "EBIT": 3,
        "Net Income": 0
    },
    "2017-12-31": {
        "Diluted EPS": -0.06,
        "Total Revenue": 92,
        "Gross Profit": 25,
        "Operating Income": 5,
        "EBIT": 7,
        "Net Income": -1
    },
    "2017-09-30": {
        "Diluted EPS": -0.61,
        "Total Revenue": 87,
        "Gross Profit": 24,
        "Operating Income": -25,
        "EBIT": 6,
        "Net Income": -16
    },
    "2017-06-30": {
        "Diluted EPS": 0.03,
        "Total Revenue": 83,
        "Gross Profit": 21,
        "Operating Income": 0,
        "EBIT": 3,
        "Net Income": 1
    },
    "2017-03-31": {
        "Diluted EPS": -0.02,
        "Total Revenue": 78,
        "Gross Profit": 18,
        "Operating Income": -1,
        "EBIT": 2,
        "Net Income": -1
    },
    "2016-12-31": {
        "Diluted EPS": 0.08,
        "Total Revenue": 86,
        "Gross Profit": 21,
        "Operating Income": 3,
        "EBIT": 5,
        "Net Income": 2
    },
    "2016-09-30": {
        "Diluted EPS": 0.03,
        "Total Revenue": 84,
        "Gross Profit": 21,
        "Operating Income": 1,
        "EBIT": 3,
        "Net Income": 1
    },
    "2016-06-30": {
        "Diluted EPS": 0.05,
        "Total Revenue": 81,
        "Gross Profit": 20,
        "Operating Income": 2,
        "EBIT": 4,
        "Net Income": 1
    },
    "2016-03-31": {
        "Diluted EPS": 0.02,
        "Total Revenue": 71,
        "Gross Profit": 17,
        "Operating Income": 1,
        "EBIT": 2,
        "Net Income": 1
    },
    "2015-12-31": {
        "Diluted EPS": 0.15,
        "Total Revenue": 85,
        "Gross Profit": 24,
        "Operating Income": 5,
        "EBIT": 7,
        "Net Income": 4
    },
    "2015-09-30": {
        "Diluted EPS": 0.15,
        "Total Revenue": 86,
        "Gross Profit": 23,
        "Operating Income": 6,
        "EBIT": 7,
        "Net Income": 4
    },
    "2015-06-30": {
        "Diluted EPS": 0.07,
        "Total Revenue": 76,
        "Gross Profit": 19,
        "Operating Income": 2,
        "EBIT": 4,
        "Net Income": 2
    },
    "2015-03-31": {
        "Diluted EPS": 0.02,
        "Total Revenue": 69,
        "Gross Profit": 16,
        "Operating Income": 1,
        "EBIT": 2,
        "Net Income": 0
    },
    "2014-12-31": {
        "Diluted EPS": 0.06,
        "Total Revenue": 85,
        "Gross Profit": 21,
        "Operating Income": 2,
        "EBIT": 4,
        "Net Income": 2
    },
    "2014-09-30": {
        "Diluted EPS": 0.06,
        "Total Revenue": 78,
        "Gross Profit": 19,
        "Operating Income": 3,
        "EBIT": 4,
        "Net Income": 2
    },
    "2014-06-30": {
        "Diluted EPS": -0.04,
        "Total Revenue": 74,
        "Gross Profit": 16,
        "Operating Income": -1,
        "EBIT": 1,
        "Net Income": -1
    },
    "2014-03-31": {
        "Diluted EPS": -0.04,
        "Total Revenue": 69,
        "Gross Profit": 14,
        "Operating Income": -1,
        "EBIT": 1,
        "Net Income": -1
    },
    "2013-12-31": {
        "Diluted EPS": 0.04,
        "Total Revenue": 76,
        "Gross Profit": 17,
        "Operating Income": 2,
        "EBIT": 3,
        "Net Income": 1
    },
    "2013-09-30": {
        "Diluted EPS": 0.08,
        "Total Revenue": 80,
        "Gross Profit": 19,
        "Operating Income": 3,
        "EBIT": 4,
        "Net Income": 2
    },
    "2013-06-30": {
        "Diluted EPS": 0.02,
        "Total Revenue": 69,
        "Gross Profit": 15,
        "Operating Income": 1,
        "EBIT": 3,
        "Net Income": 1
    },
    "2013-03-31": {
        "Diluted EPS": -0.01,
        "Total Revenue": 66,
        "Gross Profit": 14,
        "Operating Income": -1,
        "EBIT": 2,
        "Net Income": 0
    },
    "2012-12-31": {
        "Diluted EPS": -0.1,
        "Total Revenue": 71,
        "Gross Profit": 14,
        "Operating Income": -3,
        "EBIT": 1,
        "Net Income": -2
    },
    "2012-09-30": {
        "Diluted EPS": 0.08,
        "Total Revenue": 75,
        "Gross Profit": 18,
        "Operating Income": 3,
        "EBIT": 5,
        "Net Income": 2
    },
    "2012-06-30": {
        "Diluted EPS": 0.07,
        "Total Revenue": 71,
        "Gross Profit": 17,
        "Operating Income": 3,
        "EBIT": 5,
        "Net Income": 2
    },
    "2012-03-31": {
        "Diluted EPS": -0.02,
        "Total Revenue": 63,
        "Gross Profit": 13,
        "Operating Income": 0,
        "EBIT": 2,
        "Net Income": 0
    },
    "2011-12-31": {
        "Diluted EPS": 0.03,
        "Total Revenue": 69,
        "Gross Profit": 15,
        "Operating Income": 1,
        "EBIT": 3,
        "Net Income": 1
    },
    "2011-09-30": {
        "Diluted EPS": 0.05,
        "Total Revenue": 65,
        "Gross Profit": 15,
        "Operating Income": 2,
        "EBIT": 4,
        "Net Income": 1
    },
    "2011-06-30": {
        "Diluted EPS": 0.05,
        "Total Revenue": 74,
        "Gross Profit": 17,
        "Operating Income": 3,
        "EBIT": 5,
        "Net Income": 1
    },
    "2011-03-31": {
        "Diluted EPS": 0.09,
        "Total Revenue": 65,
        "Gross Profit": 16,
        "Operating Income": 2,
        "EBIT": 4,
        "Net Income": 2
    },
    "2010-12-31": {
        "Diluted EPS": 0.12,
        "Total Revenue": 75,
        "Gross Profit": 19,
        "Operating Income": 5,
        "EBIT": 7,
        "Net Income": 3
    },
    "2010-09-30": {
        "Diluted EPS": 0.18,
        "Total Revenue": 80,
        "Gross Profit": 21,
        "Operating Income": 7,
        "EBIT": 9,
        "Net Income": 4
    },
    "2010-06-30": {
        "Diluted EPS": 0.02,
        "Total Revenue": 64,
        "Gross Profit": 14,
        "Operating Income": 0,
        "EBIT": 2,
        "Net Income": 1
    },
    "2010-03-31": {
        "Diluted EPS": -0.1,
        "Total Revenue": 53,
        "Gross Profit": 9,
        "Operating Income": -4,
        "EBIT": -2,
        "Net Income": -3
    },
    "2009-12-31": {
        "Diluted EPS": 0.07,
        "Total Revenue": 69,
        "Gross Profit": 16,
        "Operating Income": 3,
        "EBIT": 5,
        "Net Income": 2
    },
    "2009-09-30": {
        "Diluted EPS": 0.07,
        "Total Revenue": 68,
        "Gross Profit": 17,
        "Operating Income": 2,
        "EBIT": 4,
        "Net Income": 2
    },
    "2009-06-30": {
        "Diluted EPS": -0.02,
        "Total Revenue": 50,
        "Gross Profit": 12,
        "Operating Income": -1,
        "EBIT": 1,
        "Net Income": 0
    },
    "2009-03-31": {
        "Diluted EPS": -0.11,
        "Total Revenue": 47,
        "Gross Profit": 9,
        "Operating Income": -4,
        "EBIT": -1,
        "Net Income": -2
    },
    "2023-06-30": {
        "Tax Effect Of Unusual Items": NaN,
        "Tax Rate For Calcs": NaN,
        "Normalized EBITDA": NaN,
        "Total Unusual Items": NaN,
        "Total Unusual Items Excluding Goodwill": NaN,
        "Net Income From Continuing Operation Net Minority Interest": NaN,
        "Reconciled Depreciation": NaN,
        "Reconciled Cost Of Revenue": NaN,
        "EBITDA": NaN,
        "EBIT": NaN,
        "Net Interest Income": NaN,
        "Interest Expense": NaN,
        "Normalized Income": NaN,
        "Net Income From Continuing And Discontinued Operation": NaN,
        "Total Expenses": NaN,
        "Total Operating Income As Reported": NaN,
        "Diluted Average Shares": 29680000.0,
        "Basic Average Shares": 28471000.0,
        "Diluted EPS": 0.28,
        "Basic EPS": 0.3,
        "Diluted NI Availto Com Stockholders": NaN,
        "Net Income Common Stockholders": NaN,
        "Net Income": NaN,
        "Net Income Including Noncontrolling Interests": NaN,
        "Net Income Continuous Operations": NaN,
        "Tax Provision": NaN,
        "Pretax Income": NaN,
        "Other Income Expense": NaN,
        "Other Non Operating Income Expenses": NaN,
        "Special Income Charges": NaN,
        "Restructuring And Mergern Acquisition": NaN,
        "Net Non Operating Interest Income Expense": NaN,
        "Interest Expense Non Operating": NaN,
        "Operating Income": NaN,
        "Operating Expense": NaN,
        "Selling General And Administration": NaN,
        "Gross Profit": NaN,
        "Cost Of Revenue": NaN,
        "Total Revenue": NaN,
        "Operating Revenue": NaN
    },
    "2023-09-30": {
        "Tax Effect Of Unusual Items": NaN,
        "Tax Rate For Calcs": NaN,
        "Normalized EBITDA": NaN,
        "Total Unusual Items": -6000.0,
        "Total Unusual Items Excluding Goodwill": -6000.0,
        "Net Income From Continuing Operation Net Minority Interest": NaN,
        "Reconciled Depreciation": NaN,
        "Reconciled Cost Of Revenue": NaN,
        "EBITDA": NaN,
        "EBIT": NaN,
        "Net Interest Income": NaN,
        "Interest Expense": NaN,
        "Normalized Income": NaN,
        "Net Income From Continuing And Discontinued Operation": NaN,
        "Total Expenses": NaN,
        "Total Operating Income As Reported": NaN,
        "Diluted Average Shares": 29955000.0,
        "Basic Average Shares": 28757000.0,
        "Diluted EPS": 0.27,
        "Basic EPS": 0.28,
        "Diluted NI Availto Com Stockholders": NaN,
        "Net Income Common Stockholders": NaN,
        "Net Income": NaN,
        "Net Income Including Noncontrolling Interests": NaN,
        "Net Income Continuous Operations": NaN,
        "Tax Provision": NaN,
        "Pretax Income": NaN,
        "Other Income Expense": NaN,
        "Other Non Operating Income Expenses": NaN,
        "Special Income Charges": -6000.0,
        "Restructuring And Mergern Acquisition": 6000.0,
        "Net Non Operating Interest Income Expense": NaN,
        "Interest Expense Non Operating": NaN,
        "Operating Income": NaN,
        "Operating Expense": NaN,
        "Selling General And Administration": NaN,
        "Gross Profit": NaN,
        "Cost Of Revenue": NaN,
        "Total Revenue": NaN,
        "Operating Revenue": NaN
    },
    "2023-12-31": {
        "Tax Effect Of Unusual Items": 0.0,
        "Tax Rate For Calcs": 0.201352,
        "Normalized EBITDA": 10205000.0,
        "Total Unusual Items": -4000.0,
        "Total Unusual Items Excluding Goodwill": -4000.0,
        "Net Income From Continuing Operation Net Minority Interest": 5906000.0,
        "Reconciled Depreciation": 2357000.0,
        "Reconciled Cost Of Revenue": 77469000.0,
        "EBITDA": 10205000.0,
        "EBIT": 7848000.0,
        "Net Interest Income": -453000.0,
        "Interest Expense": 453000.0,
        "Normalized Income": 5906000.0,
        "Net Income From Continuing And Discontinued Operation": 5906000.0,
        "Total Expenses": 101186000.0,
        "Total Operating Income As Reported": 7819000.0,
        "Diluted Average Shares": 30043000.0,
        "Basic Average Shares": 29024000.0,
        "Diluted EPS": 0.2,
        "Basic EPS": 0.2,
        "Diluted NI Availto Com Stockholders": 5906000.0,
        "Net Income Common Stockholders": 5906000.0,
        "Net Income": 5906000.0,
        "Net Income Including Noncontrolling Interests": 5906000.0,
        "Net Income Continuous Operations": 5906000.0,
        "Tax Provision": 1489000.0,
        "Pretax Income": 7395000.0,
        "Other Income Expense": 29000.0,
        "Other Non Operating Income Expenses": 29000.0,
        "Special Income Charges": -4000.0,
        "Restructuring And Mergern Acquisition": 4000.0,
        "Net Non Operating Interest Income Expense": -453000.0,
        "Interest Expense Non Operating": 453000.0,
        "Operating Income": 7819000.0,
        "Operating Expense": 23717000.0,
        "Selling General And Administration": 23717000.0,
        "Gross Profit": 31536000.0,
        "Cost Of Revenue": 77469000.0,
        "Total Revenue": 109005000.0,
        "Operating Revenue": 109005000.0
    },
    "2024-03-31": {
        "Tax Effect Of Unusual Items": -3348.0,
        "Tax Rate For Calcs": 0.279,
        "Normalized EBITDA": 10012000.0,
        "Total Unusual Items": -12000.0,
        "Total Unusual Items Excluding Goodwill": -12000.0,
        "Net Income From Continuing Operation Net Minority Interest": 5375000.0,
        "Reconciled Depreciation": 2415000.0,
        "Reconciled Cost Of Revenue": 76976000.0,
        "EBITDA": 10000000.0,
        "EBIT": 7585000.0,
        "Net Interest Income": -134000.0,
        "Interest Expense": 134000.0,
        "Normalized Income": 5383652.0,
        "Net Income From Continuing And Discontinued Operation": 5375000.0,
        "Total Expenses": 100514000.0,
        "Total Operating Income As Reported": 7660000.0,
        "Diluted Average Shares": 30122000.0,
        "Basic Average Shares": 29163000.0,
        "Diluted EPS": 0.18,
        "Basic EPS": 0.18,
        "Diluted NI Availto Com Stockholders": 5375000.0,
        "Net Income Common Stockholders": 5375000.0,
        "Net Income": 5375000.0,
        "Net Income Including Noncontrolling Interests": 5375000.0,
        "Net Income Continuous Operations": 5375000.0,
        "Tax Provision": 2076000.0,
        "Pretax Income": 7451000.0,
        "Other Income Expense": -87000.0,
        "Other Non Operating Income Expenses": -75000.0,
        "Special Income Charges": -12000.0,
        "Restructuring And Mergern Acquisition": 12000.0,
        "Net Non Operating Interest Income Expense": -134000.0,
        "Interest Expense Non Operating": 134000.0,
        "Operating Income": 7672000.0,
        "Operating Expense": 23538000.0,
        "Selling General And Administration": 23538000.0,
        "Gross Profit": 31210000.0,
        "Cost Of Revenue": 76976000.0,
        "Total Revenue": 108186000.0,
        "Operating Revenue": 108186000.0
    },
    "2024-06-30": {
        "Tax Effect Of Unusual Items": 2250.792443,
        "Tax Rate For Calcs": 0.281349,
        "Normalized EBITDA": 11738000.0,
        "Total Unusual Items": 8000.0,
        "Total Unusual Items Excluding Goodwill": 8000.0,
        "Net Income From Continuing Operation Net Minority Interest": 5668000.0,
        "Reconciled Depreciation": 2856000.0,
        "Reconciled Cost Of Revenue": 95173000.0,
        "EBITDA": 11746000.0,
        "EBIT": 8890000.0,
        "Net Interest Income": -1003000.0,
        "Interest Expense": 1003000.0,
        "Normalized Income": 5662250.792443,
        "Net Income From Continuing And Discontinued Operation": 5668000.0,
        "Total Expenses": 120004000.0,
        "Total Operating Income As Reported": 9010000.0,
        "Diluted Average Shares": NaN,
        "Basic Average Shares": NaN,
        "Diluted EPS": NaN,
        "Basic EPS": NaN,
        "Diluted NI Availto Com Stockholders": 5668000.0,
        "Net Income Common Stockholders": 5668000.0,
        "Net Income": 5668000.0,
        "Net Income Including Noncontrolling Interests": 5668000.0,
        "Net Income Continuous Operations": 5668000.0,
        "Tax Provision": 2219000.0,
        "Pretax Income": 7887000.0,
        "Other Income Expense": -112000.0,
        "Other Non Operating Income Expenses": -120000.0,
        "Special Income Charges": 8000.0,
        "Restructuring And Mergern Acquisition": -8000.0,
        "Net Non Operating Interest Income Expense": -1003000.0,
        "Interest Expense Non Operating": 1003000.0,
        "Operating Income": 9002000.0,
        "Operating Expense": 24831000.0,
        "Selling General And Administration": 24831000.0,
        "Gross Profit": 33833000.0,
        "Cost Of Revenue": 95173000.0,
        "Total Revenue": 129006000.0,
        "Operating Revenue": 129006000.0
    },
    "2024-09-30": {
        "Tax Effect Of Unusual Items": 0.0,
        "Tax Rate For Calcs": 0.197,
        "Normalized EBITDA": 12132000.0,
        "Total Unusual Items": NaN,
        "Total Unusual Items Excluding Goodwill": NaN,
        "Net Income From Continuing Operation Net Minority Interest": 6682000.0,
        "Reconciled Depreciation": 2940000.0,
        "Reconciled Cost Of Revenue": 104448000.0,
        "EBITDA": 12132000.0,
        "EBIT": 9192000.0,
        "Net Interest Income": -875000.0,
        "Interest Expense": 875000.0,
        "Normalized Income": 6682000.0,
        "Net Income From Continuing And Discontinued Operation": 6682000.0,
        "Total Expenses": 128964000.0,
        "Total Operating Income As Reported": 9131000.0,
        "Diluted Average Shares": 30530000.0,
        "Basic Average Shares": 29593000.0,
        "Diluted EPS": 0.22,
        "Basic EPS": 0.23,
        "Diluted NI Availto Com Stockholders": 6682000.0,
        "Net Income Common Stockholders": 6682000.0,
        "Net Income": 6682000.0,
        "Net Income Including Noncontrolling Interests": 6682000.0,
        "Net Income Continuous Operations": 6682000.0,
        "Tax Provision": 1635000.0,
        "Pretax Income": 8317000.0,
        "Other Income Expense": 61000.0,
        "Other Non Operating Income Expenses": 61000.0,
        "Special Income Charges": NaN,
        "Restructuring And Mergern Acquisition": NaN,
        "Net Non Operating Interest Income Expense": -875000.0,
        "Interest Expense Non Operating": 875000.0,
        "Operating Income": 9131000.0,
        "Operating Expense": 24516000.0,
        "Selling General And Administration": 24516000.0,
        "Gross Profit": 33647000.0,
        "Cost Of Revenue": 104448000.0,
        "Total Revenue": 138095000.0,
        "Operating Revenue": 138095000.0
    },
    "2024-12-31": {
        "Tax Effect Of Unusual Items": 0.0,
        "Tax Rate For Calcs": 0.231596,
        "Normalized EBITDA": 11095000.0,
        "Total Unusual Items": NaN,
        "Total Unusual Items Excluding Goodwill": NaN,
        "Net Income From Continuing Operation Net Minority Interest": 5647000.0,
        "Reconciled Depreciation": 3018000.0,
        "Reconciled Cost Of Revenue": 112873000.0,
        "EBITDA": 11095000.0,
        "EBIT": 8077000.0,
        "Net Interest Income": -728000.0,
        "Interest Expense": 728000.0,
        "Normalized Income": 5647000.0,
        "Net Income From Continuing And Discontinued Operation": 5647000.0,
        "Total Expenses": 139275000.0,
        "Total Operating Income As Reported": 8459000.0,
        "Diluted Average Shares": 30876000.0,
        "Basic Average Shares": 29930000.0,
        "Diluted EPS": 0.18,
        "Basic EPS": 0.19,
        "Diluted NI Availto Com Stockholders": 5647000.0,
        "Net Income Common Stockholders": 5647000.0,
        "Net Income": 5647000.0,
        "Net Income Including Noncontrolling Interests": 5647000.0,
        "Net Income Continuous Operations": 5647000.0,
        "Tax Provision": 1702000.0,
        "Pretax Income": 7349000.0,
        "Other Income Expense": -382000.0,
        "Other Non Operating Income Expenses": -382000.0,
        "Special Income Charges": NaN,
        "Restructuring And Mergern Acquisition": NaN,
        "Net Non Operating Interest Income Expense": -728000.0,
        "Interest Expense Non Operating": 728000.0,
        "Operating Income": 8459000.0,
        "Operating Expense": 26402000.0,
        "Selling General And Administration": 26402000.0,
        "Gross Profit": 34861000.0,
        "Cost Of Revenue": 112873000.0,
        "Total Revenue": 147734000.0,
        "Operating Revenue": 147734000.0
    }
}