{
    "2023-03-31": {
        "Tax Effect Of Unusual Items": NaN,
        "Tax Rate For Calcs": NaN,
        "Normalized EBITDA": NaN,
        "Total Unusual Items": NaN,
        "Total Unusual Items Excluding Goodwill": NaN,
        "Net Income From Continuing Operation Net Minority Interest": NaN,
        "Reconciled Depreciation": NaN,
        "EBITDA": NaN,
        "EBIT": NaN,
        "Net Interest Income": NaN,
        "Interest Expense": NaN,
        "Interest Income": NaN,
        "Normalized Income": NaN,
        "Net Income From Continuing And Discontinued Operation": NaN,
        "Total Expenses": NaN,
        "Total Operating Income As Reported": NaN,
        "Diluted Average Shares": NaN,
        "Basic Average Shares": NaN,
        "Diluted EPS": NaN,
        "Basic EPS": NaN,
        "Diluted NI Availto Com Stockholders": NaN,
        "Net Income Common Stockholders": NaN,
        "Net Income": NaN,
        "Net Income Including Noncontrolling Interests": NaN,
        "Net Income Continuous Operations": NaN,
        "Tax Provision": NaN,
        "Pretax Income": NaN,
        "Other Income Expense": NaN,
        "Special Income Charges": NaN,
        "Gain On Sale Of Ppe": NaN,
        "Other Special Charges": NaN,
        "Gain On Sale Of Security": NaN,
        "Net Non Operating Interest Income Expense": NaN,
        "Total Other Finance Cost": NaN,
        "Interest Expense Non Operating": NaN,
        "Interest Income Non Operating": NaN,
        "Operating Income": NaN,
        "Operating Expense": NaN,
        "Other Operating Expenses": NaN,
        "Depreciation Amortization Depletion Income Statement": NaN,
        "Depreciation And Amortization In Income Statement": NaN,
        "Amortization": NaN,
        "Amortization Of Intangibles Income Statement": NaN,
        "Depreciation Income Statement": NaN,
        "Selling General And Administration": NaN,
        "Selling And Marketing Expense": 6060000.0,
        "General And Administrative Expense": NaN,
        "Other Gand A": 6060000.0,
        "Salaries And Wages": NaN,
        "Total Revenue": NaN,
        "Operating Revenue": NaN
    },
    "2022-12-31": {
        "Tax Effect Of Unusual Items": NaN,
        "Tax Rate For Calcs": NaN,
        "Normalized EBITDA": NaN,
        "Total Unusual Items": NaN,
        "Total Unusual Items Excluding Goodwill": NaN,
        "Net Income From Continuing Operation Net Minority Interest": NaN,
        "Reconciled Depreciation": NaN,
        "EBITDA": NaN,
        "EBIT": NaN,
        "Net Interest Income": NaN,
        "Interest Expense": NaN,
        "Interest Income": NaN,
        "Normalized Income": NaN,
        "Net Income From Continuing And Discontinued Operation": NaN,
        "Total Expenses": NaN,
        "Total Operating Income As Reported": NaN,
        "Diluted Average Shares": NaN,
        "Basic Average Shares": NaN,
        "Diluted EPS": NaN,
        "Basic EPS": NaN,
        "Diluted NI Availto Com Stockholders": NaN,
        "Net Income Common Stockholders": NaN,
        "Net Income": NaN,
        "Net Income Including Noncontrolling Interests": NaN,
        "Net Income Continuous Operations": NaN,
        "Tax Provision": NaN,
        "Pretax Income": NaN,
        "Other Income Expense": NaN,
        "Special Income Charges": NaN,
        "Gain On Sale Of Ppe": NaN,
        "Other Special Charges": NaN,
        "Gain On Sale Of Security": 22611000.0,
        "Net Non Operating Interest Income Expense": NaN,
        "Total Other Finance Cost": 188000.0,
        "Interest Expense Non Operating": NaN,
        "Interest Income Non Operating": NaN,
        "Operating Income": NaN,
        "Operating Expense": NaN,
        "Other Operating Expenses": 37397000.0,
        "Depreciation Amortization Depletion Income Statement": 48580000.0,
        "Depreciation And Amortization In Income Statement": 48580000.0,
        "Amortization": 44971000.0,
        "Amortization Of Intangibles Income Statement": 44971000.0,
        "Depreciation Income Statement": 3609000.0,
        "Selling General And Administration": 81663000.0,
        "Selling And Marketing Expense": 4353000.0,
        "General And Administrative Expense": 77310000.0,
        "Other Gand A": NaN,
        "Salaries And Wages": 77310000.0,
        "Total Revenue": NaN,
        "Operating Revenue": NaN
    },
    "2022-09-30": {
        "Tax Effect Of Unusual Items": -1383647.657841,
        "Tax Rate For Calcs": 0.228513,
        "Normalized EBITDA": 23580000.0,
        "Total Unusual Items": -6055000.0,
        "Total Unusual Items Excluding Goodwill": -6055000.0,
        "Net Income From Continuing Operation Net Minority Interest": -26516000.0,
        "Reconciled Depreciation": 43617000.0,
        "EBITDA": 17525000.0,
        "EBIT": -26092000.0,
        "Net Interest Income": -8325000.0,
        "Interest Expense": 8278000.0,
        "Interest Income": 130000.0,
        "Normalized Income": -21844647.657841,
        "Net Income From Continuing And Discontinued Operation": -26516000.0,
        "Total Expenses": 163644000.0,
        "Total Operating Income As Reported": -3382000.0,
        "Diluted Average Shares": 163062000.0,
        "Basic Average Shares": 163062000.0,
        "Diluted EPS": -0.1626,
        "Basic EPS": -0.1626,
        "Diluted NI Availto Com Stockholders": -26516000.0,
        "Net Income Common Stockholders": -26516000.0,
        "Net Income": -26516000.0,
        "Net Income Including Noncontrolling Interests": -26516000.0,
        "Net Income Continuous Operations": -26516000.0,
        "Tax Provision": -7854000.0,
        "Pretax Income": -34370000.0,
        "Other Income Expense": -6055000.0,
        "Special Income Charges": 16608000.0,
        "Gain On Sale Of Ppe": 16608000.0,
        "Gain On Sale Of Security": -22663000.0,
        "Net Non Operating Interest Income Expense": -8325000.0,
        "Total Other Finance Cost": 177000.0,
        "Interest Expense Non Operating": 8278000.0,
        "Interest Income Non Operating": 130000.0,
        "Operating Income": -19990000.0,
        "Operating Expense": 163644000.0,
        "Other Operating Expenses": 37771000.0,
        "Depreciation Amortization Depletion Income Statement": 43617000.0,
        "Depreciation And Amortization In Income Statement": 43617000.0,
        "Amortization": 40139000.0,
        "Amortization Of Intangibles Income Statement": 40139000.0,
        "Depreciation Income Statement": 3478000.0,
        "Selling General And Administration": 82256000.0,
        "General And Administrative Expense": 82256000.0,
        "Other Gand A": NaN,
        "Salaries And Wages": 82256000.0,
        "Total Revenue": 143654000.0,
        "Operating Revenue": 143654000.0
    },
    "2022-06-30": {
        "Tax Effect Of Unusual Items": 926907.772224,
        "Tax Rate For Calcs": 0.228528,
        "Normalized EBITDA": -8076000.0,
        "Total Unusual Items": 4056000.0,
        "Total Unusual Items Excluding Goodwill": 4056000.0,
        "Net Income From Continuing Operation Net Minority Interest": -70842000.0,
        "Reconciled Depreciation": 41754000.0,
        "EBITDA": -4020000.0,
        "EBIT": -45774000.0,
        "Net Interest Income": -31005000.0,
        "Interest Expense": 46053000.0,
        "Interest Income": 15048000.0,
        "Normalized Income": -73971092.227776,
        "Net Income From Continuing And Discontinued Operation": -70842000.0,
        "Total Expenses": 183330000.0,
        "Total Operating Income As Reported": -60822000.0,
        "Diluted Average Shares": 163004000.0,
        "Basic Average Shares": 163004000.0,
        "Diluted EPS": -0.4346,
        "Basic EPS": -0.4346,
        "Diluted NI Availto Com Stockholders": -70842000.0,
        "Net Income Common Stockholders": -70842000.0,
        "Net Income": -70842000.0,
        "Net Income Including Noncontrolling Interests": -70842000.0,
        "Net Income Continuous Operations": -70842000.0,
        "Tax Provision": -20985000.0,
        "Pretax Income": -91827000.0,
        "Other Income Expense": 4056000.0,
        "Special Income Charges": 4056000.0,
        "Gain On Sale Of Ppe": 4056000.0,
        "Other Special Charges": 14700000.0,
        "Gain On Sale Of Security": -22956000.0,
        "Net Non Operating Interest Income Expense": -31005000.0,
        "Total Other Finance Cost": 185000.0,
        "Interest Expense Non Operating": 46053000.0,
        "Interest Income Non Operating": 15048000.0,
        "Operating Income": -64878000.0,
        "Operating Expense": 183330000.0,
        "Other Operating Expenses": 12187000.0,
        "Depreciation Amortization Depletion Income Statement": 41754000.0,
        "Depreciation And Amortization In Income Statement": 41754000.0,
        "Amortization": 38231000.0,
        "Amortization Of Intangibles Income Statement": 38231000.0,
        "Depreciation Income Statement": 3523000.0,
        "Selling General And Administration": 114639000.0,
        "General And Administrative Expense": 114639000.0,
        "Other Gand A": NaN,
        "Salaries And Wages": 96117000.0,
        "Total Revenue": 118452000.0,
        "Operating Revenue": 118452000.0
    },
    "2022-03-31": {
        "Diluted EPS": -0.23,
        "Total Revenue": 205,
        "Gross Profit": 205,
        "Operating Income": -29,
        "EBIT": 4,
        "Net Income": -37
    },
    "2021-12-31": {
        "Diluted EPS": -0.01,
        "Total Revenue": 250,
        "Gross Profit": 250,
        "Operating Income": 7,
        "EBIT": 63,
        "Net Income": -2
    },
    "2021-09-30": {
        "Diluted EPS": -0.13,
        "Total Revenue": 174,
        "Gross Profit": 174,
        "Operating Income": -14,
        "EBIT": 40,
        "Net Income": -21
    },
    "2021-06-30": {
        "Diluted EPS": -0.89,
        "Total Revenue": 133,
        "Gross Profit": 133,
        "Operating Income": -49,
        "EBIT": -17,
        "Net Income": -144
    },
    "2021-03-31": {
        "Diluted EPS": -0.15,
        "Total Revenue": 163,
        "Gross Profit": 163,
        "Operating Income": -30,
        "EBIT": 22,
        "Net Income": -25
    },
    "2020-12-31": {
        "Diluted EPS": 0.52,
        "Total Revenue": 228,
        "Gross Profit": 228,
        "Operating Income": 64,
        "EBIT": 113,
        "Net Income": 84
    },
    "2020-09-30": {
        "Diluted EPS": -0.24,
        "Total Revenue": 141,
        "Gross Profit": 141,
        "Operating Income": -35,
        "EBIT": 11,
        "Net Income": -39
    },
    "2020-06-30": {
        "Diluted EPS": -0.28,
        "Total Revenue": 99,
        "Gross Profit": 99,
        "Operating Income": -50,
        "EBIT": -31,
        "Net Income": -47
    },
    "2020-03-31": {
        "Diluted EPS": -0.18,
        "Total Revenue": 158,
        "Gross Profit": 158,
        "Operating Income": -4,
        "EBIT": 41,
        "Net Income": -29
    },
    "2019-12-31": {
        "Diluted EPS": 0.27,
        "Total Revenue": 217,
        "Gross Profit": 217,
        "Operating Income": 47,
        "EBIT": 109,
        "Net Income": 45
    },
    "2019-09-30": {
        "Diluted EPS": 0.01,
        "Total Revenue": 167,
        "Gross Profit": 167,
        "Operating Income": 14,
        "EBIT": 43,
        "Net Income": 1
    },
    "2019-06-30": {
        "Diluted EPS": -0.17,
        "Total Revenue": 169,
        "Gross Profit": 169,
        "Operating Income": -40,
        "EBIT": -31,
        "Net Income": -29
    },
    "2019-03-31": {
        "Diluted EPS": 0.06,
        "Total Revenue": 198,
        "Gross Profit": 198,
        "Operating Income": 19,
        "EBIT": 63,
        "Net Income": 10
    },
    "2018-12-31": {
        "Diluted EPS": 0.21,
        "Total Revenue": 268,
        "Gross Profit": 268,
        "Operating Income": 68,
        "EBIT": 114,
        "Net Income": 34
    },
    "2018-09-30": {
        "Diluted EPS": 0.05,
        "Total Revenue": 176,
        "Gross Profit": 176,
        "Operating Income": 18,
        "EBIT": 68,
        "Net Income": 9
    },
    "2018-06-30": {
        "Diluted EPS": -0.14,
        "Total Revenue": 201,
        "Gross Profit": 201,
        "Operating Income": 5,
        "EBIT": 128,
        "Net Income": -22
    },
    "2018-03-31": {
        "Diluted EPS": 0.0,
        "Total Revenue": 191,
        "Gross Profit": 191,
        "Operating Income": -3,
        "EBIT": -30,
        "Net Income": 0
    },
    "2017-12-31": {
        "Diluted EPS": -0.24,
        "Total Revenue": 218,
        "Gross Profit": 218,
        "Operating Income": 38,
        "EBIT": 68,
        "Net Income": -39
    },
    "2017-09-30": {
        "Diluted EPS": 0.06,
        "Total Revenue": 185,
        "Gross Profit": 185,
        "Operating Income": 20,
        "EBIT": 71,
        "Net Income": 10
    },
    "2017-06-30": {
        "Diluted EPS": 0.19,
        "Total Revenue": 225,
        "Gross Profit": 225,
        "Operating Income": 53,
        "EBIT": 92,
        "Net Income": 31
    },
    "2017-03-31": {
        "Diluted EPS": -0.03,
        "Total Revenue": 158,
        "Gross Profit": 158,
        "Operating Income": -5,
        "EBIT": 37,
        "Net Income": -5
    },
    "2016-12-31": {
        "Diluted EPS": 0.13,
        "Total Revenue": 196,
        "Gross Profit": 196,
        "Operating Income": 47,
        "EBIT": 90,
        "Net Income": 22
    },
    "2016-09-30": {
        "Diluted EPS": 0.01,
        "Total Revenue": 158,
        "Gross Profit": 158,
        "Operating Income": 8,
        "EBIT": 41,
        "Net Income": 2
    },
    "2016-06-30": {
        "Diluted EPS": -0.01,
        "Total Revenue": 196,
        "Gross Profit": 196,
        "Operating Income": -6,
        "EBIT": 44,
        "Net Income": -1
    },
    "2016-03-31": {
        "Diluted EPS": 0.12,
        "Total Revenue": 177,
        "Gross Profit": 177,
        "Operating Income": 33,
        "EBIT": 60,
        "Net Income": 20
    },
    "2015-12-31": {
        "Diluted EPS": 0.17,
        "Total Revenue": 203,
        "Gross Profit": 203,
        "Operating Income": 49,
        "EBIT": 96,
        "Net Income": 28
    },
    "2015-09-30": {
        "Diluted EPS": 0.05,
        "Total Revenue": 192,
        "Gross Profit": 192,
        "Operating Income": 26,
        "EBIT": 64,
        "Net Income": 8
    },
    "2015-06-30": {
        "Diluted EPS": -0.07,
        "Total Revenue": 162,
        "Gross Profit": 162,
        "Operating Income": 3,
        "EBIT": 139,
        "Net Income": -11
    },
    "2015-03-31": {
        "Diluted EPS": -0.03,
        "Total Revenue": 149,
        "Gross Profit": 149,
        "Operating Income": 37,
        "EBIT": 37,
        "Net Income": -5
    },
    "2014-12-31": {
        "Diluted EPS": 0.0,
        "Total Revenue": 161,
        "Gross Profit": 161,
        "Operating Income": 14,
        "EBIT": 14,
        "Net Income": 0
    },
    "2014-09-30": {
        "Diluted EPS": 0.09,
        "Total Revenue": 141,
        "Gross Profit": 141,
        "Operating Income": -14,
        "EBIT": -14,
        "Net Income": 14
    },
    "2014-06-30": {
        "Diluted EPS": -0.06,
        "Total Revenue": 155,
        "Gross Profit": 155,
        "Operating Income": -17,
        "EBIT": -14,
        "Net Income": -9
    },
    "2014-03-31": {
        "Diluted EPS": 0.11,
        "Total Revenue": 194,
        "Gross Profit": 194,
        "Operating Income": 43,
        "EBIT": 53,
        "Net Income": 18
    },
    "2013-12-31": {
        "Diluted EPS": 0.19,
        "Total Revenue": 202,
        "Gross Profit": 202,
        "Operating Income": 60,
        "EBIT": 38,
        "Net Income": 31
    },
    "2013-09-30": {
        "Diluted EPS": 0.0,
        "Total Revenue": 157,
        "Gross Profit": 157,
        "Operating Income": 17,
        "EBIT": 39,
        "Net Income": 0
    },
    "2013-06-30": {
        "Diluted EPS": 1.04,
        "Total Revenue": 136,
        "Gross Profit": 136,
        "Operating Income": 8,
        "EBIT": 66,
        "Net Income": 169
    },
    "2013-03-31": {
        "Diluted EPS": 0.03,
        "Total Revenue": 143,
        "Gross Profit": 143,
        "Operating Income": 20,
        "EBIT": 33,
        "Net Income": 6
    },
    "2012-12-31": {
        "Diluted EPS": 0.15,
        "Total Revenue": 171,
        "Gross Profit": 171,
        "Operating Income": 53,
        "EBIT": 56,
        "Net Income": 25
    },
    "2012-09-30": {
        "Diluted EPS": 0.21,
        "Total Revenue": 121,
        "Gross Profit": 121,
        "Operating Income": 3,
        "EBIT": 6,
        "Net Income": 32
    },
    "2012-06-30": {
        "Diluted EPS": -0.16,
        "Total Revenue": 121,
        "Gross Profit": 121,
        "Operating Income": 121,
        "EBIT": 121,
        "Net Income": -24
    },
    "2012-03-31": {
        "Diluted EPS": 0.01,
        "Total Revenue": 111,
        "Gross Profit": 111,
        "Operating Income": 111,
        "EBIT": 111,
        "Net Income": 2
    },
    "2011-12-31": {
        "Diluted EPS": 0.43,
        "Total Revenue": 163,
        "Gross Profit": 163,
        "Operating Income": 163,
        "EBIT": 163,
        "Net Income": 67
    },
    "2011-09-30": {
        "Diluted EPS": -0.04,
        "Total Revenue": 92,
        "Gross Profit": 92,
        "Operating Income": 92,
        "EBIT": 92,
        "Net Income": -6
    },
    "2011-06-30": {
        "Diluted EPS": 0.0,
        "Total Revenue": 144,
        "Gross Profit": 144,
        "Operating Income": 144,
        "EBIT": 144,
        "Net Income": -1
    },
    "2023-06-30": {
        "Tax Effect Of Unusual Items": NaN,
        "Tax Rate For Calcs": NaN,
        "Normalized EBITDA": NaN,
        "Total Unusual Items": NaN,
        "Total Unusual Items Excluding Goodwill": NaN,
        "Net Income From Continuing Operation Net Minority Interest": NaN,
        "Reconciled Depreciation": NaN,
        "EBITDA": NaN,
        "EBIT": NaN,
        "Net Interest Income": NaN,
        "Interest Expense": NaN,
        "Interest Income": NaN,
        "Normalized Income": NaN,
        "Net Income From Continuing And Discontinued Operation": NaN,
        "Total Expenses": NaN,
        "Total Operating Income As Reported": NaN,
        "Diluted Average Shares": NaN,
        "Basic Average Shares": NaN,
        "Diluted EPS": NaN,
        "Basic EPS": NaN,
        "Diluted NI Availto Com Stockholders": NaN,
        "Net Income Common Stockholders": NaN,
        "Net Income": NaN,
        "Net Income Including Noncontrolling Interests": NaN,
        "Net Income Continuous Operations": NaN,
        "Tax Provision": NaN,
        "Pretax Income": NaN,
        "Other Income Expense": NaN,
        "Special Income Charges": NaN,
        "Gain On Sale Of Ppe": NaN,
        "Other Special Charges": NaN,
        "Restructuring And Mergern Acquisition": NaN,
        "Gain On Sale Of Security": NaN,
        "Net Non Operating Interest Income Expense": NaN,
        "Total Other Finance Cost": NaN,
        "Interest Expense Non Operating": NaN,
        "Interest Income Non Operating": NaN,
        "Operating Income": NaN,
        "Operating Expense": NaN,
        "Other Operating Expenses": NaN,
        "Depreciation Amortization Depletion Income Statement": NaN,
        "Depreciation And Amortization In Income Statement": NaN,
        "Amortization": NaN,
        "Amortization Of Intangibles Income Statement": NaN,
        "Depreciation Income Statement": NaN,
        "Selling General And Administration": NaN,
        "Selling And Marketing Expense": 4958000.0,
        "General And Administrative Expense": NaN,
        "Other Gand A": 23916000.0,
        "Salaries And Wages": NaN,
        "Total Revenue": NaN,
        "Operating Revenue": NaN
    },
    "2023-09-30": {
        "Tax Effect Of Unusual Items": NaN,
        "Tax Rate For Calcs": NaN,
        "Normalized EBITDA": NaN,
        "Total Unusual Items": NaN,
        "Total Unusual Items Excluding Goodwill": NaN,
        "Net Income From Continuing Operation Net Minority Interest": NaN,
        "Reconciled Depreciation": NaN,
        "EBITDA": NaN,
        "EBIT": NaN,
        "Net Interest Income": NaN,
        "Interest Expense": NaN,
        "Interest Income": NaN,
        "Normalized Income": NaN,
        "Net Income From Continuing And Discontinued Operation": NaN,
        "Total Expenses": NaN,
        "Total Operating Income As Reported": NaN,
        "Diluted Average Shares": NaN,
        "Basic Average Shares": NaN,
        "Diluted EPS": NaN,
        "Basic EPS": NaN,
        "Diluted NI Availto Com Stockholders": NaN,
        "Net Income Common Stockholders": NaN,
        "Net Income": NaN,
        "Net Income Including Noncontrolling Interests": NaN,
        "Net Income Continuous Operations": NaN,
        "Tax Provision": NaN,
        "Pretax Income": NaN,
        "Other Income Expense": NaN,
        "Special Income Charges": NaN,
        "Gain On Sale Of Ppe": NaN,
        "Other Special Charges": NaN,
        "Restructuring And Mergern Acquisition": 0.0,
        "Gain On Sale Of Security": NaN,
        "Net Non Operating Interest Income Expense": NaN,
        "Total Other Finance Cost": NaN,
        "Interest Expense Non Operating": NaN,
        "Interest Income Non Operating": NaN,
        "Operating Income": NaN,
        "Operating Expense": NaN,
        "Other Operating Expenses": NaN,
        "Depreciation Amortization Depletion Income Statement": NaN,
        "Depreciation And Amortization In Income Statement": NaN,
        "Amortization": NaN,
        "Amortization Of Intangibles Income Statement": NaN,
        "Depreciation Income Statement": NaN,
        "Selling General And Administration": NaN,
        "Selling And Marketing Expense": NaN,
        "General And Administrative Expense": NaN,
        "Salaries And Wages": NaN,
        "Total Revenue": NaN,
        "Operating Revenue": NaN
    },
    "2023-12-31": {
        "Tax Effect Of Unusual Items": NaN,
        "Tax Rate For Calcs": NaN,
        "Normalized EBITDA": NaN,
        "Total Unusual Items": NaN,
        "Total Unusual Items Excluding Goodwill": NaN,
        "Net Income From Continuing Operation Net Minority Interest": NaN,
        "Reconciled Depreciation": NaN,
        "EBITDA": NaN,
        "EBIT": NaN,
        "Net Interest Income": NaN,
        "Interest Expense": NaN,
        "Interest Income": NaN,
        "Normalized Income": NaN,
        "Net Income From Continuing And Discontinued Operation": NaN,
        "Total Expenses": NaN,
        "Total Operating Income As Reported": NaN,
        "Diluted Average Shares": NaN,
        "Basic Average Shares": NaN,
        "Diluted EPS": NaN,
        "Basic EPS": NaN,
        "Diluted NI Availto Com Stockholders": NaN,
        "Net Income Common Stockholders": NaN,
        "Net Income": NaN,
        "Net Income Including Noncontrolling Interests": NaN,
        "Net Income Continuous Operations": NaN,
        "Tax Provision": NaN,
        "Pretax Income": NaN,
        "Other Income Expense": NaN,
        "Special Income Charges": NaN,
        "Gain On Sale Of Ppe": NaN,
        "Other Special Charges": 9595000.0,
        "Restructuring And Mergern Acquisition": NaN,
        "Gain On Sale Of Security": NaN,
        "Net Non Operating Interest Income Expense": NaN,
        "Total Other Finance Cost": NaN,
        "Interest Expense Non Operating": NaN,
        "Interest Income Non Operating": NaN,
        "Operating Income": NaN,
        "Operating Expense": NaN,
        "Other Operating Expenses": NaN,
        "Depreciation Amortization Depletion Income Statement": NaN,
        "Depreciation And Amortization In Income Statement": NaN,
        "Amortization": NaN,
        "Amortization Of Intangibles Income Statement": NaN,
        "Depreciation Income Statement": NaN,
        "Selling General And Administration": NaN,
        "Selling And Marketing Expense": 6186000.0,
        "General And Administrative Expense": NaN,
        "Salaries And Wages": NaN,
        "Total Revenue": NaN,
        "Operating Revenue": NaN
    },
    "2024-03-31": {
        "Tax Effect Of Unusual Items": NaN,
        "Tax Rate For Calcs": NaN,
        "Normalized EBITDA": NaN,
        "Total Unusual Items": NaN,
        "Total Unusual Items Excluding Goodwill": NaN,
        "Net Income From Continuing Operation Net Minority Interest": NaN,
        "Reconciled Depreciation": NaN,
        "EBITDA": NaN,
        "EBIT": NaN,
        "Net Interest Income": NaN,
        "Interest Expense": NaN,
        "Interest Income": NaN,
        "Normalized Income": NaN,
        "Net Income From Continuing And Discontinued Operation": NaN,
        "Total Expenses": NaN,
        "Total Operating Income As Reported": NaN,
        "Diluted Average Shares": NaN,
        "Basic Average Shares": NaN,
        "Diluted EPS": NaN,
        "Basic EPS": NaN,
        "Diluted NI Availto Com Stockholders": NaN,
        "Net Income Common Stockholders": NaN,
        "Net Income": NaN,
        "Net Income Including Noncontrolling Interests": NaN,
        "Net Income Continuous Operations": NaN,
        "Tax Provision": NaN,
        "Pretax Income": NaN,
        "Other Income Expense": NaN,
        "Special Income Charges": NaN,
        "Gain On Sale Of Ppe": NaN,
        "Other Special Charges": 30340000.0,
        "Restructuring And Mergern Acquisition": 0.0,
        "Gain On Sale Of Security": NaN,
        "Net Non Operating Interest Income Expense": NaN,
        "Total Other Finance Cost": NaN,
        "Interest Expense Non Operating": NaN,
        "Interest Income Non Operating": NaN,
        "Operating Income": NaN,
        "Operating Expense": NaN,
        "Other Operating Expenses": NaN,
        "Depreciation Amortization Depletion Income Statement": NaN,
        "Depreciation And Amortization In Income Statement": NaN,
        "Amortization": NaN,
        "Amortization Of Intangibles Income Statement": NaN,
        "Depreciation Income Statement": NaN,
        "Selling General And Administration": NaN,
        "Selling And Marketing Expense": 5244000.0,
        "General And Administrative Expense": NaN,
        "Salaries And Wages": NaN,
        "Total Revenue": NaN,
        "Operating Revenue": NaN
    },
    "2024-06-30": {
        "Tax Effect Of Unusual Items": NaN,
        "Tax Rate For Calcs": NaN,
        "Normalized EBITDA": NaN,
        "Total Unusual Items": NaN,
        "Total Unusual Items Excluding Goodwill": NaN,
        "Net Income From Continuing Operation Net Minority Interest": NaN,
        "Reconciled Depreciation": NaN,
        "EBITDA": NaN,
        "EBIT": NaN,
        "Net Interest Income": NaN,
        "Interest Expense": NaN,
        "Interest Income": NaN,
        "Normalized Income": NaN,
        "Net Income From Continuing And Discontinued Operation": NaN,
        "Total Expenses": NaN,
        "Total Operating Income As Reported": NaN,
        "Diluted Average Shares": NaN,
        "Basic Average Shares": NaN,
        "Diluted EPS": NaN,
        "Basic EPS": NaN,
        "Diluted NI Availto Com Stockholders": NaN,
        "Net Income Common Stockholders": NaN,
        "Net Income": NaN,
        "Net Income Including Noncontrolling Interests": NaN,
        "Net Income Continuous Operations": NaN,
        "Tax Provision": NaN,
        "Pretax Income": NaN,
        "Other Income Expense": NaN,
        "Special Income Charges": NaN,
        "Gain On Sale Of Ppe": NaN,
        "Other Special Charges": 7843000.0,
        "Restructuring And Mergern Acquisition": NaN,
        "Gain On Sale Of Security": -14000.0,
        "Net Non Operating Interest Income Expense": NaN,
        "Total Other Finance Cost": 424000.0,
        "Interest Expense Non Operating": NaN,
        "Interest Income Non Operating": NaN,
        "Operating Income": NaN,
        "Operating Expense": NaN,
        "Other Operating Expenses": 12046000.0,
        "Depreciation Amortization Depletion Income Statement": 50648000.0,
        "Depreciation And Amortization In Income Statement": 50648000.0,
        "Amortization": 46521000.0,
        "Amortization Of Intangibles Income Statement": 46521000.0,
        "Depreciation Income Statement": 4127000.0,
        "Selling General And Administration": 108797000.0,
        "Selling And Marketing Expense": 3781000.0,
        "General And Administrative Expense": 105016000.0,
        "Salaries And Wages": 88169000.0,
        "Total Revenue": NaN,
        "Operating Revenue": NaN
    },
    "2024-09-30": {
        "Tax Effect Of Unusual Items": 6529513.513514,
        "Tax Rate For Calcs": 0.183661,
        "Normalized EBITDA": 43378000.0,
        "Total Unusual Items": 35552000.0,
        "Total Unusual Items Excluding Goodwill": 35552000.0,
        "Net Income From Continuing Operation Net Minority Interest": 1329000.0,
        "Reconciled Depreciation": 57526000.0,
        "EBITDA": 78930000.0,
        "EBIT": 21404000.0,
        "Net Interest Income": 8596000.0,
        "Interest Expense": 19776000.0,
        "Interest Income": 28372000.0,
        "Normalized Income": -27693486.486486,
        "Net Income From Continuing And Discontinued Operation": 1329000.0,
        "Total Expenses": 185585000.0,
        "Total Operating Income As Reported": -6968000.0,
        "Diluted Average Shares": 169318000.0,
        "Basic Average Shares": 169318000.0,
        "Diluted EPS": 0.0078,
        "Basic EPS": 0.0078,
        "Diluted NI Availto Com Stockholders": 1329000.0,
        "Net Income Common Stockholders": 1329000.0,
        "Net Income": 1329000.0,
        "Net Income Including Noncontrolling Interests": 1329000.0,
        "Net Income Continuous Operations": 1329000.0,
        "Tax Provision": 299000.0,
        "Pretax Income": 1628000.0,
        "Other Income Expense": 35552000.0,
        "Special Income Charges": 35552000.0,
        "Gain On Sale Of Ppe": 35552000.0,
        "Other Special Charges": NaN,
        "Restructuring And Mergern Acquisition": 8638000.0,
        "Gain On Sale Of Security": 21417000.0,
        "Net Non Operating Interest Income Expense": 8596000.0,
        "Total Other Finance Cost": 183000.0,
        "Interest Expense Non Operating": 19776000.0,
        "Interest Income Non Operating": 28372000.0,
        "Operating Income": -42520000.0,
        "Operating Expense": 185585000.0,
        "Other Operating Expenses": 39180000.0,
        "Depreciation Amortization Depletion Income Statement": 57526000.0,
        "Depreciation And Amortization In Income Statement": 57526000.0,
        "Amortization": 53270000.0,
        "Amortization Of Intangibles Income Statement": 53270000.0,
        "Depreciation Income Statement": 4256000.0,
        "Selling General And Administration": 80241000.0,
        "Selling And Marketing Expense": NaN,
        "General And Administrative Expense": 80241000.0,
        "Salaries And Wages": 80241000.0,
        "Total Revenue": 143065000.0,
        "Operating Revenue": 143065000.0
    },
    "2024-12-31": {
        "Tax Effect Of Unusual Items": -7139273.633282,
        "Tax Rate For Calcs": 0.196193,
        "Normalized EBITDA": 70651000.0,
        "Total Unusual Items": -36389000.0,
        "Total Unusual Items Excluding Goodwill": -36389000.0,
        "Net Income From Continuing Operation Net Minority Interest": -27745000.0,
        "Reconciled Depreciation": 53716000.0,
        "EBITDA": 34262000.0,
        "EBIT": -19454000.0,
        "Net Interest Income": -14872000.0,
        "Interest Expense": 15063000.0,
        "Interest Income": 696000.0,
        "Normalized Income": 1504726.366718,
        "Net Income From Continuing And Discontinued Operation": -27745000.0,
        "Total Expenses": 181956000.0,
        "Total Operating Income As Reported": 3046000.0,
        "Diluted Average Shares": 169746000.0,
        "Basic Average Shares": 169746000.0,
        "Diluted EPS": -0.1635,
        "Basic EPS": -0.1635,
        "Diluted NI Availto Com Stockholders": -27745000.0,
        "Net Income Common Stockholders": -27745000.0,
        "Net Income": -27745000.0,
        "Net Income Including Noncontrolling Interests": -27745000.0,
        "Net Income Continuous Operations": -27745000.0,
        "Tax Provision": -6772000.0,
        "Pretax Income": -34517000.0,
        "Other Income Expense": -36389000.0,
        "Special Income Charges": -13698000.0,
        "Gain On Sale Of Ppe": 839000.0,
        "Other Special Charges": 14537000.0,
        "Restructuring And Mergern Acquisition": NaN,
        "Gain On Sale Of Security": -22691000.0,
        "Net Non Operating Interest Income Expense": -14872000.0,
        "Total Other Finance Cost": 505000.0,
        "Interest Expense Non Operating": 15063000.0,
        "Interest Income Non Operating": 696000.0,
        "Operating Income": 16744000.0,
        "Operating Expense": 181956000.0,
        "Other Operating Expenses": 29812000.0,
        "Depreciation Amortization Depletion Income Statement": 53716000.0,
        "Depreciation And Amortization In Income Statement": 53716000.0,
        "Amortization": 49423000.0,
        "Amortization Of Intangibles Income Statement": 49423000.0,
        "Depreciation Income Statement": 4293000.0,
        "Selling General And Administration": 98428000.0,
        "Selling And Marketing Expense": 15937000.0,
        "General And Administrative Expense": 82491000.0,
        "Salaries And Wages": 82491000.0,
        "Total Revenue": 198700000.0,
        "Operating Revenue": 198700000.0
    },
    "2025-03-31": {
        "Tax Effect Of Unusual Items": 932257.441937,
        "Tax Rate For Calcs": 0.11351,
        "Normalized EBITDA": 51840000.0,
        "Total Unusual Items": 8213000.0,
        "Total Unusual Items Excluding Goodwill": 8213000.0,
        "Net Income From Continuing Operation Net Minority Interest": -2710000.0,
        "Reconciled Depreciation": 50121000.0,
        "EBITDA": 60053000.0,
        "EBIT": 9932000.0,
        "Net Interest Income": -12364000.0,
        "Interest Expense": 12989000.0,
        "Interest Income": 1071000.0,
        "Normalized Income": -9990742.558063,
        "Net Income From Continuing And Discontinued Operation": -2710000.0,
        "Total Expenses": 159470000.0,
        "Total Operating Income As Reported": 707000.0,
        "Diluted Average Shares": 172353000.0,
        "Basic Average Shares": 172353000.0,
        "Diluted EPS": -0.0157,
        "Basic EPS": -0.0157,
        "Diluted NI Availto Com Stockholders": -2710000.0,
        "Net Income Common Stockholders": -2710000.0,
        "Net Income": -2710000.0,
        "Net Income Including Noncontrolling Interests": -2710000.0,
        "Net Income Continuous Operations": -2710000.0,
        "Tax Provision": -347000.0,
        "Pretax Income": -3057000.0,
        "Other Income Expense": 8213000.0,
        "Special Income Charges": -387000.0,
        "Gain On Sale Of Ppe": 2271000.0,
        "Other Special Charges": 2644000.0,
        "Restructuring And Mergern Acquisition": 14000.0,
        "Gain On Sale Of Security": 8600000.0,
        "Net Non Operating Interest Income Expense": -12364000.0,
        "Total Other Finance Cost": 446000.0,
        "Interest Expense Non Operating": 12989000.0,
        "Interest Income Non Operating": 1071000.0,
        "Operating Income": 1094000.0,
        "Operating Expense": 159470000.0,
        "Other Operating Expenses": 28260000.0,
        "Depreciation Amortization Depletion Income Statement": 50121000.0,
        "Depreciation And Amortization In Income Statement": 50121000.0,
        "Amortization": 45867000.0,
        "Amortization Of Intangibles Income Statement": 45867000.0,
        "Depreciation Income Statement": 4254000.0,
        "Selling General And Administration": 81089000.0,
        "Selling And Marketing Expense": 9836000.0,
        "General And Administrative Expense": 71253000.0,
        "Salaries And Wages": 71253000.0,
        "Total Revenue": 160564000.0,
        "Operating Revenue": 160564000.0
    },
    "2025-06-30": {
        "Tax Effect Of Unusual Items": 5014750.0,
        "Tax Rate For Calcs": 0.25,
        "Normalized EBITDA": 41412000.0,
        "Total Unusual Items": 20059000.0,
        "Total Unusual Items Excluding Goodwill": 20059000.0,
        "Net Income From Continuing Operation Net Minority Interest": -3897000.0,
        "Reconciled Depreciation": 52012000.0,
        "EBITDA": 61471000.0,
        "EBIT": 9459000.0,
        "Net Interest Income": -12869000.0,
        "Interest Expense": 13177000.0,
        "Interest Income": 810000.0,
        "Normalized Income": -18941250.0,
        "Net Income From Continuing And Discontinued Operation": -3897000.0,
        "Total Expenses": 175093000.0,
        "Total Operating Income As Reported": -15215000.0,
        "Diluted Average Shares": 172353000.0,
        "Basic Average Shares": 172353000.0,
        "Diluted EPS": -0.0226,
        "Basic EPS": -0.0226,
        "Diluted NI Availto Com Stockholders": -3897000.0,
        "Net Income Common Stockholders": -3897000.0,
        "Net Income": -3897000.0,
        "Net Income Including Noncontrolling Interests": -3897000.0,
        "Net Income Continuous Operations": -3897000.0,
        "Tax Provision": 179000.0,
        "Pretax Income": -3718000.0,
        "Other Income Expense": 20059000.0,
        "Special Income Charges": -713000.0,
        "Gain On Sale Of Ppe": 10080000.0,
        "Other Special Charges": -248000.0,
        "Restructuring And Mergern Acquisition": 11041000.0,
        "Gain On Sale Of Security": 20772000.0,
        "Net Non Operating Interest Income Expense": -12869000.0,
        "Total Other Finance Cost": 502000.0,
        "Interest Expense Non Operating": 13177000.0,
        "Interest Income Non Operating": 810000.0,
        "Operating Income": -10908000.0,
        "Operating Expense": 175093000.0,
        "Other Operating Expenses": 52053000.0,
        "Depreciation Amortization Depletion Income Statement": 52012000.0,
        "Depreciation And Amortization In Income Statement": 52012000.0,
        "Amortization": 47813000.0,
        "Amortization Of Intangibles Income Statement": 47813000.0,
        "Depreciation Income Statement": 4199000.0,
        "Selling General And Administration": 71028000.0,
        "Selling And Marketing Expense": -21829000.0,
        "General And Administrative Expense": 92857000.0,
        "Salaries And Wages": 79271000.0,
        "Total Revenue": 164185000.0,
        "Operating Revenue": 164185000.0
    },
    "2025-09-30": {
        "Tax Effect Of Unusual Items": 9669409.816677,
        "Tax Rate For Calcs": 0.214666,
        "Normalized EBITDA": 28145000.0,
        "Total Unusual Items": 45044000.0,
        "Total Unusual Items Excluding Goodwill": 45044000.0,
        "Net Income From Continuing Operation Net Minority Interest": -6640000.0,
        "Reconciled Depreciation": 58981000.0,
        "EBITDA": 73189000.0,
        "EBIT": 14208000.0,
        "Net Interest Income": -21457000.0,
        "Interest Expense": 22663000.0,
        "Interest Income": 1206000.0,
        "Normalized Income": -42014590.183323,
        "Net Income From Continuing And Discontinued Operation": -6640000.0,
        "Total Expenses": 172387000.0,
        "Total Operating Income As Reported": 13002000.0,
        "Diluted Average Shares": 172434000.0,
        "Basic Average Shares": 172434000.0,
        "Diluted EPS": -0.0385,
        "Basic EPS": -0.0385,
        "Diluted NI Availto Com Stockholders": -6640000.0,
        "Net Income Common Stockholders": -6640000.0,
        "Net Income": -6640000.0,
        "Net Income Including Noncontrolling Interests": -6640000.0,
        "Net Income Continuous Operations": -6640000.0,
        "Tax Provision": -1815000.0,
        "Pretax Income": -8455000.0,
        "Other Income Expense": 45044000.0,
        "Special Income Charges": 45044000.0,
        "Gain On Sale Of Ppe": 45044000.0,
        "Other Special Charges": NaN,
        "Restructuring And Mergern Acquisition": NaN,
        "Gain On Sale Of Security": NaN,
        "Net Non Operating Interest Income Expense": -21457000.0,
        "Total Other Finance Cost": NaN,
        "Interest Expense Non Operating": 22663000.0,
        "Interest Income Non Operating": 1206000.0,
        "Operating Income": -32042000.0,
        "Operating Expense": 172387000.0,
        "Other Operating Expenses": NaN,
        "Depreciation Amortization Depletion Income Statement": NaN,
        "Depreciation And Amortization In Income Statement": NaN,
        "Amortization": NaN,
        "Amortization Of Intangibles Income Statement": NaN,
        "Depreciation Income Statement": NaN,
        "Selling General And Administration": NaN,
        "Selling And Marketing Expense": NaN,
        "General And Administrative Expense": NaN,
        "Salaries And Wages": NaN,
        "Total Revenue": 140345000.0,
        "Operating Revenue": 140345000.0
    }
}