{
    "2023-03-31": {
        "Tax Effect Of Unusual Items": NaN,
        "Tax Rate For Calcs": NaN,
        "Normalized EBITDA": NaN,
        "Total Unusual Items": NaN,
        "Total Unusual Items Excluding Goodwill": NaN,
        "Net Income From Continuing Operation Net Minority Interest": NaN,
        "Reconciled Depreciation": NaN,
        "Reconciled Cost Of Revenue": NaN,
        "EBITDA": NaN,
        "EBIT": NaN,
        "Normalized Income": NaN,
        "Net Income From Continuing And Discontinued Operation": NaN,
        "Total Expenses": NaN,
        "Total Operating Income As Reported": NaN,
        "Diluted Average Shares": 92323757.0,
        "Basic Average Shares": 92323757.0,
        "Diluted EPS": -0.03,
        "Basic EPS": -0.03,
        "Diluted NI Availto Com Stockholders": NaN,
        "Net Income Common Stockholders": NaN,
        "Net Income": NaN,
        "Minority Interests": NaN,
        "Net Income Including Noncontrolling Interests": NaN,
        "Net Income Continuous Operations": NaN,
        "Tax Provision": NaN,
        "Pretax Income": NaN,
        "Other Income Expense": NaN,
        "Other Non Operating Income Expenses": NaN,
        "Gain On Sale Of Security": NaN,
        "Operating Income": NaN,
        "Operating Expense": NaN,
        "Depreciation Amortization Depletion Income Statement": NaN,
        "Depreciation And Amortization In Income Statement": NaN,
        "Research And Development": NaN,
        "Selling General And Administration": NaN,
        "Selling And Marketing Expense": NaN,
        "General And Administrative Expense": NaN,
        "Other Gand A": NaN,
        "Gross Profit": NaN,
        "Cost Of Revenue": NaN,
        "Total Revenue": NaN,
        "Operating Revenue": NaN
    },
    "2022-12-31": {
        "Tax Effect Of Unusual Items": NaN,
        "Tax Rate For Calcs": NaN,
        "Normalized EBITDA": NaN,
        "Total Unusual Items": NaN,
        "Total Unusual Items Excluding Goodwill": NaN,
        "Net Income From Continuing Operation Net Minority Interest": NaN,
        "Reconciled Depreciation": NaN,
        "Reconciled Cost Of Revenue": NaN,
        "EBITDA": NaN,
        "EBIT": NaN,
        "Normalized Income": NaN,
        "Net Income From Continuing And Discontinued Operation": NaN,
        "Total Expenses": NaN,
        "Total Operating Income As Reported": NaN,
        "Diluted Average Shares": NaN,
        "Basic Average Shares": NaN,
        "Diluted EPS": NaN,
        "Basic EPS": NaN,
        "Diluted NI Availto Com Stockholders": NaN,
        "Average Dilution Earnings": 0.0,
        "Net Income Common Stockholders": NaN,
        "Net Income": NaN,
        "Minority Interests": NaN,
        "Net Income Including Noncontrolling Interests": NaN,
        "Net Income Continuous Operations": NaN,
        "Tax Provision": NaN,
        "Pretax Income": NaN,
        "Other Income Expense": NaN,
        "Other Non Operating Income Expenses": NaN,
        "Gain On Sale Of Security": NaN,
        "Operating Income": NaN,
        "Operating Expense": NaN,
        "Depreciation Amortization Depletion Income Statement": NaN,
        "Depreciation And Amortization In Income Statement": NaN,
        "Research And Development": NaN,
        "Selling General And Administration": NaN,
        "Selling And Marketing Expense": NaN,
        "General And Administrative Expense": NaN,
        "Other Gand A": NaN,
        "Gross Profit": NaN,
        "Cost Of Revenue": NaN,
        "Total Revenue": NaN,
        "Operating Revenue": NaN
    },
    "2022-09-30": {
        "Tax Effect Of Unusual Items": NaN,
        "Tax Rate For Calcs": NaN,
        "Normalized EBITDA": NaN,
        "Total Unusual Items": NaN,
        "Total Unusual Items Excluding Goodwill": NaN,
        "Net Income From Continuing Operation Net Minority Interest": NaN,
        "Reconciled Depreciation": NaN,
        "Reconciled Cost Of Revenue": NaN,
        "EBITDA": NaN,
        "EBIT": NaN,
        "Normalized Income": NaN,
        "Net Income From Continuing And Discontinued Operation": NaN,
        "Total Expenses": NaN,
        "Total Operating Income As Reported": NaN,
        "Diluted Average Shares": NaN,
        "Basic Average Shares": NaN,
        "Diluted EPS": NaN,
        "Basic EPS": NaN,
        "Diluted NI Availto Com Stockholders": NaN,
        "Average Dilution Earnings": 0.0,
        "Net Income Common Stockholders": NaN,
        "Net Income": NaN,
        "Minority Interests": NaN,
        "Net Income Including Noncontrolling Interests": NaN,
        "Net Income Continuous Operations": NaN,
        "Tax Provision": NaN,
        "Pretax Income": NaN,
        "Other Income Expense": NaN,
        "Other Non Operating Income Expenses": NaN,
        "Gain On Sale Of Security": NaN,
        "Operating Income": NaN,
        "Operating Expense": NaN,
        "Depreciation Amortization Depletion Income Statement": NaN,
        "Depreciation And Amortization In Income Statement": NaN,
        "Research And Development": NaN,
        "Selling General And Administration": NaN,
        "Selling And Marketing Expense": NaN,
        "General And Administrative Expense": NaN,
        "Other Gand A": NaN,
        "Gross Profit": NaN,
        "Cost Of Revenue": NaN,
        "Total Revenue": NaN,
        "Operating Revenue": NaN
    },
    "2022-06-30": {
        "Tax Effect Of Unusual Items": 12893600.0,
        "Tax Rate For Calcs": 0.4,
        "Normalized EBITDA": -42794000.0,
        "Total Unusual Items": 32234000.0,
        "Total Unusual Items Excluding Goodwill": 32234000.0,
        "Net Income From Continuing Operation Net Minority Interest": 11692000.0,
        "Reconciled Depreciation": 2458000.0,
        "Reconciled Cost Of Revenue": 3858000.0,
        "EBITDA": -10560000.0,
        "EBIT": -13018000.0,
        "Normalized Income": -7648400.0,
        "Net Income From Continuing And Discontinued Operation": 11692000.0,
        "Total Expenses": 71312000.0,
        "Total Operating Income As Reported": -13018000.0,
        "Diluted Average Shares": 87230850.0,
        "Basic Average Shares": 86425352.0,
        "Diluted EPS": 0.13,
        "Basic EPS": 0.14,
        "Diluted NI Availto Com Stockholders": 11692000.0,
        "Average Dilution Earnings": 0.0,
        "Net Income Common Stockholders": 11692000.0,
        "Net Income": 11692000.0,
        "Minority Interests": -8156000.0,
        "Net Income Including Noncontrolling Interests": 19848000.0,
        "Net Income Continuous Operations": 19848000.0,
        "Tax Provision": -1310000.0,
        "Pretax Income": 18538000.0,
        "Other Income Expense": 31556000.0,
        "Other Non Operating Income Expenses": -678000.0,
        "Gain On Sale Of Security": 32234000.0,
        "Operating Income": -13018000.0,
        "Operating Expense": 67454000.0,
        "Depreciation Amortization Depletion Income Statement": 2458000.0,
        "Depreciation And Amortization In Income Statement": 2458000.0,
        "Research And Development": 13263000.0,
        "Selling General And Administration": 51733000.0,
        "Selling And Marketing Expense": 22123000.0,
        "General And Administrative Expense": 29610000.0,
        "Other Gand A": 29610000.0,
        "Gross Profit": 54436000.0,
        "Cost Of Revenue": 3858000.0,
        "Total Revenue": 58294000.0,
        "Operating Revenue": 58294000.0
    },
    "2022-03-31": {
        "Diluted EPS": -0.19,
        "Total Revenue": 57,
        "Gross Profit": 54,
        "Operating Income": -14,
        "EBIT": -10,
        "Net Income": -14
    },
    "2021-12-31": {
        "Diluted EPS": -0.03,
        "Total Revenue": 54,
        "Gross Profit": 52,
        "Operating Income": -5,
        "EBIT": -3,
        "Net Income": 28
    },
    "2021-09-30": {
        "Diluted EPS": 0.02,
        "Total Revenue": 51,
        "Gross Profit": 49,
        "Operating Income": 4,
        "EBIT": 5,
        "Net Income": 21
    },
    "2021-06-30": {
        "Diluted EPS": -0.17,
        "Total Revenue": 47,
        "Gross Profit": 45,
        "Operating Income": -15,
        "EBIT": -14,
        "Net Income": 4
    },
    "2021-03-31": {
        "Diluted EPS": 0.0,
        "Total Revenue": 41,
        "Gross Profit": 39,
        "Operating Income": 8,
        "EBIT": 9,
        "Net Income": 8
    },
    "2020-12-31": {
        "Diluted EPS": 0.0,
        "Total Revenue": 77,
        "Gross Profit": 73,
        "Operating Income": 16,
        "EBIT": 17,
        "Net Income": 14
    },
    "2020-09-30": {
        "Diluted EPS": 0.0,
        "Total Revenue": 47,
        "Gross Profit": 44,
        "Operating Income": 16,
        "EBIT": 17,
        "Net Income": 16
    },
    "2020-06-30": {
        "Diluted EPS": 0.0,
        "Total Revenue": 39,
        "Gross Profit": 37,
        "Operating Income": 10,
        "EBIT": 10,
        "Net Income": 9
    },
    "2020-03-31": {
        "Diluted EPS": -0.02,
        "Total Revenue": NaN,
        "Gross Profit": 0,
        "Operating Income": 0,
        "EBIT": 0,
        "Net Income": 0
    },
    "2019-12-31": {
        "Diluted EPS": 0.0,
        "Total Revenue": NaN,
        "Gross Profit": NaN,
        "Operating Income": NaN,
        "EBIT": NaN,
        "Net Income": NaN
    },
    "2019-09-30": {
        "Diluted EPS": -0.01,
        "Total Revenue": NaN,
        "Gross Profit": 0,
        "Operating Income": 0,
        "EBIT": 0,
        "Net Income": 0
    },
    "2019-06-30": {
        "Diluted EPS": 0.0,
        "Total Revenue": NaN,
        "Gross Profit": NaN,
        "Operating Income": NaN,
        "EBIT": NaN,
        "Net Income": NaN
    },
    "2023-06-30": {
        "Tax Effect Of Unusual Items": NaN,
        "Tax Rate For Calcs": NaN,
        "Normalized EBITDA": NaN,
        "Total Unusual Items": NaN,
        "Total Unusual Items Excluding Goodwill": NaN,
        "Net Income From Continuing Operation Net Minority Interest": NaN,
        "Reconciled Depreciation": NaN,
        "Reconciled Cost Of Revenue": NaN,
        "EBITDA": NaN,
        "EBIT": NaN,
        "Normalized Income": NaN,
        "Net Income From Continuing And Discontinued Operation": NaN,
        "Total Expenses": NaN,
        "Total Operating Income As Reported": NaN,
        "Diluted Average Shares": 93622582.0,
        "Basic Average Shares": 92851349.0,
        "Diluted EPS": 0.01,
        "Basic EPS": 0.01,
        "Diluted NI Availto Com Stockholders": NaN,
        "Net Income Common Stockholders": NaN,
        "Net Income": NaN,
        "Minority Interests": NaN,
        "Net Income Including Noncontrolling Interests": NaN,
        "Net Income Continuous Operations": NaN,
        "Tax Provision": NaN,
        "Pretax Income": NaN,
        "Other Income Expense": NaN,
        "Other Non Operating Income Expenses": NaN,
        "Special Income Charges": NaN,
        "Impairment Of Capital Assets": NaN,
        "Gain On Sale Of Security": NaN,
        "Operating Income": NaN,
        "Operating Expense": NaN,
        "Depreciation Amortization Depletion Income Statement": NaN,
        "Depreciation And Amortization In Income Statement": NaN,
        "Research And Development": NaN,
        "Selling General And Administration": NaN,
        "Selling And Marketing Expense": NaN,
        "General And Administrative Expense": NaN,
        "Other Gand A": NaN,
        "Gross Profit": NaN,
        "Cost Of Revenue": NaN,
        "Total Revenue": NaN,
        "Operating Revenue": NaN
    },
    "2023-09-30": {
        "Tax Effect Of Unusual Items": NaN,
        "Tax Rate For Calcs": NaN,
        "Normalized EBITDA": NaN,
        "Total Unusual Items": NaN,
        "Total Unusual Items Excluding Goodwill": NaN,
        "Net Income From Continuing Operation Net Minority Interest": NaN,
        "Reconciled Depreciation": NaN,
        "Reconciled Cost Of Revenue": NaN,
        "EBITDA": NaN,
        "EBIT": NaN,
        "Normalized Income": NaN,
        "Net Income From Continuing And Discontinued Operation": NaN,
        "Total Expenses": NaN,
        "Total Operating Income As Reported": NaN,
        "Diluted Average Shares": NaN,
        "Basic Average Shares": NaN,
        "Diluted EPS": NaN,
        "Basic EPS": NaN,
        "Diluted NI Availto Com Stockholders": NaN,
        "Net Income Common Stockholders": NaN,
        "Net Income": NaN,
        "Minority Interests": NaN,
        "Net Income Including Noncontrolling Interests": NaN,
        "Net Income Continuous Operations": NaN,
        "Tax Provision": NaN,
        "Pretax Income": NaN,
        "Other Income Expense": NaN,
        "Other Non Operating Income Expenses": NaN,
        "Special Income Charges": -8382000.0,
        "Impairment Of Capital Assets": 8382000.0,
        "Gain On Sale Of Security": -460000.0,
        "Operating Income": NaN,
        "Operating Expense": NaN,
        "Depreciation Amortization Depletion Income Statement": NaN,
        "Depreciation And Amortization In Income Statement": NaN,
        "Research And Development": NaN,
        "Selling General And Administration": NaN,
        "Selling And Marketing Expense": NaN,
        "General And Administrative Expense": NaN,
        "Other Gand A": NaN,
        "Gross Profit": NaN,
        "Cost Of Revenue": NaN,
        "Total Revenue": NaN,
        "Operating Revenue": NaN
    },
    "2024-03-31": {
        "Tax Effect Of Unusual Items": NaN,
        "Tax Rate For Calcs": NaN,
        "Normalized EBITDA": NaN,
        "Total Unusual Items": -850000.0,
        "Total Unusual Items Excluding Goodwill": -850000.0,
        "Net Income From Continuing Operation Net Minority Interest": NaN,
        "Reconciled Depreciation": NaN,
        "Reconciled Cost Of Revenue": NaN,
        "EBITDA": NaN,
        "EBIT": NaN,
        "Normalized Income": NaN,
        "Net Income From Continuing And Discontinued Operation": NaN,
        "Total Expenses": NaN,
        "Total Operating Income As Reported": NaN,
        "Diluted Average Shares": NaN,
        "Basic Average Shares": NaN,
        "Diluted EPS": NaN,
        "Basic EPS": NaN,
        "Diluted NI Availto Com Stockholders": NaN,
        "Net Income Common Stockholders": NaN,
        "Net Income": NaN,
        "Minority Interests": NaN,
        "Net Income Including Noncontrolling Interests": NaN,
        "Net Income Continuous Operations": NaN,
        "Tax Provision": NaN,
        "Pretax Income": NaN,
        "Other Income Expense": NaN,
        "Other Non Operating Income Expenses": NaN,
        "Special Income Charges": NaN,
        "Impairment Of Capital Assets": NaN,
        "Gain On Sale Of Security": -850000.0,
        "Operating Income": NaN,
        "Operating Expense": NaN,
        "Depreciation Amortization Depletion Income Statement": NaN,
        "Depreciation And Amortization In Income Statement": NaN,
        "Research And Development": NaN,
        "Selling General And Administration": NaN,
        "Selling And Marketing Expense": NaN,
        "General And Administrative Expense": NaN,
        "Other Gand A": NaN,
        "Gross Profit": NaN,
        "Cost Of Revenue": NaN,
        "Total Revenue": NaN,
        "Operating Revenue": NaN
    },
    "2023-12-31": {
        "Tax Effect Of Unusual Items": NaN,
        "Tax Rate For Calcs": NaN,
        "Normalized EBITDA": NaN,
        "Total Unusual Items": NaN,
        "Total Unusual Items Excluding Goodwill": NaN,
        "Net Income From Continuing Operation Net Minority Interest": NaN,
        "Reconciled Depreciation": NaN,
        "Reconciled Cost Of Revenue": NaN,
        "EBITDA": NaN,
        "EBIT": NaN,
        "Normalized Income": NaN,
        "Net Income From Continuing And Discontinued Operation": NaN,
        "Total Expenses": NaN,
        "Total Operating Income As Reported": NaN,
        "Diluted Average Shares": NaN,
        "Basic Average Shares": NaN,
        "Diluted EPS": NaN,
        "Basic EPS": NaN,
        "Diluted NI Availto Com Stockholders": NaN,
        "Net Income Common Stockholders": NaN,
        "Net Income": NaN,
        "Minority Interests": NaN,
        "Net Income Including Noncontrolling Interests": NaN,
        "Net Income Continuous Operations": NaN,
        "Tax Provision": NaN,
        "Pretax Income": NaN,
        "Other Income Expense": NaN,
        "Other Non Operating Income Expenses": NaN,
        "Special Income Charges": NaN,
        "Impairment Of Capital Assets": NaN,
        "Gain On Sale Of Security": 2285000.0,
        "Operating Income": NaN,
        "Operating Expense": NaN,
        "Depreciation Amortization Depletion Income Statement": NaN,
        "Depreciation And Amortization In Income Statement": NaN,
        "Research And Development": NaN,
        "Selling General And Administration": NaN,
        "Selling And Marketing Expense": NaN,
        "General And Administrative Expense": NaN,
        "Other Gand A": NaN,
        "Gross Profit": NaN,
        "Cost Of Revenue": NaN,
        "Total Revenue": NaN,
        "Operating Revenue": NaN
    },
    "2024-06-30": {
        "Tax Effect Of Unusual Items": 15631.067961,
        "Tax Rate For Calcs": 0.033981,
        "Normalized EBITDA": 5155000.0,
        "Total Unusual Items": 460000.0,
        "Total Unusual Items Excluding Goodwill": 460000.0,
        "Net Income From Continuing Operation Net Minority Interest": 716000.0,
        "Reconciled Depreciation": 4384000.0,
        "Reconciled Cost Of Revenue": 1048000.0,
        "EBITDA": 5615000.0,
        "EBIT": 1231000.0,
        "Normalized Income": 271631.067961,
        "Net Income From Continuing And Discontinued Operation": 716000.0,
        "Total Expenses": 44672000.0,
        "Total Operating Income As Reported": 1231000.0,
        "Diluted Average Shares": 97275700.0,
        "Basic Average Shares": 95342596.0,
        "Diluted EPS": 0.01,
        "Basic EPS": 0.01,
        "Diluted NI Availto Com Stockholders": 716000.0,
        "Net Income Common Stockholders": 716000.0,
        "Net Income": 716000.0,
        "Minority Interests": -478000.0,
        "Net Income Including Noncontrolling Interests": 1194000.0,
        "Net Income Continuous Operations": 1194000.0,
        "Tax Provision": 42000.0,
        "Pretax Income": 1236000.0,
        "Other Income Expense": 5000.0,
        "Other Non Operating Income Expenses": -455000.0,
        "Special Income Charges": NaN,
        "Impairment Of Capital Assets": NaN,
        "Gain On Sale Of Security": 460000.0,
        "Operating Income": 1231000.0,
        "Operating Expense": 42427000.0,
        "Depreciation Amortization Depletion Income Statement": 3187000.0,
        "Depreciation And Amortization In Income Statement": 3187000.0,
        "Research And Development": 9642000.0,
        "Selling General And Administration": 29598000.0,
        "Selling And Marketing Expense": 11069000.0,
        "General And Administrative Expense": 18529000.0,
        "Other Gand A": 18529000.0,
        "Gross Profit": 43658000.0,
        "Cost Of Revenue": 2245000.0,
        "Total Revenue": 45903000.0,
        "Operating Revenue": 45903000.0
    },
    "2024-09-30": {
        "Tax Effect Of Unusual Items": 2300.992695,
        "Tax Rate For Calcs": 0.003933,
        "Normalized EBITDA": 9035000.0,
        "Total Unusual Items": 585000.0,
        "Total Unusual Items Excluding Goodwill": 585000.0,
        "Net Income From Continuing Operation Net Minority Interest": 3332000.0,
        "Reconciled Depreciation": 4416000.0,
        "Reconciled Cost Of Revenue": 1283000.0,
        "EBITDA": 9620000.0,
        "EBIT": 5204000.0,
        "Normalized Income": 2749300.992695,
        "Net Income From Continuing And Discontinued Operation": 3332000.0,
        "Total Expenses": 41348000.0,
        "Total Operating Income As Reported": 5204000.0,
        "Diluted Average Shares": 97811251.0,
        "Basic Average Shares": 97166788.0,
        "Diluted EPS": 0.03,
        "Basic EPS": 0.03,
        "Diluted NI Availto Com Stockholders": 3332000.0,
        "Net Income Common Stockholders": 3332000.0,
        "Net Income": 3332000.0,
        "Minority Interests": -1986000.0,
        "Net Income Including Noncontrolling Interests": 5318000.0,
        "Net Income Continuous Operations": 5318000.0,
        "Tax Provision": 21000.0,
        "Pretax Income": 5339000.0,
        "Other Income Expense": 135000.0,
        "Other Non Operating Income Expenses": -450000.0,
        "Special Income Charges": 0.0,
        "Impairment Of Capital Assets": 0.0,
        "Gain On Sale Of Security": 585000.0,
        "Operating Income": 5204000.0,
        "Operating Expense": 39166000.0,
        "Depreciation Amortization Depletion Income Statement": 3517000.0,
        "Depreciation And Amortization In Income Statement": 3517000.0,
        "Research And Development": 9484000.0,
        "Selling General And Administration": 26165000.0,
        "Selling And Marketing Expense": 9671000.0,
        "General And Administrative Expense": 16494000.0,
        "Other Gand A": 16494000.0,
        "Gross Profit": 44370000.0,
        "Cost Of Revenue": 2182000.0,
        "Total Revenue": 46552000.0,
        "Operating Revenue": 46552000.0
    },
    "2024-12-31": {
        "Tax Effect Of Unusual Items": -40950.0,
        "Tax Rate For Calcs": 0.21,
        "Normalized EBITDA": 8869000.0,
        "Total Unusual Items": -195000.0,
        "Total Unusual Items Excluding Goodwill": -195000.0,
        "Net Income From Continuing Operation Net Minority Interest": 2351000.0,
        "Reconciled Depreciation": 4122000.0,
        "Reconciled Cost Of Revenue": 1805000.0,
        "EBITDA": 8674000.0,
        "EBIT": 4552000.0,
        "Normalized Income": 2505050.0,
        "Net Income From Continuing And Discontinued Operation": 2351000.0,
        "Total Expenses": 43118000.0,
        "Total Operating Income As Reported": 4552000.0,
        "Diluted Average Shares": 98726850.0,
        "Basic Average Shares": 97778402.0,
        "Diluted EPS": 0.02,
        "Basic EPS": 0.02,
        "Diluted NI Availto Com Stockholders": 2351000.0,
        "Net Income Common Stockholders": 2351000.0,
        "Net Income": 2351000.0,
        "Minority Interests": -1365000.0,
        "Net Income Including Noncontrolling Interests": 3716000.0,
        "Net Income Continuous Operations": 3716000.0,
        "Tax Provision": -26000.0,
        "Pretax Income": 3690000.0,
        "Other Income Expense": -862000.0,
        "Other Non Operating Income Expenses": -667000.0,
        "Special Income Charges": 0.0,
        "Impairment Of Capital Assets": 0.0,
        "Gain On Sale Of Security": NaN,
        "Operating Income": 4552000.0,
        "Operating Expense": 40828000.0,
        "Depreciation Amortization Depletion Income Statement": 3637000.0,
        "Depreciation And Amortization In Income Statement": 3637000.0,
        "Research And Development": 8071000.0,
        "Selling General And Administration": 29120000.0,
        "Selling And Marketing Expense": 10050000.0,
        "General And Administrative Expense": 19070000.0,
        "Other Gand A": 19070000.0,
        "Gross Profit": 45380000.0,
        "Cost Of Revenue": 2290000.0,
        "Total Revenue": 47670000.0,
        "Operating Revenue": 47670000.0
    },
    "2025-03-31": {
        "Tax Effect Of Unusual Items": 0.0,
        "Tax Rate For Calcs": 0.003596,
        "Normalized EBITDA": 6611000.0,
        "Total Unusual Items": NaN,
        "Total Unusual Items Excluding Goodwill": NaN,
        "Net Income From Continuing Operation Net Minority Interest": 1647000.0,
        "Reconciled Depreciation": 3964000.0,
        "Reconciled Cost Of Revenue": 1598000.0,
        "EBITDA": 6611000.0,
        "EBIT": 2647000.0,
        "Normalized Income": 1647000.0,
        "Net Income From Continuing And Discontinued Operation": 1647000.0,
        "Total Expenses": 41965000.0,
        "Total Operating Income As Reported": 2647000.0,
        "Diluted Average Shares": 106991698.0,
        "Basic Average Shares": 104041260.0,
        "Diluted EPS": 0.02,
        "Basic EPS": 0.02,
        "Diluted NI Availto Com Stockholders": 1647000.0,
        "Net Income Common Stockholders": 1647000.0,
        "Net Income": 1647000.0,
        "Minority Interests": -847000.0,
        "Net Income Including Noncontrolling Interests": 2494000.0,
        "Net Income Continuous Operations": 2494000.0,
        "Tax Provision": 9000.0,
        "Pretax Income": 2503000.0,
        "Other Income Expense": -144000.0,
        "Other Non Operating Income Expenses": -144000.0,
        "Special Income Charges": NaN,
        "Impairment Of Capital Assets": NaN,
        "Gain On Sale Of Security": NaN,
        "Operating Income": 2647000.0,
        "Operating Expense": 39724000.0,
        "Depreciation Amortization Depletion Income Statement": 3321000.0,
        "Depreciation And Amortization In Income Statement": 3321000.0,
        "Research And Development": 8004000.0,
        "Selling General And Administration": 28399000.0,
        "Selling And Marketing Expense": 8948000.0,
        "General And Administrative Expense": 19451000.0,
        "Other Gand A": 19451000.0,
        "Gross Profit": 42371000.0,
        "Cost Of Revenue": 2241000.0,
        "Total Revenue": 44612000.0,
        "Operating Revenue": 44612000.0
    },
    "2025-06-30": {
        "Tax Effect Of Unusual Items": 0.0,
        "Tax Rate For Calcs": 0.0,
        "Normalized EBITDA": 5684000.0,
        "Total Unusual Items": 390000.0,
        "Total Unusual Items Excluding Goodwill": 390000.0,
        "Net Income From Continuing Operation Net Minority Interest": 1427000.0,
        "Reconciled Depreciation": 4105000.0,
        "Reconciled Cost Of Revenue": 1633000.0,
        "EBITDA": 6074000.0,
        "EBIT": 1969000.0,
        "Normalized Income": 1037000.0,
        "Net Income From Continuing And Discontinued Operation": 1427000.0,
        "Total Expenses": 42878000.0,
        "Total Operating Income As Reported": 1969000.0,
        "Diluted Average Shares": 107922354.0,
        "Basic Average Shares": 105744266.0,
        "Diluted EPS": 0.01,
        "Basic EPS": 0.01,
        "Diluted NI Availto Com Stockholders": 1427000.0,
        "Net Income Common Stockholders": 1427000.0,
        "Net Income": 1427000.0,
        "Minority Interests": -732000.0,
        "Net Income Including Noncontrolling Interests": 2159000.0,
        "Net Income Continuous Operations": 2159000.0,
        "Tax Provision": 0.0,
        "Pretax Income": 2159000.0,
        "Other Income Expense": 190000.0,
        "Other Non Operating Income Expenses": -200000.0,
        "Special Income Charges": NaN,
        "Impairment Of Capital Assets": NaN,
        "Gain On Sale Of Security": 390000.0,
        "Operating Income": 1969000.0,
        "Operating Expense": 40598000.0,
        "Depreciation Amortization Depletion Income Statement": 3458000.0,
        "Depreciation And Amortization In Income Statement": 3458000.0,
        "Research And Development": 7529000.0,
        "Selling General And Administration": 29611000.0,
        "Selling And Marketing Expense": 8912000.0,
        "General And Administrative Expense": 20699000.0,
        "Other Gand A": 20699000.0,
        "Gross Profit": 42567000.0,
        "Cost Of Revenue": 2280000.0,
        "Total Revenue": 44847000.0,
        "Operating Revenue": 44847000.0
    }
}