{
    "2023-03-31": {
        "Tax Effect Of Unusual Items": NaN,
        "Tax Rate For Calcs": NaN,
        "Normalized EBITDA": NaN,
        "Total Unusual Items": NaN,
        "Total Unusual Items Excluding Goodwill": NaN,
        "Net Income From Continuing Operation Net Minority Interest": NaN,
        "Reconciled Depreciation": NaN,
        "Reconciled Cost Of Revenue": NaN,
        "EBITDA": NaN,
        "EBIT": NaN,
        "Net Interest Income": NaN,
        "Interest Expense": NaN,
        "Normalized Income": NaN,
        "Net Income From Continuing And Discontinued Operation": NaN,
        "Total Expenses": NaN,
        "Total Operating Income As Reported": NaN,
        "Diluted Average Shares": NaN,
        "Basic Average Shares": NaN,
        "Diluted EPS": NaN,
        "Basic EPS": NaN,
        "Diluted NI Availto Com Stockholders": NaN,
        "Net Income Common Stockholders": NaN,
        "Otherunder Preferred Stock Dividend": NaN,
        "Net Income": NaN,
        "Net Income Including Noncontrolling Interests": NaN,
        "Net Income Discontinuous Operations": NaN,
        "Net Income Continuous Operations": NaN,
        "Earnings From Equity Interest Net Of Tax": 100000.0,
        "Tax Provision": NaN,
        "Pretax Income": NaN,
        "Other Income Expense": NaN,
        "Other Non Operating Income Expenses": NaN,
        "Special Income Charges": NaN,
        "Write Off": 0.0,
        "Impairment Of Capital Assets": NaN,
        "Restructuring And Mergern Acquisition": NaN,
        "Net Non Operating Interest Income Expense": NaN,
        "Interest Expense Non Operating": NaN,
        "Operating Income": NaN,
        "Operating Expense": NaN,
        "Research And Development": NaN,
        "Selling General And Administration": NaN,
        "Selling And Marketing Expense": NaN,
        "General And Administrative Expense": NaN,
        "Other Gand A": NaN,
        "Gross Profit": NaN,
        "Cost Of Revenue": NaN,
        "Total Revenue": NaN,
        "Operating Revenue": NaN
    },
    "2022-12-31": {
        "Tax Effect Of Unusual Items": NaN,
        "Tax Rate For Calcs": NaN,
        "Normalized EBITDA": NaN,
        "Total Unusual Items": NaN,
        "Total Unusual Items Excluding Goodwill": NaN,
        "Net Income From Continuing Operation Net Minority Interest": NaN,
        "Reconciled Depreciation": NaN,
        "Reconciled Cost Of Revenue": NaN,
        "EBITDA": NaN,
        "EBIT": NaN,
        "Net Interest Income": NaN,
        "Interest Expense": NaN,
        "Normalized Income": NaN,
        "Net Income From Continuing And Discontinued Operation": NaN,
        "Total Expenses": NaN,
        "Total Operating Income As Reported": NaN,
        "Diluted Average Shares": NaN,
        "Basic Average Shares": NaN,
        "Diluted EPS": NaN,
        "Basic EPS": NaN,
        "Diluted NI Availto Com Stockholders": NaN,
        "Net Income Common Stockholders": NaN,
        "Otherunder Preferred Stock Dividend": NaN,
        "Net Income": NaN,
        "Net Income Including Noncontrolling Interests": NaN,
        "Net Income Discontinuous Operations": NaN,
        "Net Income Continuous Operations": NaN,
        "Earnings From Equity Interest Net Of Tax": 100000.0,
        "Tax Provision": NaN,
        "Pretax Income": NaN,
        "Other Income Expense": NaN,
        "Other Non Operating Income Expenses": NaN,
        "Special Income Charges": NaN,
        "Write Off": NaN,
        "Impairment Of Capital Assets": NaN,
        "Restructuring And Mergern Acquisition": NaN,
        "Net Non Operating Interest Income Expense": NaN,
        "Interest Expense Non Operating": NaN,
        "Operating Income": NaN,
        "Operating Expense": NaN,
        "Research And Development": NaN,
        "Selling General And Administration": NaN,
        "Selling And Marketing Expense": NaN,
        "General And Administrative Expense": NaN,
        "Other Gand A": NaN,
        "Gross Profit": NaN,
        "Cost Of Revenue": NaN,
        "Total Revenue": NaN,
        "Operating Revenue": NaN
    },
    "2022-09-30": {
        "Tax Effect Of Unusual Items": NaN,
        "Tax Rate For Calcs": NaN,
        "Normalized EBITDA": NaN,
        "Total Unusual Items": NaN,
        "Total Unusual Items Excluding Goodwill": NaN,
        "Net Income From Continuing Operation Net Minority Interest": NaN,
        "Reconciled Depreciation": NaN,
        "Reconciled Cost Of Revenue": NaN,
        "EBITDA": NaN,
        "EBIT": NaN,
        "Net Interest Income": NaN,
        "Interest Expense": NaN,
        "Normalized Income": NaN,
        "Net Income From Continuing And Discontinued Operation": NaN,
        "Total Expenses": NaN,
        "Total Operating Income As Reported": NaN,
        "Diluted Average Shares": NaN,
        "Basic Average Shares": NaN,
        "Diluted EPS": NaN,
        "Basic EPS": NaN,
        "Diluted NI Availto Com Stockholders": NaN,
        "Net Income Common Stockholders": NaN,
        "Otherunder Preferred Stock Dividend": NaN,
        "Net Income": NaN,
        "Net Income Including Noncontrolling Interests": NaN,
        "Net Income Discontinuous Operations": 11500000.0,
        "Net Income Continuous Operations": NaN,
        "Earnings From Equity Interest Net Of Tax": 1300000.0,
        "Tax Provision": NaN,
        "Pretax Income": NaN,
        "Other Income Expense": NaN,
        "Other Non Operating Income Expenses": NaN,
        "Special Income Charges": NaN,
        "Write Off": 800000.0,
        "Impairment Of Capital Assets": 0.0,
        "Restructuring And Mergern Acquisition": NaN,
        "Net Non Operating Interest Income Expense": NaN,
        "Interest Expense Non Operating": NaN,
        "Operating Income": NaN,
        "Operating Expense": NaN,
        "Research And Development": NaN,
        "Selling General And Administration": NaN,
        "Selling And Marketing Expense": NaN,
        "General And Administrative Expense": NaN,
        "Other Gand A": NaN,
        "Gross Profit": NaN,
        "Cost Of Revenue": NaN,
        "Total Revenue": NaN,
        "Operating Revenue": NaN
    },
    "2022-06-30": {
        "Tax Effect Of Unusual Items": -751200.0,
        "Tax Rate For Calcs": 0.313,
        "Normalized EBITDA": 63300000.0,
        "Total Unusual Items": -2400000.0,
        "Total Unusual Items Excluding Goodwill": -2400000.0,
        "Net Income From Continuing Operation Net Minority Interest": 11800000.0,
        "Reconciled Depreciation": 25800000.0,
        "Reconciled Cost Of Revenue": 326800000.0,
        "EBITDA": 60900000.0,
        "EBIT": 35100000.0,
        "Net Interest Income": -20400000.0,
        "Interest Expense": 20400000.0,
        "Normalized Income": 13448800.0,
        "Net Income From Continuing And Discontinued Operation": 11800000.0,
        "Total Expenses": 396200000.0,
        "Total Operating Income As Reported": 27800000.0,
        "Diluted Average Shares": 31409800.0,
        "Basic Average Shares": 31260100.0,
        "Diluted EPS": 0.36,
        "Basic EPS": 0.36,
        "Diluted NI Availto Com Stockholders": 11500000.0,
        "Net Income Common Stockholders": 11500000.0,
        "Otherunder Preferred Stock Dividend": 300000.0,
        "Net Income": 11800000.0,
        "Net Income Including Noncontrolling Interests": 11800000.0,
        "Net Income Continuous Operations": 11800000.0,
        "Earnings From Equity Interest Net Of Tax": 1700000.0,
        "Tax Provision": 4600000.0,
        "Pretax Income": 14700000.0,
        "Other Income Expense": 4900000.0,
        "Other Non Operating Income Expenses": 7300000.0,
        "Special Income Charges": -2400000.0,
        "Write Off": 0.0,
        "Restructuring And Mergern Acquisition": 2400000.0,
        "Net Non Operating Interest Income Expense": -20400000.0,
        "Interest Expense Non Operating": 20400000.0,
        "Operating Income": 30200000.0,
        "Operating Expense": 69400000.0,
        "Research And Development": 5400000.0,
        "Selling General And Administration": 64000000.0,
        "Selling And Marketing Expense": 15000000.0,
        "General And Administrative Expense": 49000000.0,
        "Other Gand A": 49000000.0,
        "Gross Profit": 99600000.0,
        "Cost Of Revenue": 326800000.0,
        "Total Revenue": 426400000.0,
        "Operating Revenue": 426400000.0
    },
    "2022-03-31": {
        "Diluted EPS": 0.05,
        "Total Revenue": 407,
        "Gross Profit": 93,
        "Operating Income": 11,
        "EBIT": 36,
        "Net Income": 1
    },
    "2021-12-31": {
        "Diluted EPS": 1.68,
        "Total Revenue": 390,
        "Gross Profit": 76,
        "Operating Income": 11,
        "EBIT": 33,
        "Net Income": 52
    },
    "2021-09-30": {
        "Diluted EPS": 0.38,
        "Total Revenue": 384,
        "Gross Profit": 85,
        "Operating Income": 23,
        "EBIT": 48,
        "Net Income": 12
    },
    "2021-06-30": {
        "Diluted EPS": 0.06,
        "Total Revenue": 378,
        "Gross Profit": 88,
        "Operating Income": 16,
        "EBIT": 44,
        "Net Income": 2
    },
    "2021-03-31": {
        "Diluted EPS": 0.68,
        "Total Revenue": 288,
        "Gross Profit": 81,
        "Operating Income": 34,
        "EBIT": 50,
        "Net Income": 22
    },
    "2020-12-31": {
        "Diluted EPS": 0.48,
        "Total Revenue": 279,
        "Gross Profit": 80,
        "Operating Income": 23,
        "EBIT": 43,
        "Net Income": 15
    },
    "2020-09-30": {
        "Diluted EPS": 0.78,
        "Total Revenue": 279,
        "Gross Profit": 80,
        "Operating Income": 37,
        "EBIT": 57,
        "Net Income": 24
    },
    "2020-06-30": {
        "Diluted EPS": 0.68,
        "Total Revenue": 254,
        "Gross Profit": 74,
        "Operating Income": 34,
        "EBIT": 52,
        "Net Income": 22
    },
    "2020-03-31": {
        "Diluted EPS": 0.72,
        "Total Revenue": 262,
        "Gross Profit": 74,
        "Operating Income": 34,
        "EBIT": 49,
        "Net Income": 22
    },
    "2019-12-31": {
        "Diluted EPS": 0.64,
        "Total Revenue": 239,
        "Gross Profit": 71,
        "Operating Income": 25,
        "EBIT": 39,
        "Net Income": 20
    },
    "2019-09-30": {
        "Diluted EPS": 0.9,
        "Total Revenue": 256,
        "Gross Profit": 72,
        "Operating Income": 35,
        "EBIT": 49,
        "Net Income": 28
    },
    "2019-06-30": {
        "Diluted EPS": 0.66,
        "Total Revenue": 270,
        "Gross Profit": 79,
        "Operating Income": 44,
        "EBIT": 59,
        "Net Income": 20
    },
    "2019-03-31": {
        "Diluted EPS": 0.56,
        "Total Revenue": 258,
        "Gross Profit": 68,
        "Operating Income": 30,
        "EBIT": 45,
        "Net Income": 17
    },
    "2018-12-31": {
        "Diluted EPS": 0.23,
        "Total Revenue": 249,
        "Gross Profit": 64,
        "Operating Income": 27,
        "EBIT": 42,
        "Net Income": 7
    },
    "2018-09-30": {
        "Diluted EPS": 1.33,
        "Total Revenue": 260,
        "Gross Profit": 65,
        "Operating Income": 31,
        "EBIT": 47,
        "Net Income": 41
    },
    "2018-06-30": {
        "Diluted EPS": 0.83,
        "Total Revenue": 270,
        "Gross Profit": 77,
        "Operating Income": 42,
        "EBIT": 58,
        "Net Income": 26
    },
    "2018-03-31": {
        "Diluted EPS": 0.67,
        "Total Revenue": 262,
        "Gross Profit": 72,
        "Operating Income": 35,
        "EBIT": 51,
        "Net Income": 20
    },
    "2017-12-31": {
        "Diluted EPS": -0.89,
        "Total Revenue": 236,
        "Gross Profit": 67,
        "Operating Income": 21,
        "EBIT": 34,
        "Net Income": -27
    },
    "2017-09-30": {
        "Diluted EPS": 0.84,
        "Total Revenue": 258,
        "Gross Profit": 76,
        "Operating Income": 39,
        "EBIT": 54,
        "Net Income": 26
    },
    "2017-06-30": {
        "Diluted EPS": 0.72,
        "Total Revenue": 255,
        "Gross Profit": 77,
        "Operating Income": 40,
        "EBIT": 56,
        "Net Income": 22
    },
    "2017-03-31": {
        "Diluted EPS": 0.45,
        "Total Revenue": 233,
        "Gross Profit": 63,
        "Operating Income": 28,
        "EBIT": 44,
        "Net Income": 14
    },
    "2016-12-31": {
        "Diluted EPS": 0.55,
        "Total Revenue": 199,
        "Gross Profit": 64,
        "Operating Income": 10,
        "EBIT": 21,
        "Net Income": 17
    },
    "2016-09-30": {
        "Diluted EPS": 0.61,
        "Total Revenue": 209,
        "Gross Profit": 63,
        "Operating Income": 31,
        "EBIT": 42,
        "Net Income": 19
    },
    "2016-06-30": {
        "Diluted EPS": 0.85,
        "Total Revenue": 217,
        "Gross Profit": 67,
        "Operating Income": 38,
        "EBIT": 49,
        "Net Income": 26
    },
    "2016-03-31": {
        "Diluted EPS": 0.69,
        "Total Revenue": 215,
        "Gross Profit": 64,
        "Operating Income": 32,
        "EBIT": 42,
        "Net Income": 21
    },
    "2015-12-31": {
        "Diluted EPS": 0.72,
        "Total Revenue": 210,
        "Gross Profit": 66,
        "Operating Income": 25,
        "EBIT": 37,
        "Net Income": 22
    },
    "2015-09-30": {
        "Diluted EPS": 0.85,
        "Total Revenue": 184,
        "Gross Profit": 52,
        "Operating Income": 32,
        "EBIT": 41,
        "Net Income": 26
    },
    "2015-06-30": {
        "Diluted EPS": 0.76,
        "Total Revenue": 182,
        "Gross Profit": 55,
        "Operating Income": 24,
        "EBIT": 34,
        "Net Income": 23
    },
    "2015-03-31": {
        "Diluted EPS": 0.61,
        "Total Revenue": 188,
        "Gross Profit": 51,
        "Operating Income": 23,
        "EBIT": 32,
        "Net Income": 19
    },
    "2014-12-31": {
        "Diluted EPS": 0.61,
        "Total Revenue": 182,
        "Gross Profit": 49,
        "Operating Income": 17,
        "EBIT": 28,
        "Net Income": 19
    },
    "2014-09-30": {
        "Diluted EPS": 0.76,
        "Total Revenue": 204,
        "Gross Profit": 53,
        "Operating Income": 25,
        "EBIT": 37,
        "Net Income": 23
    },
    "2014-06-30": {
        "Diluted EPS": 0.81,
        "Total Revenue": 204,
        "Gross Profit": 59,
        "Operating Income": 31,
        "EBIT": 41,
        "Net Income": 25
    },
    "2014-03-31": {
        "Diluted EPS": 0.75,
        "Total Revenue": 205,
        "Gross Profit": 58,
        "Operating Income": 33,
        "EBIT": 46,
        "Net Income": 23
    },
    "2013-12-31": {
        "Diluted EPS": -0.3,
        "Total Revenue": 197,
        "Gross Profit": 62,
        "Operating Income": -1,
        "EBIT": 10,
        "Net Income": -10
    },
    "2013-09-30": {
        "Diluted EPS": 0.92,
        "Total Revenue": 185,
        "Gross Profit": 63,
        "Operating Income": 42,
        "EBIT": 51,
        "Net Income": 29
    },
    "2013-06-30": {
        "Diluted EPS": 0.84,
        "Total Revenue": 197,
        "Gross Profit": 65,
        "Operating Income": 42,
        "EBIT": 52,
        "Net Income": 26
    },
    "2013-03-31": {
        "Diluted EPS": 0.96,
        "Total Revenue": 195,
        "Gross Profit": 63,
        "Operating Income": 42,
        "EBIT": 50,
        "Net Income": 30
    },
    "2012-12-31": {
        "Diluted EPS": 0.53,
        "Total Revenue": 195,
        "Gross Profit": 65,
        "Operating Income": 40,
        "EBIT": 49,
        "Net Income": 17
    },
    "2012-09-30": {
        "Diluted EPS": 0.87,
        "Total Revenue": 196,
        "Gross Profit": 66,
        "Operating Income": 49,
        "EBIT": 59,
        "Net Income": 27
    },
    "2012-06-30": {
        "Diluted EPS": 0.66,
        "Total Revenue": 193,
        "Gross Profit": 64,
        "Operating Income": 38,
        "EBIT": 47,
        "Net Income": 21
    },
    "2012-03-31": {
        "Diluted EPS": 0.45,
        "Total Revenue": 195,
        "Gross Profit": 64,
        "Operating Income": 25,
        "EBIT": 35,
        "Net Income": 14
    },
    "2011-12-31": {
        "Diluted EPS": 1.42,
        "Total Revenue": 190,
        "Gross Profit": 84,
        "Operating Income": 56,
        "EBIT": 65,
        "Net Income": 48
    },
    "2011-09-30": {
        "Diluted EPS": 0.29,
        "Total Revenue": 211,
        "Gross Profit": 56,
        "Operating Income": 11,
        "EBIT": 22,
        "Net Income": 9
    },
    "2011-06-30": {
        "Diluted EPS": 0.57,
        "Total Revenue": 206,
        "Gross Profit": 55,
        "Operating Income": 32,
        "EBIT": 40,
        "Net Income": 20
    },
    "2011-03-31": {
        "Diluted EPS": 0.46,
        "Total Revenue": 181,
        "Gross Profit": 47,
        "Operating Income": 26,
        "EBIT": 35,
        "Net Income": 16
    },
    "2010-12-31": {
        "Diluted EPS": 0.37,
        "Total Revenue": 170,
        "Gross Profit": 47,
        "Operating Income": 24,
        "EBIT": 33,
        "Net Income": 12
    },
    "2010-09-30": {
        "Diluted EPS": 0.49,
        "Total Revenue": 182,
        "Gross Profit": 50,
        "Operating Income": 31,
        "EBIT": 38,
        "Net Income": 18
    },
    "2010-06-30": {
        "Diluted EPS": 0.39,
        "Total Revenue": 183,
        "Gross Profit": 45,
        "Operating Income": 25,
        "EBIT": 33,
        "Net Income": 15
    },
    "2010-03-31": {
        "Diluted EPS": 0.51,
        "Total Revenue": 193,
        "Gross Profit": 54,
        "Operating Income": 31,
        "EBIT": 39,
        "Net Income": 19
    },
    "2009-12-31": {
        "Diluted EPS": 0.31,
        "Total Revenue": 170,
        "Gross Profit": 47,
        "Operating Income": 35,
        "EBIT": 46,
        "Net Income": 10
    },
    "2009-09-30": {
        "Diluted EPS": 0.14,
        "Total Revenue": 182,
        "Gross Profit": 55,
        "Operating Income": 19,
        "EBIT": 29,
        "Net Income": 5
    },
    "2009-06-30": {
        "Diluted EPS": 0.23,
        "Total Revenue": 183,
        "Gross Profit": 45,
        "Operating Income": 12,
        "EBIT": 22,
        "Net Income": 7
    },
    "2009-03-31": {
        "Diluted EPS": 0.44,
        "Total Revenue": 184,
        "Gross Profit": 42,
        "Operating Income": 23,
        "EBIT": 32,
        "Net Income": 13
    },
    "2023-06-30": {
        "Tax Effect Of Unusual Items": NaN,
        "Tax Rate For Calcs": NaN,
        "Normalized EBITDA": NaN,
        "Total Unusual Items": NaN,
        "Total Unusual Items Excluding Goodwill": NaN,
        "Net Income From Continuing Operation Net Minority Interest": NaN,
        "Reconciled Depreciation": NaN,
        "Reconciled Cost Of Revenue": NaN,
        "EBITDA": NaN,
        "EBIT": NaN,
        "Net Interest Income": NaN,
        "Interest Expense": NaN,
        "Normalized Income": NaN,
        "Net Income From Continuing And Discontinued Operation": NaN,
        "Total Expenses": NaN,
        "Total Operating Income As Reported": NaN,
        "Diluted Average Shares": NaN,
        "Basic Average Shares": NaN,
        "Diluted EPS": NaN,
        "Basic EPS": NaN,
        "Diluted NI Availto Com Stockholders": NaN,
        "Net Income Common Stockholders": NaN,
        "Otherunder Preferred Stock Dividend": NaN,
        "Net Income": NaN,
        "Net Income Including Noncontrolling Interests": NaN,
        "Net Income Discontinuous Operations": NaN,
        "Net Income Continuous Operations": NaN,
        "Earnings From Equity Interest Net Of Tax": 100000.0,
        "Tax Provision": NaN,
        "Pretax Income": NaN,
        "Other Income Expense": NaN,
        "Other Non Operating Income Expenses": NaN,
        "Special Income Charges": NaN,
        "Write Off": 0.0,
        "Impairment Of Capital Assets": NaN,
        "Restructuring And Mergern Acquisition": NaN,
        "Net Non Operating Interest Income Expense": NaN,
        "Interest Expense Non Operating": NaN,
        "Operating Income": NaN,
        "Operating Expense": NaN,
        "Research And Development": NaN,
        "Selling General And Administration": NaN,
        "Selling And Marketing Expense": NaN,
        "General And Administrative Expense": NaN,
        "Other Gand A": NaN,
        "Gross Profit": NaN,
        "Cost Of Revenue": NaN,
        "Total Revenue": NaN,
        "Operating Revenue": NaN
    },
    "2023-09-30": {
        "Tax Effect Of Unusual Items": NaN,
        "Tax Rate For Calcs": NaN,
        "Normalized EBITDA": NaN,
        "Total Unusual Items": NaN,
        "Total Unusual Items Excluding Goodwill": NaN,
        "Net Income From Continuing Operation Net Minority Interest": NaN,
        "Reconciled Depreciation": NaN,
        "Reconciled Cost Of Revenue": NaN,
        "EBITDA": NaN,
        "EBIT": NaN,
        "Net Interest Income": NaN,
        "Interest Expense": NaN,
        "Normalized Income": NaN,
        "Net Income From Continuing And Discontinued Operation": NaN,
        "Total Expenses": NaN,
        "Total Operating Income As Reported": NaN,
        "Diluted Average Shares": NaN,
        "Basic Average Shares": NaN,
        "Diluted EPS": NaN,
        "Basic EPS": NaN,
        "Diluted NI Availto Com Stockholders": NaN,
        "Net Income Common Stockholders": NaN,
        "Otherunder Preferred Stock Dividend": NaN,
        "Net Income": NaN,
        "Net Income Including Noncontrolling Interests": NaN,
        "Net Income Discontinuous Operations": NaN,
        "Net Income Continuous Operations": NaN,
        "Tax Provision": NaN,
        "Pretax Income": NaN,
        "Other Income Expense": NaN,
        "Other Non Operating Income Expenses": NaN,
        "Special Income Charges": NaN,
        "Write Off": 15000000.0,
        "Impairment Of Capital Assets": NaN,
        "Restructuring And Mergern Acquisition": NaN,
        "Net Non Operating Interest Income Expense": NaN,
        "Interest Expense Non Operating": NaN,
        "Operating Income": NaN,
        "Operating Expense": NaN,
        "Depreciation Amortization Depletion Income Statement": NaN,
        "Depreciation And Amortization In Income Statement": NaN,
        "Amortization": NaN,
        "Amortization Of Intangibles Income Statement": NaN,
        "Research And Development": NaN,
        "Selling General And Administration": NaN,
        "Selling And Marketing Expense": 20500000.0,
        "General And Administrative Expense": NaN,
        "Other Gand A": NaN,
        "Gross Profit": NaN,
        "Cost Of Revenue": NaN,
        "Total Revenue": NaN,
        "Operating Revenue": NaN
    },
    "2023-12-31": {
        "Tax Effect Of Unusual Items": NaN,
        "Tax Rate For Calcs": NaN,
        "Normalized EBITDA": NaN,
        "Total Unusual Items": NaN,
        "Total Unusual Items Excluding Goodwill": NaN,
        "Net Income From Continuing Operation Net Minority Interest": NaN,
        "Reconciled Depreciation": NaN,
        "Reconciled Cost Of Revenue": NaN,
        "EBITDA": NaN,
        "EBIT": NaN,
        "Net Interest Income": NaN,
        "Interest Expense": NaN,
        "Normalized Income": NaN,
        "Net Income From Continuing And Discontinued Operation": NaN,
        "Total Expenses": NaN,
        "Total Operating Income As Reported": NaN,
        "Diluted Average Shares": NaN,
        "Basic Average Shares": NaN,
        "Diluted EPS": NaN,
        "Basic EPS": NaN,
        "Diluted NI Availto Com Stockholders": NaN,
        "Net Income Common Stockholders": NaN,
        "Otherunder Preferred Stock Dividend": NaN,
        "Net Income": NaN,
        "Net Income Including Noncontrolling Interests": NaN,
        "Net Income Discontinuous Operations": 171300000.0,
        "Net Income Continuous Operations": NaN,
        "Tax Provision": NaN,
        "Pretax Income": NaN,
        "Other Income Expense": NaN,
        "Other Non Operating Income Expenses": NaN,
        "Special Income Charges": NaN,
        "Write Off": NaN,
        "Impairment Of Capital Assets": NaN,
        "Restructuring And Mergern Acquisition": NaN,
        "Net Non Operating Interest Income Expense": NaN,
        "Interest Expense Non Operating": NaN,
        "Operating Income": NaN,
        "Operating Expense": NaN,
        "Depreciation Amortization Depletion Income Statement": NaN,
        "Depreciation And Amortization In Income Statement": NaN,
        "Amortization": NaN,
        "Amortization Of Intangibles Income Statement": NaN,
        "Research And Development": NaN,
        "Selling General And Administration": NaN,
        "Selling And Marketing Expense": 18300000.0,
        "General And Administrative Expense": 60200000.0,
        "Other Gand A": 60200000.0,
        "Gross Profit": NaN,
        "Cost Of Revenue": NaN,
        "Total Revenue": NaN,
        "Operating Revenue": NaN
    },
    "2024-03-31": {
        "Tax Effect Of Unusual Items": NaN,
        "Tax Rate For Calcs": NaN,
        "Normalized EBITDA": NaN,
        "Total Unusual Items": NaN,
        "Total Unusual Items Excluding Goodwill": NaN,
        "Net Income From Continuing Operation Net Minority Interest": NaN,
        "Reconciled Depreciation": NaN,
        "Reconciled Cost Of Revenue": NaN,
        "EBITDA": NaN,
        "EBIT": NaN,
        "Net Interest Income": NaN,
        "Interest Expense": NaN,
        "Normalized Income": NaN,
        "Net Income From Continuing And Discontinued Operation": NaN,
        "Total Expenses": NaN,
        "Total Operating Income As Reported": NaN,
        "Diluted Average Shares": NaN,
        "Basic Average Shares": NaN,
        "Diluted EPS": NaN,
        "Basic EPS": NaN,
        "Diluted NI Availto Com Stockholders": NaN,
        "Net Income Common Stockholders": NaN,
        "Otherunder Preferred Stock Dividend": NaN,
        "Net Income": NaN,
        "Net Income Including Noncontrolling Interests": NaN,
        "Net Income Discontinuous Operations": 0.0,
        "Net Income Continuous Operations": NaN,
        "Tax Provision": NaN,
        "Pretax Income": NaN,
        "Other Income Expense": NaN,
        "Other Non Operating Income Expenses": NaN,
        "Special Income Charges": NaN,
        "Write Off": NaN,
        "Impairment Of Capital Assets": NaN,
        "Restructuring And Mergern Acquisition": NaN,
        "Net Non Operating Interest Income Expense": NaN,
        "Interest Expense Non Operating": NaN,
        "Operating Income": NaN,
        "Operating Expense": NaN,
        "Depreciation Amortization Depletion Income Statement": 15800000.0,
        "Depreciation And Amortization In Income Statement": 15800000.0,
        "Amortization": 15800000.0,
        "Amortization Of Intangibles Income Statement": 15800000.0,
        "Research And Development": NaN,
        "Selling General And Administration": NaN,
        "Selling And Marketing Expense": 18500000.0,
        "General And Administrative Expense": 58900000.0,
        "Other Gand A": 58900000.0,
        "Gross Profit": NaN,
        "Cost Of Revenue": NaN,
        "Total Revenue": NaN,
        "Operating Revenue": NaN
    },
    "2024-06-30": {
        "Tax Effect Of Unusual Items": NaN,
        "Tax Rate For Calcs": NaN,
        "Normalized EBITDA": NaN,
        "Total Unusual Items": NaN,
        "Total Unusual Items Excluding Goodwill": NaN,
        "Net Income From Continuing Operation Net Minority Interest": NaN,
        "Reconciled Depreciation": NaN,
        "Reconciled Cost Of Revenue": NaN,
        "EBITDA": NaN,
        "EBIT": NaN,
        "Net Interest Income": NaN,
        "Interest Expense": NaN,
        "Normalized Income": NaN,
        "Net Income From Continuing And Discontinued Operation": NaN,
        "Total Expenses": NaN,
        "Total Operating Income As Reported": NaN,
        "Diluted Average Shares": NaN,
        "Basic Average Shares": NaN,
        "Diluted EPS": NaN,
        "Basic EPS": NaN,
        "Diluted NI Availto Com Stockholders": NaN,
        "Net Income Common Stockholders": NaN,
        "Otherunder Preferred Stock Dividend": 100000.0,
        "Net Income": NaN,
        "Net Income Including Noncontrolling Interests": NaN,
        "Net Income Discontinuous Operations": 0.0,
        "Net Income Continuous Operations": NaN,
        "Tax Provision": NaN,
        "Pretax Income": NaN,
        "Other Income Expense": NaN,
        "Other Non Operating Income Expenses": NaN,
        "Special Income Charges": NaN,
        "Write Off": 7200000.0,
        "Impairment Of Capital Assets": NaN,
        "Restructuring And Mergern Acquisition": NaN,
        "Net Non Operating Interest Income Expense": NaN,
        "Interest Expense Non Operating": NaN,
        "Operating Income": NaN,
        "Operating Expense": NaN,
        "Depreciation Amortization Depletion Income Statement": 15700000.0,
        "Depreciation And Amortization In Income Statement": 15700000.0,
        "Amortization": 15700000.0,
        "Amortization Of Intangibles Income Statement": 15700000.0,
        "Research And Development": NaN,
        "Selling General And Administration": NaN,
        "Selling And Marketing Expense": 18000000.0,
        "General And Administrative Expense": 62800000.0,
        "Other Gand A": 62800000.0,
        "Gross Profit": NaN,
        "Cost Of Revenue": NaN,
        "Total Revenue": NaN,
        "Operating Revenue": NaN
    },
    "2024-09-30": {
        "Tax Effect Of Unusual Items": -1493333.333333,
        "Tax Rate For Calcs": 0.133333,
        "Normalized EBITDA": 41200000.0,
        "Total Unusual Items": -11200000.0,
        "Total Unusual Items Excluding Goodwill": -11200000.0,
        "Net Income From Continuing Operation Net Minority Interest": -20800000.0,
        "Reconciled Depreciation": 35700000.0,
        "Reconciled Cost Of Revenue": 384600000.0,
        "EBITDA": 30000000.0,
        "EBIT": -5700000.0,
        "Net Interest Income": -18300000.0,
        "Interest Expense": 18300000.0,
        "Normalized Income": -11093333.333333,
        "Net Income From Continuing And Discontinued Operation": -20800000.0,
        "Total Expenses": 480300000.0,
        "Total Operating Income As Reported": 7000000.0,
        "Diluted Average Shares": 54327500.0,
        "Basic Average Shares": 54327500.0,
        "Diluted EPS": -0.38,
        "Basic EPS": -0.38,
        "Diluted NI Availto Com Stockholders": -20900000.0,
        "Net Income Common Stockholders": -20900000.0,
        "Otherunder Preferred Stock Dividend": 100000.0,
        "Net Income": -20800000.0,
        "Net Income Including Noncontrolling Interests": -20800000.0,
        "Net Income Discontinuous Operations": 0.0,
        "Net Income Continuous Operations": -20800000.0,
        "Tax Provision": -3200000.0,
        "Pretax Income": -24000000.0,
        "Other Income Expense": -23900000.0,
        "Other Non Operating Income Expenses": -12700000.0,
        "Special Income Charges": -11200000.0,
        "Write Off": 8900000.0,
        "Impairment Of Capital Assets": 0.0,
        "Restructuring And Mergern Acquisition": 2300000.0,
        "Net Non Operating Interest Income Expense": -18300000.0,
        "Interest Expense Non Operating": 18300000.0,
        "Operating Income": 18200000.0,
        "Operating Expense": 75400000.0,
        "Depreciation Amortization Depletion Income Statement": NaN,
        "Depreciation And Amortization In Income Statement": NaN,
        "Amortization": NaN,
        "Amortization Of Intangibles Income Statement": NaN,
        "Research And Development": 5700000.0,
        "Selling General And Administration": 54300000.0,
        "Selling And Marketing Expense": 18100000.0,
        "General And Administrative Expense": 51600000.0,
        "Other Gand A": 51600000.0,
        "Gross Profit": 93600000.0,
        "Cost Of Revenue": 404900000.0,
        "Total Revenue": 498500000.0,
        "Operating Revenue": 498500000.0
    },
    "2024-12-31": {
        "Tax Effect Of Unusual Items": -1680000.0,
        "Tax Rate For Calcs": 0.21,
        "Normalized EBITDA": 47600000.0,
        "Total Unusual Items": -8000000.0,
        "Total Unusual Items Excluding Goodwill": -8000000.0,
        "Net Income From Continuing Operation Net Minority Interest": 1500000.0,
        "Reconciled Depreciation": 35400000.0,
        "Reconciled Cost Of Revenue": 381000000.0,
        "EBITDA": 39600000.0,
        "EBIT": 4200000.0,
        "Net Interest Income": -19700000.0,
        "Interest Expense": 19700000.0,
        "Normalized Income": 7820000.0,
        "Net Income From Continuing And Discontinued Operation": 1500000.0,
        "Total Expenses": 455300000.0,
        "Total Operating Income As Reported": 2600000.0,
        "Diluted Average Shares": 54335800.0,
        "Basic Average Shares": 54335800.0,
        "Diluted EPS": 0.03,
        "Basic EPS": 0.03,
        "Diluted NI Availto Com Stockholders": 1500000.0,
        "Net Income Common Stockholders": 1500000.0,
        "Otherunder Preferred Stock Dividend": 0.0,
        "Net Income": 1500000.0,
        "Net Income Including Noncontrolling Interests": 1500000.0,
        "Net Income Discontinuous Operations": 0.0,
        "Net Income Continuous Operations": 1500000.0,
        "Tax Provision": -17000000.0,
        "Pretax Income": -15500000.0,
        "Other Income Expense": 900000.0,
        "Other Non Operating Income Expenses": 8900000.0,
        "Special Income Charges": -8000000.0,
        "Write Off": NaN,
        "Impairment Of Capital Assets": 0.0,
        "Restructuring And Mergern Acquisition": 16800000.0,
        "Net Non Operating Interest Income Expense": -19700000.0,
        "Interest Expense Non Operating": 19700000.0,
        "Operating Income": 3300000.0,
        "Operating Expense": 74300000.0,
        "Depreciation Amortization Depletion Income Statement": NaN,
        "Depreciation And Amortization In Income Statement": NaN,
        "Amortization": NaN,
        "Amortization Of Intangibles Income Statement": NaN,
        "Research And Development": 5500000.0,
        "Selling General And Administration": 5900000.0,
        "Selling And Marketing Expense": NaN,
        "General And Administrative Expense": 60500000.0,
        "Other Gand A": 60500000.0,
        "Gross Profit": 77600000.0,
        "Cost Of Revenue": 381000000.0,
        "Total Revenue": 458600000.0,
        "Operating Revenue": 458600000.0
    },
    "2025-03-31": {
        "Tax Effect Of Unusual Items": -23001000.0,
        "Tax Rate For Calcs": 0.055,
        "Normalized EBITDA": 21100000.0,
        "Total Unusual Items": -418200000.0,
        "Total Unusual Items Excluding Goodwill": -418200000.0,
        "Net Income From Continuing Operation Net Minority Interest": -425500000.0,
        "Reconciled Depreciation": 35300000.0,
        "Reconciled Cost Of Revenue": 392300000.0,
        "EBITDA": -397100000.0,
        "EBIT": -432400000.0,
        "Net Interest Income": -17800000.0,
        "Interest Expense": 17800000.0,
        "Normalized Income": -30301000.0,
        "Net Income From Continuing And Discontinued Operation": -425500000.0,
        "Total Expenses": 497200000.0,
        "Total Operating Income As Reported": -430600000.0,
        "Diluted Average Shares": 54447200.0,
        "Basic Average Shares": 54447200.0,
        "Diluted EPS": -7.82,
        "Basic EPS": -7.82,
        "Diluted NI Availto Com Stockholders": -425500000.0,
        "Net Income Common Stockholders": -425500000.0,
        "Otherunder Preferred Stock Dividend": NaN,
        "Net Income": -425500000.0,
        "Net Income Including Noncontrolling Interests": -425500000.0,
        "Net Income Discontinuous Operations": NaN,
        "Net Income Continuous Operations": -425500000.0,
        "Tax Provision": -24700000.0,
        "Pretax Income": -450200000.0,
        "Other Income Expense": -420000000.0,
        "Other Non Operating Income Expenses": -1800000.0,
        "Special Income Charges": -418200000.0,
        "Write Off": 5300000.0,
        "Impairment Of Capital Assets": 411900000.0,
        "Restructuring And Mergern Acquisition": 1000000.0,
        "Net Non Operating Interest Income Expense": -17800000.0,
        "Interest Expense Non Operating": 17800000.0,
        "Operating Income": -12400000.0,
        "Operating Expense": 85000000.0,
        "Depreciation Amortization Depletion Income Statement": 15400000.0,
        "Depreciation And Amortization In Income Statement": 15400000.0,
        "Amortization": 15400000.0,
        "Amortization Of Intangibles Income Statement": 15400000.0,
        "Research And Development": 6300000.0,
        "Selling General And Administration": 63300000.0,
        "Selling And Marketing Expense": NaN,
        "General And Administrative Expense": NaN,
        "Other Gand A": NaN,
        "Gross Profit": 72600000.0,
        "Cost Of Revenue": 412200000.0,
        "Total Revenue": 484800000.0,
        "Operating Revenue": 484800000.0
    },
    "2025-06-30": {
        "Tax Effect Of Unusual Items": -798000.0,
        "Tax Rate For Calcs": 0.21,
        "Normalized EBITDA": 61600000.0,
        "Total Unusual Items": -3800000.0,
        "Total Unusual Items Excluding Goodwill": -3800000.0,
        "Net Income From Continuing Operation Net Minority Interest": -9500000.0,
        "Reconciled Depreciation": 36200000.0,
        "Reconciled Cost Of Revenue": 401400000.0,
        "EBITDA": 57800000.0,
        "EBIT": 21600000.0,
        "Net Interest Income": -18600000.0,
        "Interest Expense": 18600000.0,
        "Normalized Income": -6498000.0,
        "Net Income From Continuing And Discontinued Operation": -9500000.0,
        "Total Expenses": 501500000.0,
        "Total Operating Income As Reported": 20100000.0,
        "Diluted Average Shares": 54624900.0,
        "Basic Average Shares": 54624900.0,
        "Diluted EPS": -0.18,
        "Basic EPS": -0.18,
        "Diluted NI Availto Com Stockholders": -9600000.0,
        "Net Income Common Stockholders": -9600000.0,
        "Otherunder Preferred Stock Dividend": 100000.0,
        "Net Income": -9500000.0,
        "Net Income Including Noncontrolling Interests": -9500000.0,
        "Net Income Discontinuous Operations": NaN,
        "Net Income Continuous Operations": -9500000.0,
        "Tax Provision": 12500000.0,
        "Pretax Income": 3000000.0,
        "Other Income Expense": -2300000.0,
        "Other Non Operating Income Expenses": 1500000.0,
        "Special Income Charges": -3800000.0,
        "Write Off": 0.0,
        "Impairment Of Capital Assets": 0.0,
        "Restructuring And Mergern Acquisition": 3800000.0,
        "Net Non Operating Interest Income Expense": -18600000.0,
        "Interest Expense Non Operating": 18600000.0,
        "Operating Income": 23900000.0,
        "Operating Expense": 79800000.0,
        "Depreciation Amortization Depletion Income Statement": 15900000.0,
        "Depreciation And Amortization In Income Statement": 15900000.0,
        "Amortization": 15900000.0,
        "Amortization Of Intangibles Income Statement": 15900000.0,
        "Research And Development": 6700000.0,
        "Selling General And Administration": 57200000.0,
        "Selling And Marketing Expense": NaN,
        "General And Administrative Expense": NaN,
        "Other Gand A": NaN,
        "Gross Profit": 103700000.0,
        "Cost Of Revenue": 421700000.0,
        "Total Revenue": 525400000.0,
        "Operating Revenue": 525400000.0
    },
    "2025-09-30": {
        "Tax Effect Of Unusual Items": -1701000.0,
        "Tax Rate For Calcs": 0.21,
        "Normalized EBITDA": 55000000.0,
        "Total Unusual Items": -8100000.0,
        "Total Unusual Items Excluding Goodwill": -8100000.0,
        "Net Income From Continuing Operation Net Minority Interest": -3200000.0,
        "Reconciled Depreciation": 34800000.0,
        "Reconciled Cost Of Revenue": 395500000.0,
        "EBITDA": 46900000.0,
        "EBIT": 12100000.0,
        "Net Interest Income": -17700000.0,
        "Interest Expense": 17700000.0,
        "Normalized Income": 3199000.0,
        "Net Income From Continuing And Discontinued Operation": -3200000.0,
        "Total Expenses": 489600000.0,
        "Total Operating Income As Reported": 16000000.0,
        "Diluted Average Shares": 54671900.0,
        "Basic Average Shares": 54671900.0,
        "Diluted EPS": -0.06,
        "Basic EPS": -0.06,
        "Diluted NI Availto Com Stockholders": -3400000.0,
        "Net Income Common Stockholders": -3400000.0,
        "Otherunder Preferred Stock Dividend": 200000.0,
        "Net Income": -3200000.0,
        "Net Income Including Noncontrolling Interests": -3200000.0,
        "Net Income Discontinuous Operations": NaN,
        "Net Income Continuous Operations": -3200000.0,
        "Tax Provision": -2400000.0,
        "Pretax Income": -5600000.0,
        "Other Income Expense": -12000000.0,
        "Other Non Operating Income Expenses": -3900000.0,
        "Special Income Charges": -8100000.0,
        "Write Off": 6000000.0,
        "Impairment Of Capital Assets": 0.0,
        "Restructuring And Mergern Acquisition": 2100000.0,
        "Net Non Operating Interest Income Expense": -17700000.0,
        "Interest Expense Non Operating": 17700000.0,
        "Operating Income": 24100000.0,
        "Operating Expense": 75300000.0,
        "Depreciation Amortization Depletion Income Statement": 16000000.0,
        "Depreciation And Amortization In Income Statement": 16000000.0,
        "Amortization": 16000000.0,
        "Amortization Of Intangibles Income Statement": 16000000.0,
        "Research And Development": 5600000.0,
        "Selling General And Administration": 53700000.0,
        "Selling And Marketing Expense": NaN,
        "General And Administrative Expense": NaN,
        "Other Gand A": NaN,
        "Gross Profit": 99400000.0,
        "Cost Of Revenue": 414300000.0,
        "Total Revenue": 513700000.0,
        "Operating Revenue": 513700000.0
    }
}