{
    "2024-09-30": {
        "Tax Effect Of Unusual Items": 0.0,
        "Tax Rate For Calcs": 0.011146,
        "Normalized EBITDA": -23441000.0,
        "Total Unusual Items": -2648000.0,
        "Total Unusual Items Excluding Goodwill": -2648000.0,
        "Net Income From Continuing Operation Net Minority Interest": -24752000.0,
        "Reconciled Depreciation": 788000.0,
        "EBITDA": -23441000.0,
        "EBIT": -24229000.0,
        "Net Interest Income": 1846000.0,
        "Interest Income": 1846000.0,
        "Normalized Income": -24752000.0,
        "Net Income From Continuing And Discontinued Operation": -24752000.0,
        "Total Expenses": 26729000.0,
        "Total Operating Income As Reported": -24229000.0,
        "Diluted Average Shares": 43776978.0,
        "Basic Average Shares": 43776978.0,
        "Diluted EPS": -0.565411,
        "Basic EPS": -0.565411,
        "Diluted NI Availto Com Stockholders": -24752000.0,
        "Average Dilution Earnings": 0.0,
        "Net Income Common Stockholders": -24752000.0,
        "Otherunder Preferred Stock Dividend": 0.0,
        "Net Income": -24752000.0,
        "Net Income Including Noncontrolling Interests": -24752000.0,
        "Net Income Continuous Operations": -24752000.0,
        "Tax Provision": -279000.0,
        "Pretax Income": -25031000.0,
        "Other Income Expense": -2648000.0,
        "Other Non Operating Income Expenses": -2648000.0,
        "Special Income Charges": -2648000.0,
        "Other Special Charges": 2648000.0,
        "Net Non Operating Interest Income Expense": 1846000.0,
        "Interest Income Non Operating": 1846000.0,
        "Operating Income": -24229000.0,
        "Operating Expense": 26729000.0,
        "Research And Development": 19857000.0,
        "Selling General And Administration": 6872000.0,
        "General And Administrative Expense": 6872000.0,
        "Other Gand A": 6872000.0,
        "Total Revenue": 2500000.0,
        "Operating Revenue": 2500000.0
    },
    "2023-12-31": {
        "Tax Effect Of Unusual Items": NaN,
        "Tax Rate For Calcs": NaN,
        "Normalized EBITDA": NaN,
        "Total Unusual Items": -3830000.0,
        "Total Unusual Items Excluding Goodwill": -3830000.0,
        "Net Income From Continuing Operation Net Minority Interest": NaN,
        "Reconciled Depreciation": NaN,
        "EBITDA": NaN,
        "EBIT": NaN,
        "Net Interest Income": NaN,
        "Interest Income": NaN,
        "Normalized Income": NaN,
        "Net Income From Continuing And Discontinued Operation": NaN,
        "Total Expenses": NaN,
        "Total Operating Income As Reported": NaN,
        "Diluted Average Shares": NaN,
        "Basic Average Shares": NaN,
        "Diluted EPS": NaN,
        "Basic EPS": NaN,
        "Diluted NI Availto Com Stockholders": NaN,
        "Average Dilution Earnings": NaN,
        "Net Income Common Stockholders": NaN,
        "Otherunder Preferred Stock Dividend": NaN,
        "Net Income": NaN,
        "Net Income Including Noncontrolling Interests": NaN,
        "Net Income Continuous Operations": NaN,
        "Tax Provision": NaN,
        "Pretax Income": NaN,
        "Other Income Expense": NaN,
        "Other Non Operating Income Expenses": NaN,
        "Special Income Charges": -3830000.0,
        "Other Special Charges": NaN,
        "Net Non Operating Interest Income Expense": NaN,
        "Interest Income Non Operating": NaN,
        "Operating Income": NaN,
        "Operating Expense": NaN,
        "Research And Development": NaN,
        "Selling General And Administration": NaN,
        "General And Administrative Expense": NaN,
        "Other Gand A": NaN,
        "Total Revenue": NaN,
        "Operating Revenue": NaN
    },
    "2023-09-30": {
        "Tax Effect Of Unusual Items": NaN,
        "Tax Rate For Calcs": NaN,
        "Normalized EBITDA": NaN,
        "Total Unusual Items": 0.0,
        "Total Unusual Items Excluding Goodwill": 0.0,
        "Net Income From Continuing Operation Net Minority Interest": NaN,
        "Reconciled Depreciation": NaN,
        "EBITDA": NaN,
        "EBIT": NaN,
        "Net Interest Income": NaN,
        "Interest Income": NaN,
        "Normalized Income": NaN,
        "Net Income From Continuing And Discontinued Operation": NaN,
        "Total Expenses": NaN,
        "Total Operating Income As Reported": NaN,
        "Diluted Average Shares": NaN,
        "Basic Average Shares": NaN,
        "Diluted EPS": NaN,
        "Basic EPS": NaN,
        "Diluted NI Availto Com Stockholders": NaN,
        "Average Dilution Earnings": 0.0,
        "Net Income Common Stockholders": NaN,
        "Otherunder Preferred Stock Dividend": 0.0,
        "Net Income": NaN,
        "Net Income Including Noncontrolling Interests": NaN,
        "Net Income Continuous Operations": NaN,
        "Tax Provision": 0.0,
        "Pretax Income": NaN,
        "Other Income Expense": NaN,
        "Other Non Operating Income Expenses": NaN,
        "Special Income Charges": 0.0,
        "Other Special Charges": NaN,
        "Net Non Operating Interest Income Expense": NaN,
        "Interest Income Non Operating": NaN,
        "Operating Income": NaN,
        "Operating Expense": NaN,
        "Research And Development": NaN,
        "Selling General And Administration": NaN,
        "General And Administrative Expense": NaN,
        "Other Gand A": NaN,
        "Total Revenue": NaN,
        "Operating Revenue": NaN
    },
    "2024-12-31": {
        "Tax Effect Of Unusual Items": 0.0,
        "Tax Rate For Calcs": 0.009211,
        "Normalized EBITDA": -29021000.0,
        "Total Unusual Items": NaN,
        "Total Unusual Items Excluding Goodwill": NaN,
        "Net Income From Continuing Operation Net Minority Interest": -29579000.0,
        "Reconciled Depreciation": 705000.0,
        "EBITDA": -29021000.0,
        "EBIT": -29726000.0,
        "Net Interest Income": 1516000.0,
        "Interest Income": 1516000.0,
        "Normalized Income": -29579000.0,
        "Net Income From Continuing And Discontinued Operation": -29579000.0,
        "Total Expenses": 29726000.0,
        "Total Operating Income As Reported": -29726000.0,
        "Diluted Average Shares": 43776978.0,
        "Basic Average Shares": 43776978.0,
        "Diluted EPS": -1.017681,
        "Basic EPS": -1.017681,
        "Diluted NI Availto Com Stockholders": -5626000.0,
        "Average Dilution Earnings": NaN,
        "Net Income Common Stockholders": -4906000.0,
        "Otherunder Preferred Stock Dividend": -39645000.0,
        "Net Income": -29579000.0,
        "Net Income Including Noncontrolling Interests": -29579000.0,
        "Net Income Continuous Operations": -29579000.0,
        "Tax Provision": -275000.0,
        "Pretax Income": -29854000.0,
        "Other Income Expense": -1644000.0,
        "Other Non Operating Income Expenses": -1644000.0,
        "Special Income Charges": NaN,
        "Other Special Charges": NaN,
        "Net Non Operating Interest Income Expense": 1516000.0,
        "Interest Income Non Operating": 1516000.0,
        "Operating Income": -29726000.0,
        "Operating Expense": 29726000.0,
        "Research And Development": 22216000.0,
        "Selling General And Administration": 7510000.0,
        "General And Administrative Expense": 7510000.0,
        "Other Gand A": 7510000.0,
        "Total Revenue": 0.0,
        "Operating Revenue": 0.0
    },
    "2025-03-31": {
        "Tax Effect Of Unusual Items": 0.0,
        "Tax Rate For Calcs": 0.0,
        "Normalized EBITDA": -34717000.0,
        "Total Unusual Items": NaN,
        "Total Unusual Items Excluding Goodwill": NaN,
        "Net Income From Continuing Operation Net Minority Interest": -32786000.0,
        "Reconciled Depreciation": 684000.0,
        "EBITDA": -34717000.0,
        "EBIT": -35401000.0,
        "Net Interest Income": 2615000.0,
        "Interest Income": 2615000.0,
        "Normalized Income": -32786000.0,
        "Net Income From Continuing And Discontinued Operation": -32786000.0,
        "Total Expenses": 35401000.0,
        "Total Operating Income As Reported": -35401000.0,
        "Diluted Average Shares": 28628430.0,
        "Basic Average Shares": 28628430.0,
        "Diluted EPS": -1.15,
        "Basic EPS": -1.15,
        "Diluted NI Availto Com Stockholders": -32786000.0,
        "Average Dilution Earnings": NaN,
        "Net Income Common Stockholders": -32786000.0,
        "Otherunder Preferred Stock Dividend": NaN,
        "Net Income": -32786000.0,
        "Net Income Including Noncontrolling Interests": -32786000.0,
        "Net Income Continuous Operations": -32786000.0,
        "Tax Provision": NaN,
        "Pretax Income": -32786000.0,
        "Other Income Expense": NaN,
        "Other Non Operating Income Expenses": NaN,
        "Special Income Charges": NaN,
        "Other Special Charges": NaN,
        "Net Non Operating Interest Income Expense": 2615000.0,
        "Interest Income Non Operating": 2615000.0,
        "Operating Income": -35401000.0,
        "Operating Expense": 35401000.0,
        "Research And Development": 27580000.0,
        "Selling General And Administration": 7821000.0,
        "General And Administrative Expense": 7821000.0,
        "Other Gand A": 7821000.0,
        "Total Revenue": 0.0,
        "Operating Revenue": 0.0
    },
    "2024-06-30": {
        "Tax Effect Of Unusual Items": NaN,
        "Tax Rate For Calcs": NaN,
        "Normalized EBITDA": NaN,
        "Total Unusual Items": NaN,
        "Total Unusual Items Excluding Goodwill": NaN,
        "Net Income From Continuing Operation Net Minority Interest": NaN,
        "Reconciled Depreciation": NaN,
        "EBITDA": NaN,
        "EBIT": NaN,
        "Net Interest Income": NaN,
        "Interest Income": NaN,
        "Normalized Income": NaN,
        "Net Income From Continuing And Discontinued Operation": NaN,
        "Total Expenses": NaN,
        "Total Operating Income As Reported": NaN,
        "Diluted Average Shares": NaN,
        "Basic Average Shares": NaN,
        "Diluted EPS": NaN,
        "Basic EPS": NaN,
        "Diluted NI Availto Com Stockholders": NaN,
        "Average Dilution Earnings": -260000.0,
        "Net Income Common Stockholders": NaN,
        "Otherunder Preferred Stock Dividend": 124912000.0,
        "Net Income": NaN,
        "Net Income Including Noncontrolling Interests": NaN,
        "Net Income Continuous Operations": NaN,
        "Tax Provision": 1726000.0,
        "Pretax Income": NaN,
        "Other Income Expense": 216000.0,
        "Other Non Operating Income Expenses": 216000.0,
        "Special Income Charges": NaN,
        "Other Special Charges": NaN,
        "Net Non Operating Interest Income Expense": NaN,
        "Interest Income Non Operating": NaN,
        "Operating Income": NaN,
        "Operating Expense": NaN,
        "Research And Development": NaN,
        "Selling General And Administration": NaN,
        "General And Administrative Expense": NaN,
        "Other Gand A": NaN,
        "Total Revenue": NaN,
        "Operating Revenue": NaN
    },
    "2024-03-31": {
        "Tax Effect Of Unusual Items": NaN,
        "Tax Rate For Calcs": NaN,
        "Normalized EBITDA": NaN,
        "Total Unusual Items": NaN,
        "Total Unusual Items Excluding Goodwill": NaN,
        "Net Income From Continuing Operation Net Minority Interest": NaN,
        "Reconciled Depreciation": NaN,
        "EBITDA": NaN,
        "EBIT": NaN,
        "Net Interest Income": NaN,
        "Interest Income": NaN,
        "Normalized Income": NaN,
        "Net Income From Continuing And Discontinued Operation": NaN,
        "Total Expenses": NaN,
        "Total Operating Income As Reported": NaN,
        "Diluted Average Shares": NaN,
        "Basic Average Shares": NaN,
        "Diluted EPS": NaN,
        "Basic EPS": NaN,
        "Diluted NI Availto Com Stockholders": NaN,
        "Average Dilution Earnings": NaN,
        "Net Income Common Stockholders": NaN,
        "Otherunder Preferred Stock Dividend": NaN,
        "Net Income": NaN,
        "Net Income Including Noncontrolling Interests": NaN,
        "Net Income Continuous Operations": NaN,
        "Tax Provision": NaN,
        "Pretax Income": NaN,
        "Other Income Expense": -4761000.0,
        "Other Non Operating Income Expenses": -4761000.0,
        "Special Income Charges": NaN,
        "Other Special Charges": NaN,
        "Net Non Operating Interest Income Expense": NaN,
        "Interest Income Non Operating": NaN,
        "Operating Income": NaN,
        "Operating Expense": NaN,
        "Research And Development": NaN,
        "Selling General And Administration": NaN,
        "General And Administrative Expense": NaN,
        "Other Gand A": NaN,
        "Total Revenue": NaN,
        "Operating Revenue": NaN
    },
    "2025-06-30": {
        "Tax Effect Of Unusual Items": 0.0,
        "Tax Rate For Calcs": 0.0,
        "Normalized EBITDA": -35825000.0,
        "Total Unusual Items": NaN,
        "Total Unusual Items Excluding Goodwill": NaN,
        "Net Income From Continuing Operation Net Minority Interest": -33679000.0,
        "Reconciled Depreciation": 649000.0,
        "EBITDA": -35825000.0,
        "EBIT": -36474000.0,
        "Net Interest Income": 2795000.0,
        "Interest Income": 2795000.0,
        "Normalized Income": -33679000.0,
        "Net Income From Continuing And Discontinued Operation": -33679000.0,
        "Total Expenses": 36474000.0,
        "Total Operating Income As Reported": -36474000.0,
        "Diluted Average Shares": 43797421.0,
        "Basic Average Shares": 43797421.0,
        "Diluted EPS": -0.77,
        "Basic EPS": -0.77,
        "Diluted NI Availto Com Stockholders": -33679000.0,
        "Average Dilution Earnings": 0.0,
        "Net Income Common Stockholders": -33679000.0,
        "Otherunder Preferred Stock Dividend": 0.0,
        "Net Income": -33679000.0,
        "Net Income Including Noncontrolling Interests": -33679000.0,
        "Net Income Continuous Operations": -33679000.0,
        "Tax Provision": 0.0,
        "Pretax Income": -33679000.0,
        "Other Income Expense": NaN,
        "Other Non Operating Income Expenses": NaN,
        "Special Income Charges": NaN,
        "Other Special Charges": NaN,
        "Net Non Operating Interest Income Expense": 2795000.0,
        "Interest Income Non Operating": 2795000.0,
        "Operating Income": -36474000.0,
        "Operating Expense": 36474000.0,
        "Research And Development": 28108000.0,
        "Selling General And Administration": 8366000.0,
        "General And Administrative Expense": 8366000.0,
        "Other Gand A": 8366000.0,
        "Total Revenue": 0.0,
        "Operating Revenue": 0.0
    },
    "2025-09-30": {
        "Tax Effect Of Unusual Items": 0.0,
        "Tax Rate For Calcs": 0.0,
        "Normalized EBITDA": -32394000.0,
        "Total Unusual Items": NaN,
        "Total Unusual Items Excluding Goodwill": NaN,
        "Net Income From Continuing Operation Net Minority Interest": -30087000.0,
        "Reconciled Depreciation": 571000.0,
        "EBITDA": -32394000.0,
        "EBIT": -32965000.0,
        "Net Interest Income": 2878000.0,
        "Interest Income": 2878000.0,
        "Normalized Income": -30087000.0,
        "Net Income From Continuing And Discontinued Operation": -30087000.0,
        "Total Expenses": 32965000.0,
        "Total Operating Income As Reported": -32965000.0,
        "Diluted Average Shares": 45779577.0,
        "Basic Average Shares": 45779577.0,
        "Diluted EPS": -0.66,
        "Basic EPS": -0.66,
        "Diluted NI Availto Com Stockholders": -30087000.0,
        "Average Dilution Earnings": 0.0,
        "Net Income Common Stockholders": -30087000.0,
        "Otherunder Preferred Stock Dividend": 0.0,
        "Net Income": -30087000.0,
        "Net Income Including Noncontrolling Interests": -30087000.0,
        "Net Income Continuous Operations": -30087000.0,
        "Tax Provision": 0.0,
        "Pretax Income": -30087000.0,
        "Other Income Expense": NaN,
        "Other Non Operating Income Expenses": NaN,
        "Special Income Charges": NaN,
        "Other Special Charges": NaN,
        "Net Non Operating Interest Income Expense": 2878000.0,
        "Interest Income Non Operating": 2878000.0,
        "Operating Income": -32965000.0,
        "Operating Expense": 32965000.0,
        "Research And Development": 25190000.0,
        "Selling General And Administration": 7775000.0,
        "General And Administrative Expense": 7775000.0,
        "Other Gand A": 7775000.0,
        "Total Revenue": 0.0,
        "Operating Revenue": 0.0
    }
}