{
    "2023-06-30": {
        "Tax Effect Of Unusual Items": NaN,
        "Tax Rate For Calcs": NaN,
        "Total Unusual Items": NaN,
        "Total Unusual Items Excluding Goodwill": NaN,
        "Net Income From Continuing Operation Net Minority Interest": NaN,
        "Reconciled Depreciation": NaN,
        "Net Interest Income": NaN,
        "Interest Expense": NaN,
        "Interest Income": NaN,
        "Normalized Income": NaN,
        "Net Income From Continuing And Discontinued Operation": NaN,
        "Diluted Average Shares": NaN,
        "Basic Average Shares": NaN,
        "Diluted EPS": NaN,
        "Basic EPS": NaN,
        "Diluted NI Availto Com Stockholders": NaN,
        "Net Income Common Stockholders": NaN,
        "Net Income": NaN,
        "Net Income Including Noncontrolling Interests": NaN,
        "Net Income Continuous Operations": NaN,
        "Tax Provision": NaN,
        "Pretax Income": NaN,
        "Special Income Charges": NaN,
        "Write Off": 0.0,
        "Restructuring And Mergern Acquisition": NaN,
        "Gain On Sale Of Security": NaN,
        "Depreciation Amortization Depletion Income Statement": NaN,
        "Depreciation And Amortization In Income Statement": NaN,
        "Amortization": NaN,
        "Amortization Of Intangibles Income Statement": NaN,
        "Selling General And Administration": NaN,
        "Selling And Marketing Expense": NaN,
        "General And Administrative Expense": NaN,
        "Insurance And Claims": NaN,
        "Salaries And Wages": NaN,
        "Total Revenue": NaN,
        "Operating Revenue": NaN,
        "Occupancy And Equipment": NaN,
        "Professional Expense And Contract Services Expense": NaN,
        "Other Non Interest Expense": NaN
    },
    "2023-03-31": {
        "Tax Effect Of Unusual Items": -40848.3,
        "Tax Rate For Calcs": 0.1681,
        "Total Unusual Items": -243000.0,
        "Total Unusual Items Excluding Goodwill": -243000.0,
        "Net Income From Continuing Operation Net Minority Interest": 4896000.0,
        "Reconciled Depreciation": 484000.0,
        "Net Interest Income": 16418000.0,
        "Interest Expense": 3798000.0,
        "Interest Income": 20216000.0,
        "Normalized Income": 5098151.7,
        "Net Income From Continuing And Discontinued Operation": 4896000.0,
        "Diluted Average Shares": 8152629.0,
        "Basic Average Shares": 8138771.0,
        "Diluted EPS": 0.6,
        "Basic EPS": 0.6,
        "Diluted NI Availto Com Stockholders": 4896000.0,
        "Net Income Common Stockholders": 4896000.0,
        "Net Income": 4896000.0,
        "Net Income Including Noncontrolling Interests": 4896000.0,
        "Net Income Continuous Operations": 4896000.0,
        "Tax Provision": 989000.0,
        "Pretax Income": 5885000.0,
        "Special Income Charges": -245000.0,
        "Write Off": NaN,
        "Restructuring And Mergern Acquisition": 245000.0,
        "Gain On Sale Of Security": -138000.0,
        "Depreciation Amortization Depletion Income Statement": 291000.0,
        "Depreciation And Amortization In Income Statement": 291000.0,
        "Amortization": 291000.0,
        "Amortization Of Intangibles Income Statement": 291000.0,
        "Selling General And Administration": 6458000.0,
        "Selling And Marketing Expense": 486000.0,
        "General And Administrative Expense": 5972000.0,
        "Insurance And Claims": 120000.0,
        "Salaries And Wages": 5852000.0,
        "Total Revenue": 18186000.0,
        "Operating Revenue": 18186000.0,
        "Occupancy And Equipment": 1013000.0,
        "Professional Expense And Contract Services Expense": 538000.0,
        "Other Non Interest Expense": 3249000.0
    },
    "2022-12-31": {
        "Tax Effect Of Unusual Items": -409598.603419,
        "Tax Rate For Calcs": 0.156754,
        "Total Unusual Items": -2613000.0,
        "Total Unusual Items Excluding Goodwill": -2613000.0,
        "Net Income From Continuing Operation Net Minority Interest": 3502000.0,
        "Reconciled Depreciation": 530000.0,
        "Net Interest Income": 14014000.0,
        "Interest Expense": 2176000.0,
        "Interest Income": 16190000.0,
        "Normalized Income": 5705401.396581,
        "Net Income From Continuing And Discontinued Operation": 3502000.0,
        "Diluted Average Shares": 6610907.0,
        "Basic Average Shares": 6593616.0,
        "Diluted EPS": 0.53,
        "Basic EPS": 0.53,
        "Diluted NI Availto Com Stockholders": 3502000.0,
        "Net Income Common Stockholders": 3502000.0,
        "Net Income": 3502000.0,
        "Net Income Including Noncontrolling Interests": 3502000.0,
        "Net Income Continuous Operations": 3502000.0,
        "Tax Provision": 651000.0,
        "Pretax Income": 4153000.0,
        "Special Income Charges": -2613000.0,
        "Write Off": NaN,
        "Restructuring And Mergern Acquisition": 1413000.0,
        "Gain On Sale Of Security": -77000.0,
        "Depreciation Amortization Depletion Income Statement": 168000.0,
        "Depreciation And Amortization In Income Statement": 168000.0,
        "Amortization": 168000.0,
        "Amortization Of Intangibles Income Statement": 168000.0,
        "Selling General And Administration": 2649000.0,
        "Selling And Marketing Expense": 308000.0,
        "General And Administrative Expense": 2341000.0,
        "Insurance And Claims": 105000.0,
        "Salaries And Wages": 4886000.0,
        "Total Revenue": 16496000.0,
        "Operating Revenue": 16496000.0
    },
    "2022-09-30": {
        "Tax Effect Of Unusual Items": NaN,
        "Tax Rate For Calcs": NaN,
        "Total Unusual Items": NaN,
        "Total Unusual Items Excluding Goodwill": NaN,
        "Net Income From Continuing Operation Net Minority Interest": NaN,
        "Reconciled Depreciation": NaN,
        "Net Interest Income": NaN,
        "Interest Expense": NaN,
        "Interest Income": NaN,
        "Normalized Income": NaN,
        "Net Income From Continuing And Discontinued Operation": NaN,
        "Diluted Average Shares": NaN,
        "Basic Average Shares": NaN,
        "Diluted EPS": NaN,
        "Basic EPS": NaN,
        "Diluted NI Availto Com Stockholders": NaN,
        "Net Income Common Stockholders": NaN,
        "Net Income": NaN,
        "Net Income Including Noncontrolling Interests": NaN,
        "Net Income Continuous Operations": NaN,
        "Tax Provision": NaN,
        "Pretax Income": NaN,
        "Special Income Charges": NaN,
        "Write Off": 0.0,
        "Restructuring And Mergern Acquisition": NaN,
        "Gain On Sale Of Security": NaN,
        "Depreciation Amortization Depletion Income Statement": NaN,
        "Depreciation And Amortization In Income Statement": NaN,
        "Amortization": NaN,
        "Amortization Of Intangibles Income Statement": NaN,
        "Selling General And Administration": NaN,
        "Selling And Marketing Expense": NaN,
        "General And Administrative Expense": NaN,
        "Other Gand A": 985000.0,
        "Insurance And Claims": NaN,
        "Salaries And Wages": NaN,
        "Total Revenue": NaN,
        "Operating Revenue": NaN
    },
    "2022-06-30": {
        "Tax Effect Of Unusual Items": -93452.21493,
        "Tax Rate For Calcs": 0.161403,
        "Total Unusual Items": -579000.0,
        "Total Unusual Items Excluding Goodwill": -579000.0,
        "Net Income From Continuing Operation Net Minority Interest": 4089000.0,
        "Reconciled Depreciation": 117000.0,
        "Net Interest Income": 11995000.0,
        "Interest Expense": 790000.0,
        "Interest Income": 12785000.0,
        "Normalized Income": 4574547.78507,
        "Net Income From Continuing And Discontinued Operation": 4089000.0,
        "Diluted Average Shares": 5860098.0,
        "Basic Average Shares": 5851422.0,
        "Diluted EPS": 0.7,
        "Basic EPS": 0.7,
        "Diluted NI Availto Com Stockholders": 4089000.0,
        "Net Income Common Stockholders": 4089000.0,
        "Net Income": 4089000.0,
        "Net Income Including Noncontrolling Interests": 4089000.0,
        "Net Income Continuous Operations": 4089000.0,
        "Tax Provision": 787000.0,
        "Pretax Income": 4876000.0,
        "Special Income Charges": -579000.0,
        "Write Off": NaN,
        "Restructuring And Mergern Acquisition": 579000.0,
        "Gain On Sale Of Security": -72000.0,
        "Depreciation Amortization Depletion Income Statement": 117000.0,
        "Depreciation And Amortization In Income Statement": 117000.0,
        "Amortization": 117000.0,
        "Amortization Of Intangibles Income Statement": 117000.0,
        "Selling General And Administration": 4926000.0,
        "Selling And Marketing Expense": 229000.0,
        "General And Administrative Expense": 4697000.0,
        "Other Gand A": 822000.0,
        "Insurance And Claims": 90000.0,
        "Salaries And Wages": 3785000.0,
        "Total Revenue": 13411000.0,
        "Operating Revenue": 13411000.0
    },
    "2022-03-31": {
        "Diluted EPS": 0.65,
        "Total Revenue": 14,
        "Gross Profit": 13,
        "Operating Income": 5,
        "EBIT": NaN,
        "Net Income": 4
    },
    "2021-12-31": {
        "Diluted EPS": 0.8,
        "Total Revenue": 14,
        "Gross Profit": 14,
        "Operating Income": 6,
        "EBIT": NaN,
        "Net Income": 5
    },
    "2021-09-30": {
        "Diluted EPS": 0.85,
        "Total Revenue": 15,
        "Gross Profit": 14,
        "Operating Income": 6,
        "EBIT": NaN,
        "Net Income": 5
    },
    "2021-06-30": {
        "Diluted EPS": 0.7,
        "Total Revenue": 15,
        "Gross Profit": 13,
        "Operating Income": 5,
        "EBIT": NaN,
        "Net Income": 4
    },
    "2021-03-31": {
        "Diluted EPS": 0.65,
        "Total Revenue": 15,
        "Gross Profit": 14,
        "Operating Income": 5,
        "EBIT": NaN,
        "Net Income": 4
    },
    "2020-12-31": {
        "Diluted EPS": 0.39,
        "Total Revenue": 15,
        "Gross Profit": 13,
        "Operating Income": 3,
        "EBIT": NaN,
        "Net Income": 2
    },
    "2020-09-30": {
        "Diluted EPS": 0.29,
        "Total Revenue": 15,
        "Gross Profit": 13,
        "Operating Income": 2,
        "EBIT": NaN,
        "Net Income": 2
    },
    "2020-06-30": {
        "Diluted EPS": 0.46,
        "Total Revenue": 15,
        "Gross Profit": 12,
        "Operating Income": 4,
        "EBIT": NaN,
        "Net Income": 3
    },
    "2020-03-31": {
        "Diluted EPS": 0.16,
        "Total Revenue": 14,
        "Gross Profit": 11,
        "Operating Income": 1,
        "EBIT": NaN,
        "Net Income": 1
    },
    "2019-12-31": {
        "Diluted EPS": 0.49,
        "Total Revenue": 15,
        "Gross Profit": 12,
        "Operating Income": 4,
        "EBIT": NaN,
        "Net Income": 3
    },
    "2019-09-30": {
        "Diluted EPS": 0.5,
        "Total Revenue": 15,
        "Gross Profit": 12,
        "Operating Income": 4,
        "EBIT": NaN,
        "Net Income": 3
    },
    "2019-06-30": {
        "Diluted EPS": 0.5,
        "Total Revenue": 15,
        "Gross Profit": 12,
        "Operating Income": 4,
        "EBIT": NaN,
        "Net Income": 3
    },
    "2019-03-31": {
        "Diluted EPS": 0.46,
        "Total Revenue": 15,
        "Gross Profit": 11,
        "Operating Income": 4,
        "EBIT": NaN,
        "Net Income": 3
    },
    "2018-12-31": {
        "Diluted EPS": 0.52,
        "Total Revenue": 14,
        "Gross Profit": 11,
        "Operating Income": 4,
        "EBIT": NaN,
        "Net Income": 3
    },
    "2018-09-30": {
        "Diluted EPS": 0.51,
        "Total Revenue": 14,
        "Gross Profit": 11,
        "Operating Income": 4,
        "EBIT": NaN,
        "Net Income": 3
    },
    "2018-06-30": {
        "Diluted EPS": 0.48,
        "Total Revenue": 13,
        "Gross Profit": 11,
        "Operating Income": 4,
        "EBIT": NaN,
        "Net Income": 3
    },
    "2018-03-31": {
        "Diluted EPS": 0.4,
        "Total Revenue": 13,
        "Gross Profit": 11,
        "Operating Income": 3,
        "EBIT": NaN,
        "Net Income": 3
    },
    "2017-12-31": {
        "Diluted EPS": 0.37,
        "Total Revenue": 12,
        "Gross Profit": 11,
        "Operating Income": 4,
        "EBIT": NaN,
        "Net Income": 2
    },
    "2017-09-30": {
        "Diluted EPS": 0.38,
        "Total Revenue": 13,
        "Gross Profit": 11,
        "Operating Income": 4,
        "EBIT": NaN,
        "Net Income": 2
    },
    "2017-06-30": {
        "Diluted EPS": 0.42,
        "Total Revenue": 12,
        "Gross Profit": 10,
        "Operating Income": 4,
        "EBIT": NaN,
        "Net Income": 3
    },
    "2017-03-31": {
        "Diluted EPS": 0.39,
        "Total Revenue": 12,
        "Gross Profit": 10,
        "Operating Income": 3,
        "EBIT": NaN,
        "Net Income": 2
    },
    "2016-12-31": {
        "Diluted EPS": 0.35,
        "Total Revenue": 9,
        "Gross Profit": 8,
        "Operating Income": 2,
        "EBIT": NaN,
        "Net Income": 2
    },
    "2016-09-30": {
        "Diluted EPS": 0.3,
        "Total Revenue": 8,
        "Gross Profit": 7,
        "Operating Income": 2,
        "EBIT": NaN,
        "Net Income": 1
    },
    "2016-06-30": {
        "Diluted EPS": 0.47,
        "Total Revenue": 9,
        "Gross Profit": 8,
        "Operating Income": 2,
        "EBIT": NaN,
        "Net Income": 2
    },
    "2016-03-31": {
        "Diluted EPS": 0.4,
        "Total Revenue": 8,
        "Gross Profit": 7,
        "Operating Income": 2,
        "EBIT": NaN,
        "Net Income": 1
    },
    "2015-12-31": {
        "Diluted EPS": 0.46,
        "Total Revenue": 9,
        "Gross Profit": 8,
        "Operating Income": 2,
        "EBIT": NaN,
        "Net Income": 2
    },
    "2015-09-30": {
        "Diluted EPS": 0.48,
        "Total Revenue": 8,
        "Gross Profit": 7,
        "Operating Income": 3,
        "EBIT": NaN,
        "Net Income": 2
    },
    "2015-06-30": {
        "Diluted EPS": 0.37,
        "Total Revenue": 8,
        "Gross Profit": 7,
        "Operating Income": 2,
        "EBIT": NaN,
        "Net Income": 2
    },
    "2015-03-31": {
        "Diluted EPS": 0.4,
        "Total Revenue": 8,
        "Gross Profit": 7,
        "Operating Income": 2,
        "EBIT": NaN,
        "Net Income": 2
    },
    "2014-12-31": {
        "Diluted EPS": 0.46,
        "Total Revenue": 8,
        "Gross Profit": 7,
        "Operating Income": 2,
        "EBIT": NaN,
        "Net Income": 2
    },
    "2014-09-30": {
        "Diluted EPS": 0.47,
        "Total Revenue": 8,
        "Gross Profit": 7,
        "Operating Income": 2,
        "EBIT": NaN,
        "Net Income": 2
    },
    "2014-06-30": {
        "Diluted EPS": 0.4,
        "Total Revenue": 8,
        "Gross Profit": 7,
        "Operating Income": 2,
        "EBIT": NaN,
        "Net Income": 2
    },
    "2014-03-31": {
        "Diluted EPS": 0.43,
        "Total Revenue": 8,
        "Gross Profit": 7,
        "Operating Income": 2,
        "EBIT": NaN,
        "Net Income": 2
    },
    "2013-12-31": {
        "Diluted EPS": 0.45,
        "Total Revenue": 8,
        "Gross Profit": 7,
        "Operating Income": 2,
        "EBIT": NaN,
        "Net Income": 2
    },
    "2013-09-30": {
        "Diluted EPS": 0.46,
        "Total Revenue": 8,
        "Gross Profit": 7,
        "Operating Income": 2,
        "EBIT": NaN,
        "Net Income": 2
    },
    "2013-06-30": {
        "Diluted EPS": 0.42,
        "Total Revenue": 8,
        "Gross Profit": 6,
        "Operating Income": 2,
        "EBIT": NaN,
        "Net Income": 2
    },
    "2013-03-31": {
        "Diluted EPS": 0.41,
        "Total Revenue": 8,
        "Gross Profit": 6,
        "Operating Income": 2,
        "EBIT": NaN,
        "Net Income": 2
    },
    "2012-12-31": {
        "Diluted EPS": 0.32,
        "Total Revenue": 8,
        "Gross Profit": 6,
        "Operating Income": 2,
        "EBIT": NaN,
        "Net Income": 1
    },
    "2012-09-30": {
        "Diluted EPS": 0.47,
        "Total Revenue": 8,
        "Gross Profit": 7,
        "Operating Income": 2,
        "EBIT": NaN,
        "Net Income": 2
    },
    "2012-06-30": {
        "Diluted EPS": 0.43,
        "Total Revenue": 8,
        "Gross Profit": 7,
        "Operating Income": 2,
        "EBIT": NaN,
        "Net Income": 2
    },
    "2012-03-31": {
        "Diluted EPS": 0.43,
        "Total Revenue": 8,
        "Gross Profit": 6,
        "Operating Income": 2,
        "EBIT": NaN,
        "Net Income": 2
    },
    "2011-12-31": {
        "Diluted EPS": 0.38,
        "Total Revenue": 8,
        "Gross Profit": 6,
        "Operating Income": 2,
        "EBIT": NaN,
        "Net Income": 1
    },
    "2011-09-30": {
        "Diluted EPS": 0.32,
        "Total Revenue": 8,
        "Gross Profit": 6,
        "Operating Income": 1,
        "EBIT": NaN,
        "Net Income": 1
    },
    "2011-06-30": {
        "Diluted EPS": 0.22,
        "Total Revenue": 8,
        "Gross Profit": 6,
        "Operating Income": 1,
        "EBIT": NaN,
        "Net Income": 1
    },
    "2011-03-31": {
        "Diluted EPS": 0.31,
        "Total Revenue": 8,
        "Gross Profit": 6,
        "Operating Income": 1,
        "EBIT": NaN,
        "Net Income": 1
    },
    "2010-12-31": {
        "Diluted EPS": 0.23,
        "Total Revenue": 8,
        "Gross Profit": 6,
        "Operating Income": 1,
        "EBIT": NaN,
        "Net Income": 1
    },
    "2010-09-30": {
        "Diluted EPS": 0.15,
        "Total Revenue": 8,
        "Gross Profit": 5,
        "Operating Income": 0,
        "EBIT": NaN,
        "Net Income": 0
    },
    "2010-06-30": {
        "Diluted EPS": 0.23,
        "Total Revenue": 8,
        "Gross Profit": 5,
        "Operating Income": 1,
        "EBIT": NaN,
        "Net Income": 1
    },
    "2010-03-31": {
        "Diluted EPS": 0.21,
        "Total Revenue": 8,
        "Gross Profit": 5,
        "Operating Income": 1,
        "EBIT": NaN,
        "Net Income": 1
    },
    "2009-12-31": {
        "Diluted EPS": 0.16,
        "Total Revenue": 7,
        "Gross Profit": 5,
        "Operating Income": 0,
        "EBIT": NaN,
        "Net Income": 1
    },
    "2009-09-30": {
        "Diluted EPS": 0.07,
        "Total Revenue": 7,
        "Gross Profit": 4,
        "Operating Income": 0,
        "EBIT": NaN,
        "Net Income": 0
    },
    "2009-06-30": {
        "Diluted EPS": 0.15,
        "Total Revenue": 7,
        "Gross Profit": 4,
        "Operating Income": 0,
        "EBIT": NaN,
        "Net Income": 0
    },
    "2009-03-31": {
        "Diluted EPS": 0.2,
        "Total Revenue": 7,
        "Gross Profit": 4,
        "Operating Income": 1,
        "EBIT": NaN,
        "Net Income": 1
    },
    "2023-09-30": {
        "Tax Effect Of Unusual Items": NaN,
        "Tax Rate For Calcs": NaN,
        "Total Unusual Items": NaN,
        "Total Unusual Items Excluding Goodwill": NaN,
        "Net Income From Continuing Operation Net Minority Interest": NaN,
        "Reconciled Depreciation": NaN,
        "Net Interest Income": NaN,
        "Interest Expense": NaN,
        "Interest Income": NaN,
        "Normalized Income": NaN,
        "Net Income From Continuing And Discontinued Operation": NaN,
        "Diluted Average Shares": NaN,
        "Basic Average Shares": NaN,
        "Diluted EPS": NaN,
        "Basic EPS": NaN,
        "Diluted NI Availto Com Stockholders": NaN,
        "Net Income Common Stockholders": NaN,
        "Net Income": NaN,
        "Net Income Including Noncontrolling Interests": NaN,
        "Net Income Continuous Operations": NaN,
        "Tax Provision": NaN,
        "Pretax Income": NaN,
        "Special Income Charges": NaN,
        "Write Off": 0.0,
        "Restructuring And Mergern Acquisition": NaN,
        "Gain On Sale Of Security": NaN,
        "Depreciation Amortization Depletion Income Statement": NaN,
        "Depreciation And Amortization In Income Statement": NaN,
        "Amortization": NaN,
        "Amortization Of Intangibles Income Statement": NaN,
        "Selling General And Administration": NaN,
        "Selling And Marketing Expense": NaN,
        "General And Administrative Expense": NaN,
        "Insurance And Claims": NaN,
        "Salaries And Wages": NaN,
        "Total Revenue": NaN,
        "Operating Revenue": NaN,
        "Occupancy And Equipment": NaN,
        "Professional Expense And Contract Services Expense": NaN,
        "Other Non Interest Expense": NaN
    },
    "2023-12-31": {
        "Tax Effect Of Unusual Items": NaN,
        "Tax Rate For Calcs": NaN,
        "Total Unusual Items": NaN,
        "Total Unusual Items Excluding Goodwill": NaN,
        "Net Income From Continuing Operation Net Minority Interest": NaN,
        "Reconciled Depreciation": NaN,
        "Net Interest Income": NaN,
        "Interest Expense": NaN,
        "Interest Income": NaN,
        "Normalized Income": NaN,
        "Net Income From Continuing And Discontinued Operation": NaN,
        "Diluted Average Shares": NaN,
        "Basic Average Shares": NaN,
        "Diluted EPS": NaN,
        "Basic EPS": NaN,
        "Diluted NI Availto Com Stockholders": NaN,
        "Net Income Common Stockholders": NaN,
        "Net Income": NaN,
        "Net Income Including Noncontrolling Interests": NaN,
        "Net Income Continuous Operations": NaN,
        "Tax Provision": NaN,
        "Pretax Income": NaN,
        "Special Income Charges": NaN,
        "Other Special Charges": NaN,
        "Write Off": 0.0,
        "Restructuring And Mergern Acquisition": 1000.0,
        "Gain On Sale Of Security": NaN,
        "Depreciation Amortization Depletion Income Statement": NaN,
        "Depreciation And Amortization In Income Statement": NaN,
        "Amortization": NaN,
        "Amortization Of Intangibles Income Statement": NaN,
        "Selling General And Administration": NaN,
        "Selling And Marketing Expense": NaN,
        "General And Administrative Expense": NaN,
        "Insurance And Claims": NaN,
        "Salaries And Wages": NaN,
        "Total Revenue": NaN,
        "Operating Revenue": NaN,
        "Occupancy And Equipment": NaN,
        "Professional Expense And Contract Services Expense": NaN,
        "Other Non Interest Expense": NaN
    },
    "2024-03-31": {
        "Tax Effect Of Unusual Items": NaN,
        "Tax Rate For Calcs": NaN,
        "Total Unusual Items": 0.0,
        "Total Unusual Items Excluding Goodwill": 0.0,
        "Net Income From Continuing Operation Net Minority Interest": NaN,
        "Reconciled Depreciation": NaN,
        "Net Interest Income": NaN,
        "Interest Expense": NaN,
        "Interest Income": NaN,
        "Normalized Income": NaN,
        "Net Income From Continuing And Discontinued Operation": NaN,
        "Diluted Average Shares": NaN,
        "Basic Average Shares": NaN,
        "Diluted EPS": NaN,
        "Basic EPS": NaN,
        "Diluted NI Availto Com Stockholders": NaN,
        "Net Income Common Stockholders": NaN,
        "Net Income": NaN,
        "Net Income Including Noncontrolling Interests": NaN,
        "Net Income Continuous Operations": NaN,
        "Tax Provision": NaN,
        "Pretax Income": NaN,
        "Special Income Charges": 0.0,
        "Other Special Charges": NaN,
        "Write Off": NaN,
        "Restructuring And Mergern Acquisition": 0.0,
        "Gain On Sale Of Security": NaN,
        "Depreciation Amortization Depletion Income Statement": NaN,
        "Depreciation And Amortization In Income Statement": NaN,
        "Amortization": NaN,
        "Amortization Of Intangibles Income Statement": NaN,
        "Selling General And Administration": NaN,
        "Selling And Marketing Expense": NaN,
        "General And Administrative Expense": NaN,
        "Insurance And Claims": NaN,
        "Salaries And Wages": NaN,
        "Total Revenue": NaN,
        "Operating Revenue": NaN,
        "Occupancy And Equipment": NaN,
        "Professional Expense And Contract Services Expense": NaN,
        "Other Non Interest Expense": NaN
    },
    "2024-06-30": {
        "Tax Effect Of Unusual Items": 0.0,
        "Tax Rate For Calcs": 0.142151,
        "Total Unusual Items": 0.0,
        "Total Unusual Items Excluding Goodwill": 0.0,
        "Net Income From Continuing Operation Net Minority Interest": 4164000.0,
        "Reconciled Depreciation": 72000.0,
        "Net Interest Income": 14885000.0,
        "Interest Expense": 10516000.0,
        "Interest Income": 25401000.0,
        "Normalized Income": 4164000.0,
        "Net Income From Continuing And Discontinued Operation": 4164000.0,
        "Diluted Average Shares": 8072499.0,
        "Basic Average Shares": 8067144.0,
        "Diluted EPS": 0.52,
        "Basic EPS": 0.52,
        "Diluted NI Availto Com Stockholders": 4164000.0,
        "Net Income Common Stockholders": 4164000.0,
        "Net Income": 4164000.0,
        "Net Income Including Noncontrolling Interests": 4164000.0,
        "Net Income Continuous Operations": 4164000.0,
        "Tax Provision": 690000.0,
        "Pretax Income": 4854000.0,
        "Special Income Charges": 0.0,
        "Other Special Charges": NaN,
        "Write Off": NaN,
        "Restructuring And Mergern Acquisition": 0.0,
        "Gain On Sale Of Security": -27000.0,
        "Depreciation Amortization Depletion Income Statement": 279000.0,
        "Depreciation And Amortization In Income Statement": 279000.0,
        "Amortization": 279000.0,
        "Amortization Of Intangibles Income Statement": 279000.0,
        "Selling General And Administration": 6875000.0,
        "Selling And Marketing Expense": 508000.0,
        "General And Administrative Expense": 6367000.0,
        "Insurance And Claims": 256000.0,
        "Salaries And Wages": 6111000.0,
        "Total Revenue": 16843000.0,
        "Operating Revenue": 16843000.0,
        "Occupancy And Equipment": 862000.0,
        "Professional Expense And Contract Services Expense": 557000.0,
        "Other Non Interest Expense": 3329000.0
    },
    "2024-09-30": {
        "Tax Effect Of Unusual Items": 0.0,
        "Tax Rate For Calcs": 0.137,
        "Total Unusual Items": 0.0,
        "Total Unusual Items Excluding Goodwill": 0.0,
        "Net Income From Continuing Operation Net Minority Interest": 2340000.0,
        "Reconciled Depreciation": 394000.0,
        "Net Interest Income": 14882000.0,
        "Interest Expense": 10540000.0,
        "Interest Income": 25422000.0,
        "Normalized Income": 2340000.0,
        "Net Income From Continuing And Discontinued Operation": 2340000.0,
        "Diluted Average Shares": 8105131.0,
        "Basic Average Shares": 8071032.0,
        "Diluted EPS": 0.29,
        "Basic EPS": 0.29,
        "Diluted NI Availto Com Stockholders": 2340000.0,
        "Net Income Common Stockholders": 2340000.0,
        "Net Income": 2340000.0,
        "Net Income Including Noncontrolling Interests": 2340000.0,
        "Net Income Continuous Operations": 2340000.0,
        "Tax Provision": 371000.0,
        "Pretax Income": 2711000.0,
        "Special Income Charges": 0.0,
        "Other Special Charges": NaN,
        "Write Off": NaN,
        "Restructuring And Mergern Acquisition": 0.0,
        "Gain On Sale Of Security": 14000.0,
        "Depreciation Amortization Depletion Income Statement": 331000.0,
        "Depreciation And Amortization In Income Statement": 331000.0,
        "Amortization": 331000.0,
        "Amortization Of Intangibles Income Statement": 331000.0,
        "Selling General And Administration": 6739000.0,
        "Selling And Marketing Expense": 283000.0,
        "General And Administrative Expense": 6456000.0,
        "Insurance And Claims": 255000.0,
        "Salaries And Wages": 6201000.0,
        "Total Revenue": 16816000.0,
        "Operating Revenue": 16816000.0,
        "Occupancy And Equipment": 830000.0,
        "Professional Expense And Contract Services Expense": 539000.0,
        "Other Non Interest Expense": 3432000.0
    },
    "2024-12-31": {
        "Tax Effect Of Unusual Items": 0.0,
        "Tax Rate For Calcs": 0.170289,
        "Total Unusual Items": 0.0,
        "Total Unusual Items Excluding Goodwill": 0.0,
        "Net Income From Continuing Operation Net Minority Interest": 4848000.0,
        "Reconciled Depreciation": 310000.0,
        "Net Interest Income": 15385000.0,
        "Interest Expense": 9883000.0,
        "Interest Income": 25268000.0,
        "Normalized Income": 4848000.0,
        "Net Income From Continuing And Discontinued Operation": 4848000.0,
        "Diluted Average Shares": 8092357.0,
        "Basic Average Shares": 8071905.0,
        "Diluted EPS": 0.6,
        "Basic EPS": 0.6,
        "Diluted NI Availto Com Stockholders": 4848000.0,
        "Net Income Common Stockholders": 4848000.0,
        "Net Income": 4848000.0,
        "Net Income Including Noncontrolling Interests": 4848000.0,
        "Net Income Continuous Operations": 4848000.0,
        "Tax Provision": 995000.0,
        "Pretax Income": 5843000.0,
        "Special Income Charges": 0.0,
        "Other Special Charges": NaN,
        "Write Off": NaN,
        "Restructuring And Mergern Acquisition": 0.0,
        "Gain On Sale Of Security": 56000.0,
        "Depreciation Amortization Depletion Income Statement": 341000.0,
        "Depreciation And Amortization In Income Statement": 341000.0,
        "Amortization": 341000.0,
        "Amortization Of Intangibles Income Statement": 341000.0,
        "Selling General And Administration": 6660000.0,
        "Selling And Marketing Expense": 371000.0,
        "General And Administrative Expense": 6289000.0,
        "Insurance And Claims": 293000.0,
        "Salaries And Wages": 5996000.0,
        "Total Revenue": 17469000.0,
        "Operating Revenue": 17469000.0,
        "Occupancy And Equipment": 817000.0,
        "Professional Expense And Contract Services Expense": 611000.0,
        "Other Non Interest Expense": 3374000.0
    },
    "2025-03-31": {
        "Tax Effect Of Unusual Items": 0.0,
        "Tax Rate For Calcs": 0.161,
        "Total Unusual Items": NaN,
        "Total Unusual Items Excluding Goodwill": NaN,
        "Net Income From Continuing Operation Net Minority Interest": 4830000.0,
        "Reconciled Depreciation": 335000.0,
        "Net Interest Income": 15948000.0,
        "Interest Expense": 9375000.0,
        "Interest Income": 25323000.0,
        "Normalized Income": 4830000.0,
        "Net Income From Continuing And Discontinued Operation": 4830000.0,
        "Diluted Average Shares": 8097545.0,
        "Basic Average Shares": 8078805.0,
        "Diluted EPS": 0.6,
        "Basic EPS": 0.6,
        "Diluted NI Availto Com Stockholders": 4830000.0,
        "Net Income Common Stockholders": 4830000.0,
        "Net Income": 4830000.0,
        "Net Income Including Noncontrolling Interests": 4830000.0,
        "Net Income Continuous Operations": 4830000.0,
        "Tax Provision": 924000.0,
        "Pretax Income": 5754000.0,
        "Special Income Charges": NaN,
        "Other Special Charges": NaN,
        "Write Off": NaN,
        "Restructuring And Mergern Acquisition": NaN,
        "Gain On Sale Of Security": -34000.0,
        "Depreciation Amortization Depletion Income Statement": 339000.0,
        "Depreciation And Amortization In Income Statement": 339000.0,
        "Amortization": 339000.0,
        "Amortization Of Intangibles Income Statement": 339000.0,
        "Selling General And Administration": 7188000.0,
        "Selling And Marketing Expense": 364000.0,
        "General And Administrative Expense": 6824000.0,
        "Insurance And Claims": 267000.0,
        "Salaries And Wages": 6557000.0,
        "Total Revenue": 18042000.0,
        "Operating Revenue": 18042000.0,
        "Occupancy And Equipment": 912000.0,
        "Professional Expense And Contract Services Expense": 598000.0,
        "Other Non Interest Expense": 3156000.0
    },
    "2025-06-30": {
        "Tax Effect Of Unusual Items": 88218.181818,
        "Tax Rate For Calcs": 0.164586,
        "Total Unusual Items": 536000.0,
        "Total Unusual Items Excluding Goodwill": 536000.0,
        "Net Income From Continuing Operation Net Minority Interest": 6157000.0,
        "Reconciled Depreciation": 76000.0,
        "Net Interest Income": 17254000.0,
        "Interest Expense": 9799000.0,
        "Interest Income": 27053000.0,
        "Normalized Income": 5709218.181818,
        "Net Income From Continuing And Discontinued Operation": 6157000.0,
        "Diluted Average Shares": 8113572.0,
        "Basic Average Shares": 8081193.0,
        "Diluted EPS": 0.76,
        "Basic EPS": 0.76,
        "Diluted NI Availto Com Stockholders": 6157000.0,
        "Net Income Common Stockholders": 6157000.0,
        "Net Income": 6157000.0,
        "Net Income Including Noncontrolling Interests": 6157000.0,
        "Net Income Continuous Operations": 6157000.0,
        "Tax Provision": 1213000.0,
        "Pretax Income": 7370000.0,
        "Special Income Charges": -693000.0,
        "Other Special Charges": 693000.0,
        "Write Off": NaN,
        "Restructuring And Mergern Acquisition": NaN,
        "Gain On Sale Of Security": -7000.0,
        "Depreciation Amortization Depletion Income Statement": 345000.0,
        "Depreciation And Amortization In Income Statement": 345000.0,
        "Amortization": 345000.0,
        "Amortization Of Intangibles Income Statement": 345000.0,
        "Selling General And Administration": 7452000.0,
        "Selling And Marketing Expense": 451000.0,
        "General And Administrative Expense": 7001000.0,
        "Insurance And Claims": 267000.0,
        "Salaries And Wages": 6734000.0,
        "Total Revenue": 20515000.0,
        "Operating Revenue": 20515000.0,
        "Occupancy And Equipment": 915000.0,
        "Professional Expense And Contract Services Expense": 521000.0,
        "Other Non Interest Expense": 3725000.0
    }
}