{
    "2023-06-30": {
        "Tax Effect Of Unusual Items": NaN,
        "Tax Rate For Calcs": NaN,
        "Net Income From Continuing Operation Net Minority Interest": NaN,
        "Reconciled Depreciation": NaN,
        "Net Interest Income": NaN,
        "Interest Expense": NaN,
        "Interest Income": NaN,
        "Normalized Income": NaN,
        "Net Income From Continuing And Discontinued Operation": NaN,
        "Diluted Average Shares": NaN,
        "Basic Average Shares": NaN,
        "Diluted EPS": NaN,
        "Basic EPS": NaN,
        "Diluted NI Availto Com Stockholders": NaN,
        "Net Income Common Stockholders": NaN,
        "Otherunder Preferred Stock Dividend": NaN,
        "Preferred Stock Dividends": NaN,
        "Net Income": NaN,
        "Net Income Including Noncontrolling Interests": NaN,
        "Net Income Continuous Operations": NaN,
        "Tax Provision": NaN,
        "Pretax Income": NaN,
        "Gain On Sale Of Security": 0.0,
        "Selling General And Administration": NaN,
        "General And Administrative Expense": NaN,
        "Insurance And Claims": NaN,
        "Salaries And Wages": NaN,
        "Total Revenue": NaN,
        "Operating Revenue": NaN,
        "Occupancy And Equipment": NaN,
        "Professional Expense And Contract Services Expense": NaN,
        "Other Non Interest Expense": NaN
    },
    "2023-03-31": {
        "Tax Effect Of Unusual Items": NaN,
        "Tax Rate For Calcs": NaN,
        "Net Income From Continuing Operation Net Minority Interest": NaN,
        "Reconciled Depreciation": NaN,
        "Net Interest Income": NaN,
        "Interest Expense": NaN,
        "Interest Income": NaN,
        "Normalized Income": NaN,
        "Net Income From Continuing And Discontinued Operation": NaN,
        "Diluted Average Shares": NaN,
        "Basic Average Shares": NaN,
        "Diluted EPS": NaN,
        "Basic EPS": NaN,
        "Diluted NI Availto Com Stockholders": NaN,
        "Net Income Common Stockholders": NaN,
        "Otherunder Preferred Stock Dividend": NaN,
        "Preferred Stock Dividends": NaN,
        "Net Income": NaN,
        "Net Income Including Noncontrolling Interests": NaN,
        "Net Income Continuous Operations": NaN,
        "Tax Provision": NaN,
        "Pretax Income": NaN,
        "Gain On Sale Of Security": 0.0,
        "Selling General And Administration": NaN,
        "General And Administrative Expense": NaN,
        "Insurance And Claims": NaN,
        "Salaries And Wages": NaN,
        "Total Revenue": NaN,
        "Operating Revenue": NaN,
        "Occupancy And Equipment": NaN,
        "Professional Expense And Contract Services Expense": NaN,
        "Other Non Interest Expense": NaN
    },
    "2022-12-31": {
        "Tax Effect Of Unusual Items": 0.0,
        "Tax Rate For Calcs": 0.236658,
        "Net Income From Continuing Operation Net Minority Interest": 57156000.0,
        "Reconciled Depreciation": 653000.0,
        "Net Interest Income": 95410000.0,
        "Interest Expense": 86029000.0,
        "Interest Income": 181439000.0,
        "Normalized Income": 57156000.0,
        "Net Income From Continuing And Discontinued Operation": 57156000.0,
        "Diluted Average Shares": 43274758.0,
        "Basic Average Shares": 43111353.0,
        "Diluted EPS": 1.12,
        "Basic EPS": 1.12,
        "Diluted NI Availto Com Stockholders": 48359000.0,
        "Net Income Common Stockholders": 48359000.0,
        "Preferred Stock Dividends": 8797000.0,
        "Net Income": 57156000.0,
        "Net Income Including Noncontrolling Interests": 57156000.0,
        "Net Income Continuous Operations": 57156000.0,
        "Tax Provision": 17720000.0,
        "Pretax Income": 74876000.0,
        "Selling General And Administration": 23569000.0,
        "General And Administrative Expense": 23569000.0,
        "Insurance And Claims": 1279000.0,
        "Salaries And Wages": 22290000.0,
        "Total Revenue": 117310000.0,
        "Operating Revenue": 117310000.0
    },
    "2022-09-30": {
        "Tax Effect Of Unusual Items": 0.0,
        "Tax Rate For Calcs": 0.244292,
        "Net Income From Continuing Operation Net Minority Interest": 58488000.0,
        "Reconciled Depreciation": 628000.0,
        "Net Interest Income": 85385000.0,
        "Interest Expense": 48727000.0,
        "Interest Income": 134112000.0,
        "Normalized Income": 58488000.0,
        "Net Income From Continuing And Discontinued Operation": 58488000.0,
        "Diluted Average Shares": 43258925.0,
        "Basic Average Shares": 43107975.0,
        "Diluted EPS": 1.22,
        "Basic EPS": 1.22,
        "Diluted NI Availto Com Stockholders": 52759000.0,
        "Net Income Common Stockholders": 52759000.0,
        "Preferred Stock Dividends": 5729000.0,
        "Net Income": 58488000.0,
        "Net Income Including Noncontrolling Interests": 58488000.0,
        "Net Income Continuous Operations": 58488000.0,
        "Tax Provision": 18907000.0,
        "Pretax Income": 77395000.0,
        "Gain On Sale Of Security": NaN,
        "Selling General And Administration": 23782000.0,
        "General And Administrative Expense": 23782000.0,
        "Insurance And Claims": 755000.0,
        "Salaries And Wages": 23027000.0,
        "Total Revenue": 113345000.0,
        "Operating Revenue": 113345000.0
    },
    "2022-06-30": {
        "Tax Effect Of Unusual Items": 0.0,
        "Tax Rate For Calcs": 0.251246,
        "Net Income From Continuing Operation Net Minority Interest": 53935000.0,
        "Reconciled Depreciation": 613000.0,
        "Net Interest Income": 72031000.0,
        "Interest Expense": 17239000.0,
        "Interest Income": 89270000.0,
        "Normalized Income": 53935000.0,
        "Net Income From Continuing And Discontinued Operation": 53935000.0,
        "Diluted Average Shares": 43335211.0,
        "Basic Average Shares": 43209824.0,
        "Diluted EPS": 1.11,
        "Basic EPS": 1.12,
        "Diluted NI Availto Com Stockholders": 48206000.0,
        "Net Income Common Stockholders": 48206000.0,
        "Preferred Stock Dividends": 5729000.0,
        "Net Income": 53935000.0,
        "Net Income Including Noncontrolling Interests": 53935000.0,
        "Net Income Continuous Operations": 53935000.0,
        "Tax Provision": 18098000.0,
        "Pretax Income": 72033000.0,
        "Gain On Sale Of Security": NaN,
        "Selling General And Administration": 23145000.0,
        "General And Administrative Expense": 23145000.0,
        "Other Gand A": 1304000.0,
        "Insurance And Claims": 670000.0,
        "Salaries And Wages": 22475000.0,
        "Total Revenue": 110018000.0,
        "Operating Revenue": 110018000.0
    },
    "2022-03-31": {
        "Diluted EPS": 1.02,
        "Total Revenue": 111,
        "Gross Profit": 100,
        "Operating Income": 67,
        "EBIT": NaN,
        "Net Income": 44
    },
    "2021-12-31": {
        "Diluted EPS": 1.13,
        "Total Revenue": 123,
        "Gross Profit": 113,
        "Operating Income": 73,
        "EBIT": NaN,
        "Net Income": 49
    },
    "2021-09-30": {
        "Diluted EPS": 1.22,
        "Total Revenue": 118,
        "Gross Profit": 109,
        "Operating Income": 79,
        "EBIT": NaN,
        "Net Income": 53
    },
    "2021-06-30": {
        "Diluted EPS": 1.06,
        "Total Revenue": 105,
        "Gross Profit": 97,
        "Operating Income": 69,
        "EBIT": NaN,
        "Net Income": 46
    },
    "2021-03-31": {
        "Diluted EPS": 1.35,
        "Total Revenue": 123,
        "Gross Profit": 116,
        "Operating Income": 84,
        "EBIT": NaN,
        "Net Income": 58
    },
    "2020-12-31": {
        "Diluted EPS": 1.3,
        "Total Revenue": 121,
        "Gross Profit": 112,
        "Operating Income": 80,
        "EBIT": NaN,
        "Net Income": 56
    },
    "2020-09-30": {
        "Diluted EPS": 1.19,
        "Total Revenue": 115,
        "Gross Profit": 104,
        "Operating Income": 75,
        "EBIT": NaN,
        "Net Income": 51
    },
    "2020-06-30": {
        "Diluted EPS": 0.87,
        "Total Revenue": 94,
        "Gross Profit": 77,
        "Operating Income": 55,
        "EBIT": NaN,
        "Net Income": 38
    },
    "2020-03-31": {
        "Diluted EPS": 0.49,
        "Total Revenue": 80,
        "Gross Profit": 58,
        "Operating Income": 33,
        "EBIT": NaN,
        "Net Income": 21
    },
    "2019-12-31": {
        "Diluted EPS": 0.61,
        "Total Revenue": 87,
        "Gross Profit": 60,
        "Operating Income": 39,
        "EBIT": NaN,
        "Net Income": 26
    },
    "2019-09-30": {
        "Diluted EPS": 0.4,
        "Total Revenue": 71,
        "Gross Profit": 43,
        "Operating Income": 27,
        "EBIT": NaN,
        "Net Income": 17
    },
    "2019-06-30": {
        "Diluted EPS": 0.34,
        "Total Revenue": 59,
        "Gross Profit": 38,
        "Operating Income": 22,
        "EBIT": NaN,
        "Net Income": 15
    },
    "2019-03-31": {
        "Diluted EPS": 0.23,
        "Total Revenue": 43,
        "Gross Profit": 28,
        "Operating Income": 14,
        "EBIT": NaN,
        "Net Income": 10
    },
    "2018-12-31": {
        "Diluted EPS": 0.33,
        "Total Revenue": 55,
        "Gross Profit": 39,
        "Operating Income": 21,
        "EBIT": NaN,
        "Net Income": 15
    },
    "2018-09-30": {
        "Diluted EPS": 0.37,
        "Total Revenue": 49,
        "Gross Profit": 35,
        "Operating Income": 22,
        "EBIT": NaN,
        "Net Income": 16
    },
    "2018-06-30": {
        "Diluted EPS": 0.35,
        "Total Revenue": 46,
        "Gross Profit": 34,
        "Operating Income": 21,
        "EBIT": NaN,
        "Net Income": 15
    },
    "2018-03-31": {
        "Diluted EPS": 0.33,
        "Total Revenue": 40,
        "Gross Profit": 31,
        "Operating Income": 20,
        "EBIT": NaN,
        "Net Income": 14
    },
    "2017-12-31": {
        "Diluted EPS": 0.52,
        "Total Revenue": 42,
        "Gross Profit": 34,
        "Operating Income": 22,
        "EBIT": NaN,
        "Net Income": 19
    },
    "2017-09-30": {
        "Diluted EPS": 0.3,
        "Total Revenue": 34,
        "Gross Profit": 26,
        "Operating Income": 17,
        "EBIT": NaN,
        "Net Income": 10
    },
    "2017-06-30": {
        "Diluted EPS": 0.44,
        "Total Revenue": 39,
        "Gross Profit": 32,
        "Operating Income": 24,
        "EBIT": NaN,
        "Net Income": 14
    },
    "2017-03-31": {
        "Diluted EPS": 0.26,
        "Total Revenue": 27,
        "Gross Profit": 22,
        "Operating Income": 15,
        "EBIT": NaN,
        "Net Income": 8
    },
    "2016-12-31": {
        "Diluted EPS": 0.0,
        "Total Revenue": NaN,
        "Gross Profit": NaN,
        "Operating Income": NaN,
        "EBIT": NaN,
        "Net Income": NaN
    },
    "2016-09-30": {
        "Diluted EPS": 0.34,
        "Total Revenue": 31,
        "Gross Profit": 27,
        "Operating Income": 19,
        "EBIT": NaN,
        "Net Income": 11
    },
    "2015-12-31": {
        "Diluted EPS": 0.0,
        "Total Revenue": NaN,
        "Gross Profit": NaN,
        "Operating Income": NaN,
        "EBIT": NaN,
        "Net Income": NaN
    },
    "2023-09-30": {
        "Tax Effect Of Unusual Items": NaN,
        "Tax Rate For Calcs": NaN,
        "Net Income From Continuing Operation Net Minority Interest": NaN,
        "Reconciled Depreciation": NaN,
        "Net Interest Income": NaN,
        "Interest Expense": NaN,
        "Interest Income": NaN,
        "Normalized Income": NaN,
        "Net Income From Continuing And Discontinued Operation": NaN,
        "Diluted Average Shares": NaN,
        "Basic Average Shares": NaN,
        "Diluted EPS": NaN,
        "Basic EPS": NaN,
        "Diluted NI Availto Com Stockholders": NaN,
        "Net Income Common Stockholders": NaN,
        "Otherunder Preferred Stock Dividend": NaN,
        "Preferred Stock Dividends": NaN,
        "Net Income": NaN,
        "Net Income Including Noncontrolling Interests": NaN,
        "Net Income Continuous Operations": NaN,
        "Tax Provision": NaN,
        "Pretax Income": NaN,
        "Gain On Sale Of Security": 0.0,
        "Selling General And Administration": NaN,
        "General And Administrative Expense": NaN,
        "Insurance And Claims": NaN,
        "Salaries And Wages": NaN,
        "Total Revenue": NaN,
        "Operating Revenue": NaN,
        "Occupancy And Equipment": NaN,
        "Professional Expense And Contract Services Expense": NaN,
        "Other Non Interest Expense": NaN
    },
    "2023-12-31": {
        "Tax Effect Of Unusual Items": 0.0,
        "Tax Rate For Calcs": 0.221009,
        "Net Income From Continuing Operation Net Minority Interest": 77473000.0,
        "Reconciled Depreciation": 733000.0,
        "Net Interest Income": 124325000.0,
        "Interest Expense": 187434000.0,
        "Interest Income": 311759000.0,
        "Normalized Income": 77473000.0,
        "Net Income From Continuing And Discontinued Operation": 77473000.0,
        "Diluted Average Shares": 43430973.0,
        "Basic Average Shares": 43241600.0,
        "Diluted EPS": 1.58,
        "Basic EPS": 1.59,
        "Diluted NI Availto Com Stockholders": 68806000.0,
        "Net Income Common Stockholders": 68806000.0,
        "Otherunder Preferred Stock Dividend": NaN,
        "Preferred Stock Dividends": 8667000.0,
        "Net Income": 77473000.0,
        "Net Income Including Noncontrolling Interests": 77473000.0,
        "Net Income Continuous Operations": 77473000.0,
        "Tax Provision": 21980000.0,
        "Pretax Income": 99453000.0,
        "Gain On Sale Of Security": NaN,
        "Selling General And Administration": 37289000.0,
        "General And Administrative Expense": 37289000.0,
        "Insurance And Claims": 4030000.0,
        "Salaries And Wages": 33259000.0,
        "Total Revenue": 158119000.0,
        "Operating Revenue": 158119000.0,
        "Occupancy And Equipment": 2336000.0,
        "Professional Expense And Contract Services Expense": 4157000.0,
        "Other Non Interest Expense": 8137000.0
    },
    "2024-03-31": {
        "Tax Effect Of Unusual Items": 0.0,
        "Tax Rate For Calcs": 0.238319,
        "Net Income From Continuing Operation Net Minority Interest": 87054000.0,
        "Reconciled Depreciation": 725000.0,
        "Net Interest Income": 127056000.0,
        "Interest Expense": 187117000.0,
        "Interest Income": 314173000.0,
        "Normalized Income": 87054000.0,
        "Net Income From Continuing And Discontinued Operation": 87054000.0,
        "Diluted Average Shares": 43466647.0,
        "Basic Average Shares": 43305985.0,
        "Diluted EPS": 1.8,
        "Basic EPS": 1.81,
        "Diluted NI Availto Com Stockholders": 78387000.0,
        "Net Income Common Stockholders": 78387000.0,
        "Otherunder Preferred Stock Dividend": NaN,
        "Preferred Stock Dividends": 8667000.0,
        "Net Income": 87054000.0,
        "Net Income Including Noncontrolling Interests": 87054000.0,
        "Net Income Continuous Operations": 87054000.0,
        "Tax Provision": 27238000.0,
        "Pretax Income": 114292000.0,
        "Gain On Sale Of Security": -108000.0,
        "Selling General And Administration": 34721000.0,
        "General And Administrative Expense": 34721000.0,
        "Insurance And Claims": 5125000.0,
        "Salaries And Wages": 29596000.0,
        "Total Revenue": 166974000.0,
        "Operating Revenue": 166974000.0,
        "Occupancy And Equipment": 2237000.0,
        "Professional Expense And Contract Services Expense": 4099000.0,
        "Other Non Interest Expense": 6899000.0
    },
    "2024-06-30": {
        "Tax Effect Of Unusual Items": 0.0,
        "Tax Rate For Calcs": 0.229,
        "Net Income From Continuing Operation Net Minority Interest": 76393000.0,
        "Reconciled Depreciation": 746000.0,
        "Net Interest Income": 128119000.0,
        "Interest Expense": 200154000.0,
        "Interest Income": 328273000.0,
        "Normalized Income": 76393000.0,
        "Net Income From Continuing And Discontinued Operation": 76393000.0,
        "Diluted Average Shares": 44698324.0,
        "Basic Average Shares": 44569345.0,
        "Diluted EPS": 1.49,
        "Basic EPS": 1.5,
        "Diluted NI Availto Com Stockholders": 66813000.0,
        "Net Income Common Stockholders": 66813000.0,
        "Otherunder Preferred Stock Dividend": 1823000.0,
        "Preferred Stock Dividends": 7757000.0,
        "Net Income": 76393000.0,
        "Net Income Including Noncontrolling Interests": 76393000.0,
        "Net Income Continuous Operations": 76393000.0,
        "Tax Provision": 22732000.0,
        "Pretax Income": 99125000.0,
        "Gain On Sale Of Security": 0.0,
        "Selling General And Administration": 33952000.0,
        "General And Administrative Expense": 33952000.0,
        "Insurance And Claims": 5579000.0,
        "Salaries And Wages": 28373000.0,
        "Total Revenue": 158477000.0,
        "Operating Revenue": 158477000.0,
        "Occupancy And Equipment": 2239000.0,
        "Professional Expense And Contract Services Expense": 3556000.0,
        "Other Non Interest Expense": 9640000.0
    },
    "2024-09-30": {
        "Tax Effect Of Unusual Items": 0.0,
        "Tax Rate For Calcs": 0.247,
        "Net Income From Continuing Operation Net Minority Interest": 61273000.0,
        "Reconciled Depreciation": 783000.0,
        "Net Interest Income": 132821000.0,
        "Interest Expense": 206107000.0,
        "Interest Income": 338928000.0,
        "Normalized Income": 61273000.0,
        "Net Income From Continuing And Discontinued Operation": 61273000.0,
        "Diluted Average Shares": 45910052.0,
        "Basic Average Shares": 45759667.0,
        "Diluted EPS": 1.17,
        "Basic EPS": 1.17,
        "Diluted NI Availto Com Stockholders": 53516000.0,
        "Net Income Common Stockholders": 53516000.0,
        "Otherunder Preferred Stock Dividend": NaN,
        "Preferred Stock Dividends": 7757000.0,
        "Net Income": 61273000.0,
        "Net Income Including Noncontrolling Interests": 61273000.0,
        "Net Income Continuous Operations": 61273000.0,
        "Tax Provision": 20074000.0,
        "Pretax Income": 81347000.0,
        "Gain On Sale Of Security": 0.0,
        "Selling General And Administration": 44199000.0,
        "General And Administrative Expense": 44199000.0,
        "Insurance And Claims": 8981000.0,
        "Salaries And Wages": 35218000.0,
        "Total Revenue": 148449000.0,
        "Operating Revenue": 148449000.0,
        "Occupancy And Equipment": 2231000.0,
        "Professional Expense And Contract Services Expense": 3439000.0,
        "Other Non Interest Expense": 10335000.0
    },
    "2024-12-31": {
        "Tax Effect Of Unusual Items": 0.0,
        "Tax Rate For Calcs": 0.251896,
        "Net Income From Continuing Operation Net Minority Interest": 95666000.0,
        "Reconciled Depreciation": 760000.0,
        "Net Interest Income": 134624000.0,
        "Interest Expense": 186722000.0,
        "Interest Income": 321346000.0,
        "Normalized Income": 95666000.0,
        "Net Income From Continuing And Discontinued Operation": 95666000.0,
        "Diluted Average Shares": 45924176.0,
        "Basic Average Shares": 45765458.0,
        "Diluted EPS": 1.85,
        "Basic EPS": 1.86,
        "Diluted NI Availto Com Stockholders": 84938000.0,
        "Net Income Common Stockholders": 84938000.0,
        "Otherunder Preferred Stock Dividend": 0.0,
        "Preferred Stock Dividends": 10728000.0,
        "Net Income": 95666000.0,
        "Net Income Including Noncontrolling Interests": 95666000.0,
        "Net Income Continuous Operations": 95666000.0,
        "Tax Provision": 32212000.0,
        "Pretax Income": 127878000.0,
        "Gain On Sale Of Security": 0.0,
        "Selling General And Administration": 44009000.0,
        "General And Administrative Expense": 44009000.0,
        "Insurance And Claims": 6473000.0,
        "Salaries And Wages": 37536000.0,
        "Total Revenue": 193065000.0,
        "Operating Revenue": 193065000.0,
        "Occupancy And Equipment": 2284000.0,
        "Professional Expense And Contract Services Expense": 5135000.0,
        "Other Non Interest Expense": 11070000.0
    },
    "2025-03-31": {
        "Tax Effect Of Unusual Items": 0.0,
        "Tax Rate For Calcs": 0.238686,
        "Net Income From Continuing Operation Net Minority Interest": 58239000.0,
        "Reconciled Depreciation": 770000.0,
        "Net Interest Income": 122196000.0,
        "Interest Expense": 165008000.0,
        "Interest Income": 287204000.0,
        "Normalized Income": 58239000.0,
        "Net Income From Continuing And Discontinued Operation": 58239000.0,
        "Diluted Average Shares": 45914083.0,
        "Basic Average Shares": 45824022.0,
        "Diluted EPS": 0.93,
        "Basic EPS": 0.93,
        "Diluted NI Availto Com Stockholders": 42603000.0,
        "Net Income Common Stockholders": 42603000.0,
        "Otherunder Preferred Stock Dividend": 5371000.0,
        "Preferred Stock Dividends": 10265000.0,
        "Net Income": 58239000.0,
        "Net Income Including Noncontrolling Interests": 58239000.0,
        "Net Income Continuous Operations": 58239000.0,
        "Tax Provision": 18259000.0,
        "Pretax Income": 76498000.0,
        "Gain On Sale Of Security": 0.0,
        "Selling General And Administration": 43647000.0,
        "General And Administrative Expense": 43647000.0,
        "Insurance And Claims": 7228000.0,
        "Salaries And Wages": 36419000.0,
        "Total Revenue": 145091000.0,
        "Operating Revenue": 145091000.0,
        "Occupancy And Equipment": 2351000.0,
        "Professional Expense And Contract Services Expense": 2894000.0,
        "Other Non Interest Expense": 11974000.0
    }
}