{
    "2023-06-30": {
        "Tax Effect Of Unusual Items": NaN,
        "Tax Rate For Calcs": NaN,
        "Normalized EBITDA": NaN,
        "Total Unusual Items": NaN,
        "Total Unusual Items Excluding Goodwill": NaN,
        "Net Income From Continuing Operation Net Minority Interest": NaN,
        "Reconciled Depreciation": NaN,
        "Reconciled Cost Of Revenue": NaN,
        "EBITDA": NaN,
        "EBIT": NaN,
        "Net Interest Income": NaN,
        "Interest Expense": 0.0,
        "Interest Income": 0.0,
        "Normalized Income": NaN,
        "Net Income From Continuing And Discontinued Operation": NaN,
        "Total Expenses": NaN,
        "Total Operating Income As Reported": NaN,
        "Diluted Average Shares": NaN,
        "Basic Average Shares": NaN,
        "Diluted EPS": NaN,
        "Basic EPS": NaN,
        "Diluted NI Availto Com Stockholders": NaN,
        "Net Income Common Stockholders": NaN,
        "Net Income": NaN,
        "Net Income Including Noncontrolling Interests": NaN,
        "Net Income Continuous Operations": NaN,
        "Tax Provision": NaN,
        "Pretax Income": NaN,
        "Other Income Expense": NaN,
        "Special Income Charges": NaN,
        "Impairment Of Capital Assets": NaN,
        "Net Non Operating Interest Income Expense": NaN,
        "Total Other Finance Cost": NaN,
        "Interest Expense Non Operating": 0.0,
        "Interest Income Non Operating": 0.0,
        "Operating Income": NaN,
        "Operating Expense": NaN,
        "Research And Development": NaN,
        "Selling General And Administration": NaN,
        "Selling And Marketing Expense": NaN,
        "General And Administrative Expense": NaN,
        "Other Gand A": NaN,
        "Gross Profit": NaN,
        "Cost Of Revenue": NaN,
        "Total Revenue": NaN,
        "Operating Revenue": NaN
    },
    "2023-03-31": {
        "Tax Effect Of Unusual Items": NaN,
        "Tax Rate For Calcs": NaN,
        "Normalized EBITDA": NaN,
        "Total Unusual Items": NaN,
        "Total Unusual Items Excluding Goodwill": NaN,
        "Net Income From Continuing Operation Net Minority Interest": NaN,
        "Reconciled Depreciation": NaN,
        "Reconciled Cost Of Revenue": NaN,
        "EBITDA": NaN,
        "EBIT": NaN,
        "Net Interest Income": NaN,
        "Interest Expense": NaN,
        "Interest Income": 0.0,
        "Normalized Income": NaN,
        "Net Income From Continuing And Discontinued Operation": NaN,
        "Total Expenses": NaN,
        "Total Operating Income As Reported": NaN,
        "Diluted Average Shares": NaN,
        "Basic Average Shares": NaN,
        "Diluted EPS": NaN,
        "Basic EPS": NaN,
        "Diluted NI Availto Com Stockholders": NaN,
        "Net Income Common Stockholders": NaN,
        "Net Income": NaN,
        "Net Income Including Noncontrolling Interests": NaN,
        "Net Income Continuous Operations": NaN,
        "Tax Provision": NaN,
        "Pretax Income": NaN,
        "Other Income Expense": NaN,
        "Special Income Charges": NaN,
        "Impairment Of Capital Assets": NaN,
        "Net Non Operating Interest Income Expense": NaN,
        "Total Other Finance Cost": NaN,
        "Interest Expense Non Operating": NaN,
        "Interest Income Non Operating": 0.0,
        "Operating Income": NaN,
        "Operating Expense": NaN,
        "Research And Development": NaN,
        "Selling General And Administration": NaN,
        "Selling And Marketing Expense": NaN,
        "General And Administrative Expense": NaN,
        "Other Gand A": NaN,
        "Gross Profit": NaN,
        "Cost Of Revenue": NaN,
        "Total Revenue": NaN,
        "Operating Revenue": NaN
    },
    "2022-12-31": {
        "Tax Effect Of Unusual Items": NaN,
        "Tax Rate For Calcs": NaN,
        "Normalized EBITDA": NaN,
        "Net Income From Continuing Operation Net Minority Interest": NaN,
        "Reconciled Depreciation": NaN,
        "Reconciled Cost Of Revenue": NaN,
        "EBITDA": NaN,
        "EBIT": NaN,
        "Net Interest Income": NaN,
        "Interest Expense": 4000000.0,
        "Interest Income": 9000000.0,
        "Normalized Income": NaN,
        "Net Income From Continuing And Discontinued Operation": NaN,
        "Total Expenses": NaN,
        "Total Operating Income As Reported": NaN,
        "Diluted Average Shares": NaN,
        "Basic Average Shares": NaN,
        "Diluted EPS": NaN,
        "Basic EPS": NaN,
        "Diluted NI Availto Com Stockholders": NaN,
        "Net Income Common Stockholders": NaN,
        "Net Income": NaN,
        "Net Income Including Noncontrolling Interests": NaN,
        "Net Income Continuous Operations": NaN,
        "Tax Provision": NaN,
        "Pretax Income": NaN,
        "Other Income Expense": 5000000.0,
        "Other Non Operating Income Expenses": 5000000.0,
        "Net Non Operating Interest Income Expense": NaN,
        "Total Other Finance Cost": NaN,
        "Interest Expense Non Operating": 4000000.0,
        "Interest Income Non Operating": 9000000.0,
        "Operating Income": NaN,
        "Operating Expense": NaN,
        "Research And Development": NaN,
        "Selling General And Administration": NaN,
        "Selling And Marketing Expense": NaN,
        "General And Administrative Expense": NaN,
        "Other Gand A": NaN,
        "Gross Profit": NaN,
        "Cost Of Revenue": NaN,
        "Total Revenue": NaN,
        "Operating Revenue": NaN
    },
    "2022-09-30": {
        "Tax Effect Of Unusual Items": NaN,
        "Tax Rate For Calcs": NaN,
        "Normalized EBITDA": NaN,
        "Net Income From Continuing Operation Net Minority Interest": NaN,
        "Reconciled Depreciation": NaN,
        "Reconciled Cost Of Revenue": NaN,
        "EBITDA": NaN,
        "EBIT": NaN,
        "Net Interest Income": NaN,
        "Interest Expense": 11000000.0,
        "Interest Income": NaN,
        "Normalized Income": NaN,
        "Net Income From Continuing And Discontinued Operation": NaN,
        "Total Expenses": NaN,
        "Total Operating Income As Reported": NaN,
        "Diluted Average Shares": NaN,
        "Basic Average Shares": NaN,
        "Diluted EPS": NaN,
        "Basic EPS": NaN,
        "Diluted NI Availto Com Stockholders": NaN,
        "Net Income Common Stockholders": NaN,
        "Net Income": NaN,
        "Net Income Including Noncontrolling Interests": NaN,
        "Net Income Continuous Operations": NaN,
        "Tax Provision": NaN,
        "Pretax Income": NaN,
        "Other Income Expense": 1000000.0,
        "Other Non Operating Income Expenses": 1000000.0,
        "Net Non Operating Interest Income Expense": NaN,
        "Total Other Finance Cost": NaN,
        "Interest Expense Non Operating": 11000000.0,
        "Interest Income Non Operating": NaN,
        "Operating Income": NaN,
        "Operating Expense": NaN,
        "Research And Development": NaN,
        "Selling General And Administration": NaN,
        "Selling And Marketing Expense": NaN,
        "General And Administrative Expense": NaN,
        "Other Gand A": NaN,
        "Gross Profit": NaN,
        "Cost Of Revenue": NaN,
        "Total Revenue": NaN,
        "Operating Revenue": NaN
    },
    "2022-06-30": {
        "Tax Effect Of Unusual Items": 0.0,
        "Tax Rate For Calcs": 0.4,
        "Normalized EBITDA": 157000000.0,
        "Net Income From Continuing Operation Net Minority Interest": -7000000.0,
        "Reconciled Depreciation": 138000000.0,
        "Reconciled Cost Of Revenue": 231000000.0,
        "EBITDA": 157000000.0,
        "EBIT": 19000000.0,
        "Net Interest Income": -7000000.0,
        "Interest Expense": NaN,
        "Interest Income": 3000000.0,
        "Normalized Income": -7000000.0,
        "Net Income From Continuing And Discontinued Operation": -7000000.0,
        "Total Expenses": 450000000.0,
        "Total Operating Income As Reported": 10000000.0,
        "Diluted Average Shares": 795761905.0,
        "Basic Average Shares": 795761905.0,
        "Diluted EPS": -0.008797,
        "Basic EPS": -0.008797,
        "Diluted NI Availto Com Stockholders": -7000000.0,
        "Net Income Common Stockholders": -7000000.0,
        "Net Income": -7000000.0,
        "Net Income Including Noncontrolling Interests": -7000000.0,
        "Net Income Continuous Operations": -7000000.0,
        "Tax Provision": 15000000.0,
        "Pretax Income": 8000000.0,
        "Other Income Expense": NaN,
        "Other Non Operating Income Expenses": NaN,
        "Net Non Operating Interest Income Expense": -7000000.0,
        "Total Other Finance Cost": NaN,
        "Interest Expense Non Operating": NaN,
        "Interest Income Non Operating": 3000000.0,
        "Operating Income": 10000000.0,
        "Operating Expense": 219000000.0,
        "Research And Development": 179000000.0,
        "Selling General And Administration": 40000000.0,
        "Selling And Marketing Expense": 29000000.0,
        "General And Administrative Expense": 11000000.0,
        "Other Gand A": 11000000.0,
        "Gross Profit": 229000000.0,
        "Cost Of Revenue": 231000000.0,
        "Total Revenue": 460000000.0,
        "Operating Revenue": 460000000.0
    },
    "2022-03-31": {
        "Diluted EPS": -0.08,
        "Total Revenue": 394,
        "Gross Profit": 176,
        "Operating Income": -46,
        "EBIT": 108,
        "Net Income": -60
    },
    "2021-12-31": {
        "Diluted EPS": 0.0,
        "Total Revenue": NaN,
        "Gross Profit": NaN,
        "Operating Income": NaN,
        "EBIT": NaN,
        "Net Income": NaN
    },
    "2021-09-30": {
        "Diluted EPS": -0.03,
        "Total Revenue": 326,
        "Gross Profit": 153,
        "Operating Income": -20,
        "EBIT": -20,
        "Net Income": -26
    },
    "2023-09-30": {
        "Tax Effect Of Unusual Items": NaN,
        "Tax Rate For Calcs": NaN,
        "Normalized EBITDA": NaN,
        "Total Unusual Items": 0.0,
        "Total Unusual Items Excluding Goodwill": 0.0,
        "Net Income From Continuing Operation Net Minority Interest": NaN,
        "Reconciled Depreciation": NaN,
        "Reconciled Cost Of Revenue": NaN,
        "EBITDA": NaN,
        "EBIT": NaN,
        "Net Interest Income": NaN,
        "Interest Expense": 0.0,
        "Interest Income": 0.0,
        "Normalized Income": NaN,
        "Net Income From Continuing And Discontinued Operation": NaN,
        "Total Expenses": NaN,
        "Total Operating Income As Reported": NaN,
        "Diluted Average Shares": NaN,
        "Basic Average Shares": NaN,
        "Diluted EPS": NaN,
        "Basic EPS": NaN,
        "Diluted NI Availto Com Stockholders": NaN,
        "Net Income Common Stockholders": NaN,
        "Net Income": NaN,
        "Net Income Including Noncontrolling Interests": NaN,
        "Net Income Continuous Operations": NaN,
        "Tax Provision": NaN,
        "Pretax Income": NaN,
        "Other Income Expense": NaN,
        "Special Income Charges": 0.0,
        "Impairment Of Capital Assets": 0.0,
        "Net Non Operating Interest Income Expense": NaN,
        "Total Other Finance Cost": NaN,
        "Interest Expense Non Operating": 0.0,
        "Interest Income Non Operating": 0.0,
        "Operating Income": NaN,
        "Operating Expense": NaN,
        "Research And Development": NaN,
        "Selling General And Administration": NaN,
        "Selling And Marketing Expense": NaN,
        "General And Administrative Expense": NaN,
        "Other Gand A": NaN,
        "Gross Profit": NaN,
        "Cost Of Revenue": NaN,
        "Total Revenue": NaN,
        "Operating Revenue": NaN
    },
    "2023-12-31": {
        "Tax Effect Of Unusual Items": NaN,
        "Tax Rate For Calcs": NaN,
        "Normalized EBITDA": NaN,
        "Total Unusual Items": NaN,
        "Total Unusual Items Excluding Goodwill": NaN,
        "Net Income From Continuing Operation Net Minority Interest": NaN,
        "Reconciled Depreciation": NaN,
        "Reconciled Cost Of Revenue": NaN,
        "EBITDA": NaN,
        "EBIT": NaN,
        "Net Interest Income": NaN,
        "Interest Expense": 0.0,
        "Interest Income": 0.0,
        "Normalized Income": NaN,
        "Net Income From Continuing And Discontinued Operation": NaN,
        "Total Expenses": NaN,
        "Total Operating Income As Reported": NaN,
        "Diluted Average Shares": NaN,
        "Basic Average Shares": NaN,
        "Diluted EPS": NaN,
        "Basic EPS": NaN,
        "Diluted NI Availto Com Stockholders": NaN,
        "Net Income Common Stockholders": NaN,
        "Net Income": NaN,
        "Net Income Including Noncontrolling Interests": NaN,
        "Net Income Continuous Operations": NaN,
        "Tax Provision": NaN,
        "Pretax Income": NaN,
        "Other Income Expense": NaN,
        "Special Income Charges": NaN,
        "Impairment Of Capital Assets": NaN,
        "Net Non Operating Interest Income Expense": NaN,
        "Total Other Finance Cost": NaN,
        "Interest Expense Non Operating": 0.0,
        "Interest Income Non Operating": 0.0,
        "Operating Income": NaN,
        "Operating Expense": NaN,
        "Research And Development": NaN,
        "Selling General And Administration": NaN,
        "Selling And Marketing Expense": NaN,
        "General And Administrative Expense": NaN,
        "Other Gand A": NaN,
        "Gross Profit": NaN,
        "Cost Of Revenue": NaN,
        "Total Revenue": NaN,
        "Operating Revenue": NaN
    },
    "2024-03-31": {
        "Tax Effect Of Unusual Items": 0.0,
        "Tax Rate For Calcs": 0.013575,
        "Normalized EBITDA": -113000000.0,
        "Total Unusual Items": NaN,
        "Total Unusual Items Excluding Goodwill": NaN,
        "Net Income From Continuing Operation Net Minority Interest": -218000000.0,
        "Reconciled Depreciation": 125000000.0,
        "Reconciled Cost Of Revenue": 185000000.0,
        "EBITDA": -113000000.0,
        "EBIT": -238000000.0,
        "Net Interest Income": 17000000.0,
        "Interest Expense": NaN,
        "Interest Income": NaN,
        "Normalized Income": -218000000.0,
        "Net Income From Continuing And Discontinued Operation": -218000000.0,
        "Total Expenses": 477000000.0,
        "Total Operating Income As Reported": -238000000.0,
        "Diluted Average Shares": 806000000.0,
        "Basic Average Shares": 806000000.0,
        "Diluted EPS": -0.27,
        "Basic EPS": -0.27,
        "Diluted NI Availto Com Stockholders": -218000000.0,
        "Net Income Common Stockholders": -218000000.0,
        "Net Income": -218000000.0,
        "Net Income Including Noncontrolling Interests": -218000000.0,
        "Net Income Continuous Operations": -218000000.0,
        "Tax Provision": -3000000.0,
        "Pretax Income": -221000000.0,
        "Other Income Expense": NaN,
        "Special Income Charges": NaN,
        "Impairment Of Capital Assets": NaN,
        "Net Non Operating Interest Income Expense": 17000000.0,
        "Total Other Finance Cost": -17000000.0,
        "Interest Expense Non Operating": NaN,
        "Interest Income Non Operating": NaN,
        "Operating Income": -238000000.0,
        "Operating Expense": 292000000.0,
        "Research And Development": 243000000.0,
        "Selling General And Administration": 49000000.0,
        "Selling And Marketing Expense": 34000000.0,
        "General And Administrative Expense": 15000000.0,
        "Other Gand A": 15000000.0,
        "Gross Profit": 54000000.0,
        "Cost Of Revenue": 185000000.0,
        "Total Revenue": 239000000.0,
        "Operating Revenue": 239000000.0
    },
    "2024-06-30": {
        "Tax Effect Of Unusual Items": 0.0,
        "Tax Rate For Calcs": 0.23,
        "Normalized EBITDA": 33000000.0,
        "Total Unusual Items": NaN,
        "Total Unusual Items Excluding Goodwill": NaN,
        "Net Income From Continuing Operation Net Minority Interest": -86000000.0,
        "Reconciled Depreciation": 127000000.0,
        "Reconciled Cost Of Revenue": 230000000.0,
        "EBITDA": 33000000.0,
        "EBIT": -94000000.0,
        "Net Interest Income": 13000000.0,
        "Normalized Income": -86000000.0,
        "Net Income From Continuing And Discontinued Operation": -86000000.0,
        "Total Expenses": 533000000.0,
        "Total Operating Income As Reported": -94000000.0,
        "Diluted Average Shares": 806000000.0,
        "Basic Average Shares": 806000000.0,
        "Diluted EPS": -0.11,
        "Basic EPS": -0.11,
        "Diluted NI Availto Com Stockholders": -86000000.0,
        "Net Income Common Stockholders": -86000000.0,
        "Net Income": -86000000.0,
        "Net Income Including Noncontrolling Interests": -86000000.0,
        "Net Income Continuous Operations": -86000000.0,
        "Tax Provision": 5000000.0,
        "Pretax Income": -81000000.0,
        "Other Income Expense": NaN,
        "Special Income Charges": NaN,
        "Impairment Of Capital Assets": NaN,
        "Net Non Operating Interest Income Expense": 13000000.0,
        "Total Other Finance Cost": -13000000.0,
        "Operating Income": -94000000.0,
        "Operating Expense": 303000000.0,
        "Research And Development": 256000000.0,
        "Selling General And Administration": 47000000.0,
        "Selling And Marketing Expense": 28000000.0,
        "General And Administrative Expense": 19000000.0,
        "Other Gand A": 19000000.0,
        "Gross Profit": 209000000.0,
        "Cost Of Revenue": 230000000.0,
        "Total Revenue": 439000000.0,
        "Operating Revenue": 439000000.0
    },
    "2024-09-30": {
        "Tax Effect Of Unusual Items": -75263157.894737,
        "Tax Rate For Calcs": 0.027927,
        "Normalized EBITDA": 2710000000.0,
        "Total Unusual Items": -2695000000.0,
        "Total Unusual Items Excluding Goodwill": -2695000000.0,
        "Net Income From Continuing Operation Net Minority Interest": -2715000000.0,
        "Reconciled Depreciation": 127000000.0,
        "Reconciled Cost Of Revenue": 249000000.0,
        "EBITDA": 15000000.0,
        "EBIT": -112000000.0,
        "Net Interest Income": 14000000.0,
        "Normalized Income": -95263157.894737,
        "Net Income From Continuing And Discontinued Operation": -2715000000.0,
        "Total Expenses": 598000000.0,
        "Total Operating Income As Reported": -2807000000.0,
        "Diluted Average Shares": 811000000.0,
        "Basic Average Shares": 811000000.0,
        "Diluted EPS": -3.35,
        "Basic EPS": -3.35,
        "Diluted NI Availto Com Stockholders": -2715000000.0,
        "Net Income Common Stockholders": -2715000000.0,
        "Net Income": -2715000000.0,
        "Net Income Including Noncontrolling Interests": -2715000000.0,
        "Net Income Continuous Operations": -2715000000.0,
        "Tax Provision": -78000000.0,
        "Pretax Income": -2793000000.0,
        "Other Income Expense": -2695000000.0,
        "Special Income Charges": -2695000000.0,
        "Impairment Of Capital Assets": 2695000000.0,
        "Net Non Operating Interest Income Expense": 14000000.0,
        "Total Other Finance Cost": -14000000.0,
        "Operating Income": -112000000.0,
        "Operating Expense": 349000000.0,
        "Research And Development": 303000000.0,
        "Selling General And Administration": 46000000.0,
        "Selling And Marketing Expense": 28000000.0,
        "General And Administrative Expense": 18000000.0,
        "Other Gand A": 18000000.0,
        "Gross Profit": 237000000.0,
        "Cost Of Revenue": 249000000.0,
        "Total Revenue": 486000000.0,
        "Operating Revenue": 486000000.0
    },
    "2024-12-31": {
        "Tax Effect Of Unusual Items": 0.0,
        "Tax Rate For Calcs": 0.23,
        "Normalized EBITDA": -2592000000.0,
        "Total Unusual Items": 0.0,
        "Total Unusual Items Excluding Goodwill": 0.0,
        "Net Income From Continuing Operation Net Minority Interest": -71000000.0,
        "Reconciled Depreciation": 127000000.0,
        "Reconciled Cost Of Revenue": 249000000.0,
        "EBITDA": -2592000000.0,
        "EBIT": -2719000000.0,
        "Net Interest Income": 18000000.0,
        "Normalized Income": -71000000.0,
        "Net Income From Continuing And Discontinued Operation": -71000000.0,
        "Total Expenses": 576000000.0,
        "Total Operating Income As Reported": -86000000.0,
        "Diluted Average Shares": 811000000.0,
        "Basic Average Shares": 811000000.0,
        "Diluted EPS": -0.09,
        "Basic EPS": -0.09,
        "Diluted NI Availto Com Stockholders": -71000000.0,
        "Net Income Common Stockholders": -71000000.0,
        "Net Income": -71000000.0,
        "Net Income Including Noncontrolling Interests": -71000000.0,
        "Net Income Continuous Operations": -71000000.0,
        "Tax Provision": 3000000.0,
        "Pretax Income": -68000000.0,
        "Other Income Expense": 0.0,
        "Special Income Charges": 0.0,
        "Impairment Of Capital Assets": 0.0,
        "Net Non Operating Interest Income Expense": 18000000.0,
        "Total Other Finance Cost": -18000000.0,
        "Operating Income": -86000000.0,
        "Operating Expense": 327000000.0,
        "Research And Development": 281000000.0,
        "Selling General And Administration": 46000000.0,
        "Selling And Marketing Expense": 28000000.0,
        "General And Administrative Expense": 18000000.0,
        "Other Gand A": 18000000.0,
        "Gross Profit": 241000000.0,
        "Cost Of Revenue": 249000000.0,
        "Total Revenue": 490000000.0,
        "Operating Revenue": 490000000.0
    },
    "2025-03-31": {
        "Tax Effect Of Unusual Items": 0.0,
        "Tax Rate For Calcs": 0.23,
        "Normalized EBITDA": 12000000.0,
        "Total Unusual Items": NaN,
        "Total Unusual Items Excluding Goodwill": NaN,
        "Net Income From Continuing Operation Net Minority Interest": -102000000.0,
        "Reconciled Depreciation": 129000000.0,
        "Reconciled Cost Of Revenue": 231000000.0,
        "EBITDA": 12000000.0,
        "EBIT": -117000000.0,
        "Net Interest Income": 18000000.0,
        "Normalized Income": -102000000.0,
        "Net Income From Continuing And Discontinued Operation": -102000000.0,
        "Total Expenses": 555000000.0,
        "Total Operating Income As Reported": -117000000.0,
        "Diluted Average Shares": 812000000.0,
        "Basic Average Shares": 812000000.0,
        "Diluted EPS": -0.13,
        "Basic EPS": -0.13,
        "Diluted NI Availto Com Stockholders": -102000000.0,
        "Net Income Common Stockholders": -102000000.0,
        "Net Income": -102000000.0,
        "Net Income Including Noncontrolling Interests": -102000000.0,
        "Net Income Continuous Operations": -102000000.0,
        "Tax Provision": 3000000.0,
        "Pretax Income": -99000000.0,
        "Other Income Expense": NaN,
        "Special Income Charges": NaN,
        "Impairment Of Capital Assets": NaN,
        "Net Non Operating Interest Income Expense": 18000000.0,
        "Total Other Finance Cost": -18000000.0,
        "Operating Income": -117000000.0,
        "Operating Expense": 324000000.0,
        "Research And Development": 275000000.0,
        "Selling General And Administration": 49000000.0,
        "Selling And Marketing Expense": 31000000.0,
        "General And Administrative Expense": 18000000.0,
        "Other Gand A": 18000000.0,
        "Gross Profit": 207000000.0,
        "Cost Of Revenue": 231000000.0,
        "Total Revenue": 438000000.0,
        "Operating Revenue": 438000000.0
    },
    "2025-06-30": {
        "Tax Effect Of Unusual Items": 0.0,
        "Tax Rate For Calcs": 0.23,
        "Normalized EBITDA": 55000000.0,
        "Total Unusual Items": NaN,
        "Total Unusual Items Excluding Goodwill": NaN,
        "Net Income From Continuing Operation Net Minority Interest": -67000000.0,
        "Reconciled Depreciation": 129000000.0,
        "Reconciled Cost Of Revenue": 254000000.0,
        "EBITDA": 55000000.0,
        "EBIT": -74000000.0,
        "Net Interest Income": 13000000.0,
        "Normalized Income": -67000000.0,
        "Net Income From Continuing And Discontinued Operation": -67000000.0,
        "Total Expenses": 580000000.0,
        "Total Operating Income As Reported": -74000000.0,
        "Diluted Average Shares": 812000000.0,
        "Basic Average Shares": 812000000.0,
        "Diluted EPS": -0.08,
        "Basic EPS": -0.08,
        "Diluted NI Availto Com Stockholders": -67000000.0,
        "Net Income Common Stockholders": -67000000.0,
        "Net Income": -67000000.0,
        "Net Income Including Noncontrolling Interests": -67000000.0,
        "Net Income Continuous Operations": -67000000.0,
        "Tax Provision": 6000000.0,
        "Pretax Income": -61000000.0,
        "Other Income Expense": NaN,
        "Special Income Charges": NaN,
        "Impairment Of Capital Assets": NaN,
        "Net Non Operating Interest Income Expense": 13000000.0,
        "Total Other Finance Cost": -13000000.0,
        "Operating Income": -74000000.0,
        "Operating Expense": 326000000.0,
        "Research And Development": 282000000.0,
        "Selling General And Administration": 44000000.0,
        "Selling And Marketing Expense": 25000000.0,
        "General And Administrative Expense": 19000000.0,
        "Other Gand A": 19000000.0,
        "Gross Profit": 252000000.0,
        "Cost Of Revenue": 254000000.0,
        "Total Revenue": 506000000.0,
        "Operating Revenue": 506000000.0
    },
    "2025-09-30": {
        "Tax Effect Of Unusual Items": 0.0,
        "Tax Rate For Calcs": 0.23,
        "Normalized EBITDA": 20000000.0,
        "Total Unusual Items": 0.0,
        "Total Unusual Items Excluding Goodwill": 0.0,
        "Net Income From Continuing Operation Net Minority Interest": -96000000.0,
        "Reconciled Depreciation": 129000000.0,
        "Reconciled Cost Of Revenue": 261000000.0,
        "EBITDA": 20000000.0,
        "EBIT": -109000000.0,
        "Net Interest Income": 17000000.0,
        "Normalized Income": -96000000.0,
        "Net Income From Continuing And Discontinued Operation": -96000000.0,
        "Total Expenses": 613000000.0,
        "Total Operating Income As Reported": -109000000.0,
        "Diluted Average Shares": 814000000.0,
        "Basic Average Shares": 814000000.0,
        "Diluted EPS": -0.12,
        "Basic EPS": -0.12,
        "Diluted NI Availto Com Stockholders": -96000000.0,
        "Net Income Common Stockholders": -96000000.0,
        "Net Income": -96000000.0,
        "Net Income Including Noncontrolling Interests": -96000000.0,
        "Net Income Continuous Operations": -96000000.0,
        "Tax Provision": 4000000.0,
        "Pretax Income": -92000000.0,
        "Other Income Expense": NaN,
        "Special Income Charges": 0.0,
        "Impairment Of Capital Assets": 0.0,
        "Net Non Operating Interest Income Expense": 17000000.0,
        "Total Other Finance Cost": -17000000.0,
        "Operating Income": -109000000.0,
        "Operating Expense": 352000000.0,
        "Research And Development": 304000000.0,
        "Selling General And Administration": 48000000.0,
        "Selling And Marketing Expense": 29000000.0,
        "General And Administrative Expense": 19000000.0,
        "Other Gand A": 19000000.0,
        "Gross Profit": 243000000.0,
        "Cost Of Revenue": 261000000.0,
        "Total Revenue": 504000000.0,
        "Operating Revenue": 504000000.0
    }
}