{
    "2023-03-31": {
        "Tax Effect Of Unusual Items": NaN,
        "Tax Rate For Calcs": NaN,
        "Normalized EBITDA": NaN,
        "Total Unusual Items": 0.0,
        "Total Unusual Items Excluding Goodwill": 0.0,
        "Net Income From Continuing Operation Net Minority Interest": NaN,
        "Reconciled Depreciation": NaN,
        "Reconciled Cost Of Revenue": NaN,
        "EBITDA": NaN,
        "EBIT": NaN,
        "Net Interest Income": NaN,
        "Interest Expense": NaN,
        "Normalized Income": NaN,
        "Net Income From Continuing And Discontinued Operation": NaN,
        "Total Expenses": NaN,
        "Total Operating Income As Reported": NaN,
        "Diluted Average Shares": NaN,
        "Basic Average Shares": NaN,
        "Diluted EPS": NaN,
        "Basic EPS": NaN,
        "Diluted NI Availto Com Stockholders": NaN,
        "Net Income Common Stockholders": NaN,
        "Net Income": NaN,
        "Minority Interests": NaN,
        "Net Income Including Noncontrolling Interests": NaN,
        "Net Income Continuous Operations": NaN,
        "Tax Provision": NaN,
        "Pretax Income": NaN,
        "Other Income Expense": NaN,
        "Other Non Operating Income Expenses": NaN,
        "Special Income Charges": 0.0,
        "Impairment Of Capital Assets": 0.0,
        "Net Non Operating Interest Income Expense": NaN,
        "Interest Expense Non Operating": NaN,
        "Operating Income": NaN,
        "Operating Expense": NaN,
        "Depreciation Amortization Depletion Income Statement": NaN,
        "Depreciation And Amortization In Income Statement": NaN,
        "Amortization": NaN,
        "Amortization Of Intangibles Income Statement": NaN,
        "Selling General And Administration": NaN,
        "Selling And Marketing Expense": NaN,
        "General And Administrative Expense": NaN,
        "Other Gand A": NaN,
        "Gross Profit": NaN,
        "Cost Of Revenue": NaN,
        "Total Revenue": NaN,
        "Operating Revenue": NaN
    },
    "2022-12-31": {
        "Tax Effect Of Unusual Items": 0.0,
        "Tax Rate For Calcs": 0.235,
        "Normalized EBITDA": 55594000.0,
        "Net Income From Continuing Operation Net Minority Interest": 35162000.0,
        "Reconciled Depreciation": 7103000.0,
        "Reconciled Cost Of Revenue": 257690000.0,
        "EBITDA": 55594000.0,
        "EBIT": 48491000.0,
        "Net Interest Income": -910000.0,
        "Interest Expense": 910000.0,
        "Normalized Income": 35162000.0,
        "Net Income From Continuing And Discontinued Operation": 35162000.0,
        "Total Expenses": 290048000.0,
        "Total Operating Income As Reported": 48684000.0,
        "Diluted Average Shares": 20516025.0,
        "Basic Average Shares": 20404583.0,
        "Diluted EPS": 1.72,
        "Basic EPS": 1.73,
        "Diluted NI Availto Com Stockholders": 35162000.0,
        "Net Income Common Stockholders": 35162000.0,
        "Net Income": 35162000.0,
        "Minority Interests": -1234000.0,
        "Net Income Including Noncontrolling Interests": 36396000.0,
        "Net Income Continuous Operations": 36396000.0,
        "Tax Provision": 11185000.0,
        "Pretax Income": 47581000.0,
        "Other Income Expense": -193000.0,
        "Other Non Operating Income Expenses": -193000.0,
        "Net Non Operating Interest Income Expense": -910000.0,
        "Interest Expense Non Operating": 910000.0,
        "Operating Income": 48684000.0,
        "Operating Expense": 26970000.0,
        "Depreciation Amortization Depletion Income Statement": 1715000.0,
        "Depreciation And Amortization In Income Statement": 1715000.0,
        "Amortization": 1715000.0,
        "Amortization Of Intangibles Income Statement": 1715000.0,
        "Selling General And Administration": 25255000.0,
        "Selling And Marketing Expense": 6198000.0,
        "General And Administrative Expense": 19057000.0,
        "Other Gand A": 19057000.0,
        "Gross Profit": 75654000.0,
        "Cost Of Revenue": 263078000.0,
        "Total Revenue": 338732000.0,
        "Operating Revenue": 338732000.0
    },
    "2022-09-30": {
        "Tax Effect Of Unusual Items": 0.0,
        "Tax Rate For Calcs": 0.234,
        "Normalized EBITDA": 55425000.0,
        "Net Income From Continuing Operation Net Minority Interest": 34883000.0,
        "Reconciled Depreciation": 7012000.0,
        "Reconciled Cost Of Revenue": 222310000.0,
        "EBITDA": 55425000.0,
        "EBIT": 48413000.0,
        "Net Interest Income": -1285000.0,
        "Interest Expense": 1285000.0,
        "Normalized Income": 34883000.0,
        "Net Income From Continuing And Discontinued Operation": 34883000.0,
        "Total Expenses": 253728000.0,
        "Total Operating Income As Reported": 48483000.0,
        "Diluted Average Shares": 20632727.0,
        "Basic Average Shares": 20459849.0,
        "Diluted EPS": 1.69,
        "Basic EPS": 1.7,
        "Diluted NI Availto Com Stockholders": 34883000.0,
        "Net Income Common Stockholders": 34883000.0,
        "Net Income": 34883000.0,
        "Minority Interests": -1222000.0,
        "Net Income Including Noncontrolling Interests": 36105000.0,
        "Net Income Continuous Operations": 36105000.0,
        "Tax Provision": 11023000.0,
        "Pretax Income": 47128000.0,
        "Other Income Expense": -70000.0,
        "Other Non Operating Income Expenses": -70000.0,
        "Net Non Operating Interest Income Expense": -1285000.0,
        "Interest Expense Non Operating": 1285000.0,
        "Operating Income": 48483000.0,
        "Operating Expense": 26122000.0,
        "Depreciation Amortization Depletion Income Statement": 1716000.0,
        "Depreciation And Amortization In Income Statement": 1716000.0,
        "Amortization": 1716000.0,
        "Amortization Of Intangibles Income Statement": 1716000.0,
        "Selling General And Administration": 24406000.0,
        "Selling And Marketing Expense": 5186000.0,
        "General And Administrative Expense": 19220000.0,
        "Other Gand A": 19220000.0,
        "Gross Profit": 74605000.0,
        "Cost Of Revenue": 227606000.0,
        "Total Revenue": 302211000.0,
        "Operating Revenue": 302211000.0
    },
    "2022-06-30": {
        "Tax Effect Of Unusual Items": 0.0,
        "Tax Rate For Calcs": 0.217682,
        "Normalized EBITDA": 66095000.0,
        "Net Income From Continuing Operation Net Minority Interest": 47919000.0,
        "Reconciled Depreciation": 1700000.0,
        "Reconciled Cost Of Revenue": 263579000.0,
        "EBITDA": 66095000.0,
        "EBIT": 64395000.0,
        "Net Interest Income": -885000.0,
        "Interest Expense": 885000.0,
        "Normalized Income": 47919000.0,
        "Net Income From Continuing And Discontinued Operation": 47919000.0,
        "Total Expenses": 287795000.0,
        "Total Operating Income As Reported": 65411000.0,
        "Diluted Average Shares": 20652518.0,
        "Basic Average Shares": 20467828.0,
        "Diluted EPS": 2.31,
        "Basic EPS": 2.34,
        "Diluted NI Availto Com Stockholders": 47919000.0,
        "Net Income Common Stockholders": 47919000.0,
        "Net Income": 47919000.0,
        "Minority Interests": -1766000.0,
        "Net Income Including Noncontrolling Interests": 49685000.0,
        "Net Income Continuous Operations": 49685000.0,
        "Tax Provision": 13825000.0,
        "Pretax Income": 63510000.0,
        "Other Income Expense": -1016000.0,
        "Other Non Operating Income Expenses": -1016000.0,
        "Net Non Operating Interest Income Expense": -885000.0,
        "Interest Expense Non Operating": 885000.0,
        "Operating Income": 65411000.0,
        "Operating Expense": 24216000.0,
        "Depreciation Amortization Depletion Income Statement": 1700000.0,
        "Depreciation And Amortization In Income Statement": 1700000.0,
        "Amortization": 1700000.0,
        "Amortization Of Intangibles Income Statement": 1700000.0,
        "Selling General And Administration": 22516000.0,
        "Selling And Marketing Expense": 5352000.0,
        "General And Administrative Expense": 17164000.0,
        "Other Gand A": 17164000.0,
        "Gross Profit": 89627000.0,
        "Cost Of Revenue": 263579000.0,
        "Total Revenue": 353206000.0,
        "Operating Revenue": 353206000.0
    },
    "2022-03-31": {
        "Diluted EPS": 2.51,
        "Total Revenue": 344,
        "Gross Profit": 97,
        "Operating Income": 72,
        "EBIT": 78,
        "Net Income": 53
    },
    "2021-12-31": {
        "Diluted EPS": 1.41,
        "Total Revenue": 264,
        "Gross Profit": 64,
        "Operating Income": 40,
        "EBIT": 47,
        "Net Income": 30
    },
    "2021-09-30": {
        "Diluted EPS": 1.28,
        "Total Revenue": 253,
        "Gross Profit": 60,
        "Operating Income": 37,
        "EBIT": 43,
        "Net Income": 27
    },
    "2021-06-30": {
        "Diluted EPS": 1.6,
        "Total Revenue": 277,
        "Gross Profit": 69,
        "Operating Income": 45,
        "EBIT": 52,
        "Net Income": 34
    },
    "2021-03-31": {
        "Diluted EPS": 1.61,
        "Total Revenue": 273,
        "Gross Profit": 72,
        "Operating Income": 47,
        "EBIT": 53,
        "Net Income": 34
    },
    "2020-12-31": {
        "Diluted EPS": 1.01,
        "Total Revenue": 196,
        "Gross Profit": 49,
        "Operating Income": 29,
        "EBIT": 34,
        "Net Income": 21
    },
    "2020-09-30": {
        "Diluted EPS": 1.01,
        "Total Revenue": 181,
        "Gross Profit": 46,
        "Operating Income": 29,
        "EBIT": 34,
        "Net Income": 21
    },
    "2020-06-30": {
        "Diluted EPS": 0.29,
        "Total Revenue": 119,
        "Gross Profit": 24,
        "Operating Income": 9,
        "EBIT": 14,
        "Net Income": 6
    },
    "2020-03-31": {
        "Diluted EPS": 1.09,
        "Total Revenue": 182,
        "Gross Profit": 46,
        "Operating Income": 30,
        "EBIT": 35,
        "Net Income": 23
    },
    "2019-12-31": {
        "Diluted EPS": 0.81,
        "Total Revenue": 180,
        "Gross Profit": 40,
        "Operating Income": 24,
        "EBIT": 28,
        "Net Income": 17
    },
    "2019-09-30": {
        "Diluted EPS": 0.76,
        "Total Revenue": 172,
        "Gross Profit": 40,
        "Operating Income": 23,
        "EBIT": 27,
        "Net Income": 16
    },
    "2019-06-30": {
        "Diluted EPS": 0.92,
        "Total Revenue": 195,
        "Gross Profit": 48,
        "Operating Income": 30,
        "EBIT": 34,
        "Net Income": 19
    },
    "2019-03-31": {
        "Diluted EPS": 1.01,
        "Total Revenue": 200,
        "Gross Profit": 50,
        "Operating Income": 31,
        "EBIT": 35,
        "Net Income": 21
    },
    "2018-12-31": {
        "Diluted EPS": 0.68,
        "Total Revenue": 166,
        "Gross Profit": 38,
        "Operating Income": 21,
        "EBIT": 25,
        "Net Income": 14
    },
    "2018-09-30": {
        "Diluted EPS": 0.54,
        "Total Revenue": 123,
        "Gross Profit": 31,
        "Operating Income": 17,
        "EBIT": 20,
        "Net Income": 11
    },
    "2018-06-30": {
        "Diluted EPS": 0.6,
        "Total Revenue": 139,
        "Gross Profit": 34,
        "Operating Income": 20,
        "EBIT": 22,
        "Net Income": 12
    },
    "2018-03-31": {
        "Diluted EPS": 0.76,
        "Total Revenue": 140,
        "Gross Profit": 36,
        "Operating Income": 24,
        "EBIT": 27,
        "Net Income": 16
    },
    "2017-12-31": {
        "Diluted EPS": -0.31,
        "Total Revenue": 114,
        "Gross Profit": 28,
        "Operating Income": 16,
        "EBIT": 19,
        "Net Income": -6
    },
    "2017-09-30": {
        "Diluted EPS": 0.31,
        "Total Revenue": 104,
        "Gross Profit": 23,
        "Operating Income": 11,
        "EBIT": 15,
        "Net Income": 6
    },
    "2017-06-30": {
        "Diluted EPS": 0.53,
        "Total Revenue": 75,
        "Gross Profit": 20,
        "Operating Income": 8,
        "EBIT": 10,
        "Net Income": 10
    },
    "2017-03-31": {
        "Diluted EPS": 0.45,
        "Total Revenue": 77,
        "Gross Profit": 21,
        "Operating Income": 13,
        "EBIT": 15,
        "Net Income": 8
    },
    "2016-12-31": {
        "Diluted EPS": 0.39,
        "Total Revenue": 68,
        "Gross Profit": 18,
        "Operating Income": 12,
        "EBIT": 13,
        "Net Income": 7
    },
    "2016-09-30": {
        "Diluted EPS": 0.21,
        "Total Revenue": 62,
        "Gross Profit": 16,
        "Operating Income": 7,
        "EBIT": 8,
        "Net Income": 4
    },
    "2016-06-30": {
        "Diluted EPS": 0.2,
        "Total Revenue": 67,
        "Gross Profit": 18,
        "Operating Income": 8,
        "EBIT": 9,
        "Net Income": 4
    },
    "2016-03-31": {
        "Diluted EPS": 0.32,
        "Total Revenue": 69,
        "Gross Profit": 18,
        "Operating Income": 12,
        "EBIT": 13,
        "Net Income": 6
    },
    "2015-12-31": {
        "Diluted EPS": 0.28,
        "Total Revenue": 61,
        "Gross Profit": 16,
        "Operating Income": 9,
        "EBIT": 10,
        "Net Income": 5
    },
    "2015-09-30": {
        "Diluted EPS": 0.2,
        "Total Revenue": 57,
        "Gross Profit": 15,
        "Operating Income": 7,
        "EBIT": 9,
        "Net Income": 4
    },
    "2015-06-30": {
        "Diluted EPS": 0.35,
        "Total Revenue": 61,
        "Gross Profit": 16,
        "Operating Income": 11,
        "EBIT": 13,
        "Net Income": 6
    },
    "2015-03-31": {
        "Diluted EPS": 0.28,
        "Total Revenue": 65,
        "Gross Profit": 18,
        "Operating Income": 10,
        "EBIT": 11,
        "Net Income": 4
    },
    "2014-12-31": {
        "Diluted EPS": 0.21,
        "Total Revenue": 55,
        "Gross Profit": 14,
        "Operating Income": 7,
        "EBIT": 8,
        "Net Income": 3
    },
    "2014-09-30": {
        "Diluted EPS": 0.09,
        "Total Revenue": 48,
        "Gross Profit": 12,
        "Operating Income": 3,
        "EBIT": 5,
        "Net Income": 1
    },
    "2014-06-30": {
        "Diluted EPS": -0.38,
        "Total Revenue": 53,
        "Gross Profit": 15,
        "Operating Income": -13,
        "EBIT": -11,
        "Net Income": -4
    },
    "2014-03-31": {
        "Diluted EPS": -0.04,
        "Total Revenue": 50,
        "Gross Profit": 13,
        "Operating Income": 0,
        "EBIT": 3,
        "Net Income": 0
    },
    "2013-12-31": {
        "Diluted EPS": 0.0,
        "Total Revenue": 44,
        "Gross Profit": 12,
        "Operating Income": 6,
        "EBIT": 8,
        "Net Income": NaN
    },
    "2013-09-30": {
        "Diluted EPS": 0.0,
        "Total Revenue": 43,
        "Gross Profit": 11,
        "Operating Income": 6,
        "EBIT": 9,
        "Net Income": NaN
    },
    "2013-06-30": {
        "Diluted EPS": 0.0,
        "Total Revenue": 49,
        "Gross Profit": 14,
        "Operating Income": 9,
        "EBIT": 10,
        "Net Income": -4
    },
    "2013-03-31": {
        "Diluted EPS": 0.0,
        "Total Revenue": 47,
        "Gross Profit": 13,
        "Operating Income": 6,
        "EBIT": 7,
        "Net Income": NaN
    },
    "2012-12-31": {
        "Diluted EPS": 0.09,
        "Total Revenue": 38,
        "Gross Profit": 9,
        "Operating Income": 4,
        "EBIT": 6,
        "Net Income": 4
    },
    "2012-09-30": {
        "Diluted EPS": 0.02,
        "Total Revenue": 33,
        "Gross Profit": 8,
        "Operating Income": 1,
        "EBIT": 3,
        "Net Income": 1
    },
    "2012-06-30": {
        "Diluted EPS": 0.0,
        "Total Revenue": NaN,
        "Gross Profit": NaN,
        "Operating Income": NaN,
        "EBIT": NaN,
        "Net Income": NaN
    },
    "2011-06-30": {
        "Diluted EPS": 0.0,
        "Total Revenue": NaN,
        "Gross Profit": NaN,
        "Operating Income": NaN,
        "EBIT": NaN,
        "Net Income": NaN
    },
    "2023-06-30": {
        "Tax Effect Of Unusual Items": 0.0,
        "Tax Rate For Calcs": 0.213538,
        "Normalized EBITDA": -15362000.0,
        "Total Unusual Items": NaN,
        "Total Unusual Items Excluding Goodwill": NaN,
        "Net Income From Continuing Operation Net Minority Interest": -17420000.0,
        "Reconciled Depreciation": 7462000.0,
        "Reconciled Cost Of Revenue": 264076000.0,
        "EBITDA": -15362000.0,
        "EBIT": -22824000.0,
        "Net Interest Income": -118000.0,
        "Interest Expense": 118000.0,
        "Normalized Income": -17420000.0,
        "Net Income From Continuing And Discontinued Operation": -17420000.0,
        "Total Expenses": 394949000.0,
        "Total Operating Income As Reported": -22646000.0,
        "Diluted Average Shares": 20611175.0,
        "Basic Average Shares": 20611175.0,
        "Diluted EPS": -0.86,
        "Basic EPS": -0.86,
        "Diluted NI Availto Com Stockholders": -17420000.0,
        "Net Income Common Stockholders": -17420000.0,
        "Net Income": -17420000.0,
        "Minority Interests": 623000.0,
        "Net Income Including Noncontrolling Interests": -18043000.0,
        "Net Income Continuous Operations": -18043000.0,
        "Tax Provision": -4899000.0,
        "Pretax Income": -22942000.0,
        "Other Income Expense": -178000.0,
        "Other Non Operating Income Expenses": -178000.0,
        "Special Income Charges": NaN,
        "Impairment Of Capital Assets": NaN,
        "Net Non Operating Interest Income Expense": -118000.0,
        "Interest Expense Non Operating": 118000.0,
        "Operating Income": -22646000.0,
        "Operating Expense": 125108000.0,
        "Depreciation Amortization Depletion Income Statement": 1697000.0,
        "Depreciation And Amortization In Income Statement": 1697000.0,
        "Amortization": 1697000.0,
        "Amortization Of Intangibles Income Statement": 1697000.0,
        "Selling General And Administration": 123411000.0,
        "Selling And Marketing Expense": 5449000.0,
        "General And Administrative Expense": 117962000.0,
        "Other Gand A": 117962000.0,
        "Gross Profit": 102462000.0,
        "Cost Of Revenue": 269841000.0,
        "Total Revenue": 372303000.0,
        "Operating Revenue": 372303000.0
    },
    "2023-09-30": {
        "Tax Effect Of Unusual Items": 0.0,
        "Tax Rate For Calcs": 0.251478,
        "Normalized EBITDA": 36671000.0,
        "Total Unusual Items": NaN,
        "Total Unusual Items Excluding Goodwill": NaN,
        "Net Income From Continuing Operation Net Minority Interest": 20259000.0,
        "Reconciled Depreciation": 8039000.0,
        "Reconciled Cost Of Revenue": 192712000.0,
        "EBITDA": 36671000.0,
        "EBIT": 28632000.0,
        "Net Interest Income": -884000.0,
        "Interest Expense": 884000.0,
        "Normalized Income": 20259000.0,
        "Net Income From Continuing And Discontinued Operation": 20259000.0,
        "Total Expenses": 227208000.0,
        "Total Operating Income As Reported": 28622000.0,
        "Diluted Average Shares": 20684230.0,
        "Basic Average Shares": 20586487.0,
        "Diluted EPS": 0.98,
        "Basic EPS": 0.98,
        "Diluted NI Availto Com Stockholders": 20259000.0,
        "Net Income Common Stockholders": 20259000.0,
        "Net Income": 20259000.0,
        "Minority Interests": -511000.0,
        "Net Income Including Noncontrolling Interests": 20770000.0,
        "Net Income Continuous Operations": 20770000.0,
        "Tax Provision": 6978000.0,
        "Pretax Income": 27748000.0,
        "Other Income Expense": 10000.0,
        "Other Non Operating Income Expenses": 10000.0,
        "Special Income Charges": NaN,
        "Impairment Of Capital Assets": NaN,
        "Net Non Operating Interest Income Expense": -884000.0,
        "Interest Expense Non Operating": 884000.0,
        "Operating Income": 28622000.0,
        "Operating Expense": 28172000.0,
        "Depreciation Amortization Depletion Income Statement": 1715000.0,
        "Depreciation And Amortization In Income Statement": 1715000.0,
        "Amortization": 1715000.0,
        "Amortization Of Intangibles Income Statement": 1715000.0,
        "Selling General And Administration": 26457000.0,
        "Selling And Marketing Expense": 5752000.0,
        "General And Administrative Expense": 20705000.0,
        "Other Gand A": 20705000.0,
        "Gross Profit": 56794000.0,
        "Cost Of Revenue": 199036000.0,
        "Total Revenue": 255830000.0,
        "Operating Revenue": 255830000.0
    },
    "2023-12-31": {
        "Tax Effect Of Unusual Items": 0.0,
        "Tax Rate For Calcs": 0.278,
        "Normalized EBITDA": 22777000.0,
        "Total Unusual Items": NaN,
        "Total Unusual Items Excluding Goodwill": NaN,
        "Net Income From Continuing Operation Net Minority Interest": 9881000.0,
        "Reconciled Depreciation": 8056000.0,
        "Reconciled Cost Of Revenue": 167256000.0,
        "EBITDA": 22777000.0,
        "EBIT": 14721000.0,
        "Net Interest Income": -671000.0,
        "Interest Expense": 671000.0,
        "Normalized Income": 9881000.0,
        "Net Income From Continuing And Discontinued Operation": 9881000.0,
        "Total Expenses": 196362000.0,
        "Total Operating Income As Reported": 14712000.0,
        "Diluted Average Shares": 20450204.0,
        "Basic Average Shares": 20375750.0,
        "Diluted EPS": 0.49,
        "Basic EPS": 0.49,
        "Diluted NI Availto Com Stockholders": 9881000.0,
        "Net Income Common Stockholders": 9881000.0,
        "Net Income": 9881000.0,
        "Minority Interests": -263000.0,
        "Net Income Including Noncontrolling Interests": 10144000.0,
        "Net Income Continuous Operations": 10144000.0,
        "Tax Provision": 3906000.0,
        "Pretax Income": 14050000.0,
        "Other Income Expense": 9000.0,
        "Other Non Operating Income Expenses": 9000.0,
        "Special Income Charges": NaN,
        "Impairment Of Capital Assets": NaN,
        "Net Non Operating Interest Income Expense": -671000.0,
        "Interest Expense Non Operating": 671000.0,
        "Operating Income": 14712000.0,
        "Operating Expense": 22763000.0,
        "Depreciation Amortization Depletion Income Statement": 1713000.0,
        "Depreciation And Amortization In Income Statement": 1713000.0,
        "Amortization": 1713000.0,
        "Amortization Of Intangibles Income Statement": 1713000.0,
        "Selling General And Administration": 21050000.0,
        "Selling And Marketing Expense": 5610000.0,
        "General And Administrative Expense": 15440000.0,
        "Other Gand A": 15440000.0,
        "Gross Profit": 37475000.0,
        "Cost Of Revenue": 173599000.0,
        "Total Revenue": 211074000.0,
        "Operating Revenue": 211074000.0
    },
    "2024-03-31": {
        "Tax Effect Of Unusual Items": NaN,
        "Tax Rate For Calcs": NaN,
        "Normalized EBITDA": NaN,
        "Total Unusual Items": -88389000.0,
        "Total Unusual Items Excluding Goodwill": -88389000.0,
        "Net Income From Continuing Operation Net Minority Interest": NaN,
        "Reconciled Depreciation": NaN,
        "Reconciled Cost Of Revenue": NaN,
        "EBITDA": NaN,
        "EBIT": NaN,
        "Net Interest Income": NaN,
        "Interest Expense": NaN,
        "Normalized Income": NaN,
        "Net Income From Continuing And Discontinued Operation": NaN,
        "Total Expenses": NaN,
        "Total Operating Income As Reported": NaN,
        "Diluted Average Shares": NaN,
        "Basic Average Shares": NaN,
        "Diluted EPS": NaN,
        "Basic EPS": NaN,
        "Diluted NI Availto Com Stockholders": NaN,
        "Net Income Common Stockholders": NaN,
        "Net Income": NaN,
        "Minority Interests": NaN,
        "Net Income Including Noncontrolling Interests": NaN,
        "Net Income Continuous Operations": NaN,
        "Tax Provision": NaN,
        "Pretax Income": NaN,
        "Other Income Expense": NaN,
        "Other Non Operating Income Expenses": NaN,
        "Special Income Charges": -88389000.0,
        "Impairment Of Capital Assets": 88389000.0,
        "Net Non Operating Interest Income Expense": NaN,
        "Interest Expense Non Operating": NaN,
        "Operating Income": NaN,
        "Operating Expense": NaN,
        "Depreciation Amortization Depletion Income Statement": NaN,
        "Depreciation And Amortization In Income Statement": NaN,
        "Amortization": NaN,
        "Amortization Of Intangibles Income Statement": NaN,
        "Selling General And Administration": NaN,
        "Selling And Marketing Expense": NaN,
        "General And Administrative Expense": NaN,
        "Other Gand A": NaN,
        "Gross Profit": NaN,
        "Cost Of Revenue": NaN,
        "Total Revenue": NaN,
        "Operating Revenue": NaN
    },
    "2024-06-30": {
        "Tax Effect Of Unusual Items": NaN,
        "Tax Rate For Calcs": NaN,
        "Normalized EBITDA": NaN,
        "Total Unusual Items": -8735000.0,
        "Total Unusual Items Excluding Goodwill": -8735000.0,
        "Net Income From Continuing Operation Net Minority Interest": NaN,
        "Reconciled Depreciation": NaN,
        "Reconciled Cost Of Revenue": NaN,
        "EBITDA": NaN,
        "EBIT": NaN,
        "Net Interest Income": NaN,
        "Interest Expense": NaN,
        "Normalized Income": NaN,
        "Net Income From Continuing And Discontinued Operation": NaN,
        "Total Expenses": NaN,
        "Total Operating Income As Reported": NaN,
        "Diluted Average Shares": NaN,
        "Basic Average Shares": NaN,
        "Diluted EPS": NaN,
        "Basic EPS": NaN,
        "Diluted NI Availto Com Stockholders": NaN,
        "Net Income Common Stockholders": NaN,
        "Net Income": NaN,
        "Minority Interests": NaN,
        "Net Income Including Noncontrolling Interests": NaN,
        "Net Income Continuous Operations": NaN,
        "Tax Provision": NaN,
        "Pretax Income": NaN,
        "Other Income Expense": NaN,
        "Other Non Operating Income Expenses": NaN,
        "Special Income Charges": -8735000.0,
        "Impairment Of Capital Assets": 0.0,
        "Net Non Operating Interest Income Expense": NaN,
        "Interest Expense Non Operating": NaN,
        "Operating Income": NaN,
        "Operating Expense": NaN,
        "Depreciation Amortization Depletion Income Statement": NaN,
        "Depreciation And Amortization In Income Statement": NaN,
        "Amortization": NaN,
        "Amortization Of Intangibles Income Statement": NaN,
        "Selling General And Administration": NaN,
        "Selling And Marketing Expense": NaN,
        "General And Administrative Expense": NaN,
        "Other Gand A": NaN,
        "Gross Profit": NaN,
        "Cost Of Revenue": NaN,
        "Total Revenue": NaN,
        "Operating Revenue": NaN
    },
    "2024-09-30": {
        "Tax Effect Of Unusual Items": 0.0,
        "Tax Rate For Calcs": 0.142,
        "Normalized EBITDA": 3489000.0,
        "Total Unusual Items": NaN,
        "Total Unusual Items Excluding Goodwill": NaN,
        "Net Income From Continuing Operation Net Minority Interest": -5048000.0,
        "Reconciled Depreciation": 9090000.0,
        "Reconciled Cost Of Revenue": 135997000.0,
        "EBITDA": 3489000.0,
        "EBIT": -5601000.0,
        "Net Interest Income": -396000.0,
        "Interest Expense": 396000.0,
        "Normalized Income": -5048000.0,
        "Net Income From Continuing And Discontinued Operation": -5048000.0,
        "Total Expenses": 177191000.0,
        "Total Operating Income As Reported": -5611000.0,
        "Diluted Average Shares": 20025742.0,
        "Basic Average Shares": 20025742.0,
        "Diluted EPS": -0.25,
        "Basic EPS": -0.25,
        "Diluted NI Availto Com Stockholders": -5048000.0,
        "Net Income Common Stockholders": -5048000.0,
        "Net Income": -5048000.0,
        "Minority Interests": 99000.0,
        "Net Income Including Noncontrolling Interests": -5147000.0,
        "Net Income Continuous Operations": -5147000.0,
        "Tax Provision": -850000.0,
        "Pretax Income": -5997000.0,
        "Other Income Expense": 10000.0,
        "Other Non Operating Income Expenses": 10000.0,
        "Special Income Charges": NaN,
        "Impairment Of Capital Assets": NaN,
        "Net Non Operating Interest Income Expense": -396000.0,
        "Interest Expense Non Operating": 396000.0,
        "Operating Income": -5611000.0,
        "Operating Expense": 33820000.0,
        "Depreciation Amortization Depletion Income Statement": 1716000.0,
        "Depreciation And Amortization In Income Statement": 1716000.0,
        "Amortization": 1716000.0,
        "Amortization Of Intangibles Income Statement": 1716000.0,
        "Selling General And Administration": 32104000.0,
        "Selling And Marketing Expense": 4864000.0,
        "General And Administrative Expense": 27240000.0,
        "Other Gand A": 27240000.0,
        "Gross Profit": 28209000.0,
        "Cost Of Revenue": 143371000.0,
        "Total Revenue": 171580000.0,
        "Operating Revenue": 171580000.0
    },
    "2024-12-31": {
        "Tax Effect Of Unusual Items": 0.0,
        "Tax Rate For Calcs": 0.068846,
        "Normalized EBITDA": 12721000.0,
        "Total Unusual Items": NaN,
        "Total Unusual Items Excluding Goodwill": NaN,
        "Net Income From Continuing Operation Net Minority Interest": 2363000.0,
        "Reconciled Depreciation": 9536000.0,
        "Reconciled Cost Of Revenue": 155038000.0,
        "EBITDA": 12721000.0,
        "EBIT": 3185000.0,
        "Net Interest Income": -585000.0,
        "Interest Expense": 585000.0,
        "Normalized Income": 2363000.0,
        "Net Income From Continuing And Discontinued Operation": 2363000.0,
        "Total Expenses": 197104000.0,
        "Total Operating Income As Reported": 3176000.0,
        "Diluted Average Shares": 19804384.0,
        "Basic Average Shares": 19741507.0,
        "Diluted EPS": 0.12,
        "Basic EPS": 0.12,
        "Diluted NI Availto Com Stockholders": 2363000.0,
        "Net Income Common Stockholders": 2363000.0,
        "Net Income": 2363000.0,
        "Minority Interests": -58000.0,
        "Net Income Including Noncontrolling Interests": 2421000.0,
        "Net Income Continuous Operations": 2421000.0,
        "Tax Provision": 179000.0,
        "Pretax Income": 2600000.0,
        "Other Income Expense": 9000.0,
        "Other Non Operating Income Expenses": 9000.0,
        "Special Income Charges": NaN,
        "Impairment Of Capital Assets": NaN,
        "Net Non Operating Interest Income Expense": -585000.0,
        "Interest Expense Non Operating": 585000.0,
        "Operating Income": 3176000.0,
        "Operating Expense": 34242000.0,
        "Depreciation Amortization Depletion Income Statement": 1712000.0,
        "Depreciation And Amortization In Income Statement": 1712000.0,
        "Amortization": 1712000.0,
        "Amortization Of Intangibles Income Statement": 1712000.0,
        "Selling General And Administration": 32530000.0,
        "Selling And Marketing Expense": 5985000.0,
        "General And Administrative Expense": 26545000.0,
        "Other Gand A": 26545000.0,
        "Gross Profit": 37418000.0,
        "Cost Of Revenue": 162862000.0,
        "Total Revenue": 200280000.0,
        "Operating Revenue": 200280000.0
    },
    "2025-03-31": {
        "Tax Effect Of Unusual Items": 0.0,
        "Tax Rate For Calcs": 0.218,
        "Normalized EBITDA": 27251000.0,
        "Total Unusual Items": 0.0,
        "Total Unusual Items Excluding Goodwill": 0.0,
        "Net Income From Continuing Operation Net Minority Interest": 12890000.0,
        "Reconciled Depreciation": 9877000.0,
        "Reconciled Cost Of Revenue": 174737000.0,
        "EBITDA": 27251000.0,
        "EBIT": 17374000.0,
        "Net Interest Income": -525000.0,
        "Interest Expense": 525000.0,
        "Normalized Income": 12890000.0,
        "Net Income From Continuing And Discontinued Operation": 12890000.0,
        "Total Expenses": 211295000.0,
        "Total Operating Income As Reported": 17367000.0,
        "Diluted Average Shares": 19581407.0,
        "Basic Average Shares": 19557572.0,
        "Diluted EPS": 0.66,
        "Basic EPS": 0.66,
        "Diluted NI Availto Com Stockholders": 12890000.0,
        "Net Income Common Stockholders": 12890000.0,
        "Net Income": 12890000.0,
        "Minority Interests": -283000.0,
        "Net Income Including Noncontrolling Interests": 13173000.0,
        "Net Income Continuous Operations": 13173000.0,
        "Tax Provision": 3676000.0,
        "Pretax Income": 16849000.0,
        "Other Income Expense": 7000.0,
        "Other Non Operating Income Expenses": 7000.0,
        "Special Income Charges": 0.0,
        "Impairment Of Capital Assets": 0.0,
        "Net Non Operating Interest Income Expense": -525000.0,
        "Interest Expense Non Operating": 525000.0,
        "Operating Income": 17367000.0,
        "Operating Expense": 28357000.0,
        "Depreciation Amortization Depletion Income Statement": 1676000.0,
        "Depreciation And Amortization In Income Statement": 1676000.0,
        "Amortization": 1676000.0,
        "Amortization Of Intangibles Income Statement": 1676000.0,
        "Selling General And Administration": 26681000.0,
        "Selling And Marketing Expense": 6832000.0,
        "General And Administrative Expense": 19849000.0,
        "Other Gand A": 19849000.0,
        "Gross Profit": 45724000.0,
        "Cost Of Revenue": 182938000.0,
        "Total Revenue": 228662000.0,
        "Operating Revenue": 228662000.0
    },
    "2025-06-30": {
        "Tax Effect Of Unusual Items": 0.0,
        "Tax Rate For Calcs": 0.296285,
        "Normalized EBITDA": 17278000.0,
        "Total Unusual Items": 0.0,
        "Total Unusual Items Excluding Goodwill": 0.0,
        "Net Income From Continuing Operation Net Minority Interest": 4674000.0,
        "Reconciled Depreciation": 10090000.0,
        "Reconciled Cost Of Revenue": 165904000.0,
        "EBITDA": 17278000.0,
        "EBIT": 7188000.0,
        "Net Interest Income": -377000.0,
        "Interest Expense": 377000.0,
        "Normalized Income": 4674000.0,
        "Net Income From Continuing And Discontinued Operation": 4674000.0,
        "Total Expenses": 200210000.0,
        "Total Operating Income As Reported": 6829000.0,
        "Diluted Average Shares": 19351452.0,
        "Basic Average Shares": 19326533.0,
        "Diluted EPS": 0.24,
        "Basic EPS": 0.24,
        "Diluted NI Availto Com Stockholders": 4674000.0,
        "Net Income Common Stockholders": 4674000.0,
        "Net Income": 4674000.0,
        "Minority Interests": -119000.0,
        "Net Income Including Noncontrolling Interests": 4793000.0,
        "Net Income Continuous Operations": 4793000.0,
        "Tax Provision": 2018000.0,
        "Pretax Income": 6811000.0,
        "Other Income Expense": 359000.0,
        "Other Non Operating Income Expenses": 359000.0,
        "Special Income Charges": 0.0,
        "Impairment Of Capital Assets": 0.0,
        "Net Non Operating Interest Income Expense": -377000.0,
        "Interest Expense Non Operating": 377000.0,
        "Operating Income": 6829000.0,
        "Operating Expense": 25911000.0,
        "Depreciation Amortization Depletion Income Statement": 1695000.0,
        "Depreciation And Amortization In Income Statement": 1695000.0,
        "Amortization": 1695000.0,
        "Amortization Of Intangibles Income Statement": 1695000.0,
        "Selling General And Administration": 24216000.0,
        "Selling And Marketing Expense": 5390000.0,
        "General And Administrative Expense": 18826000.0,
        "Other Gand A": 18826000.0,
        "Gross Profit": 32740000.0,
        "Cost Of Revenue": 174299000.0,
        "Total Revenue": 207039000.0,
        "Operating Revenue": 207039000.0
    },
    "2025-09-30": {
        "Tax Effect Of Unusual Items": 0.0,
        "Tax Rate For Calcs": 0.21,
        "Normalized EBITDA": 9875000.0,
        "Total Unusual Items": NaN,
        "Total Unusual Items Excluding Goodwill": NaN,
        "Net Income From Continuing Operation Net Minority Interest": -702000.0,
        "Reconciled Depreciation": 9851000.0,
        "Reconciled Cost Of Revenue": 158664000.0,
        "EBITDA": 9875000.0,
        "EBIT": 24000.0,
        "Net Interest Income": -423000.0,
        "Interest Expense": 423000.0,
        "Normalized Income": -702000.0,
        "Net Income From Continuing And Discontinued Operation": -702000.0,
        "Total Expenses": 195575000.0,
        "Total Operating Income As Reported": -842000.0,
        "Diluted Average Shares": 19335990.0,
        "Basic Average Shares": 19335990.0,
        "Diluted EPS": -0.04,
        "Basic EPS": -0.04,
        "Diluted NI Availto Com Stockholders": -702000.0,
        "Net Income Common Stockholders": -702000.0,
        "Net Income": -702000.0,
        "Minority Interests": 8000.0,
        "Net Income Including Noncontrolling Interests": -710000.0,
        "Net Income Continuous Operations": -710000.0,
        "Tax Provision": 311000.0,
        "Pretax Income": -399000.0,
        "Other Income Expense": 866000.0,
        "Other Non Operating Income Expenses": 866000.0,
        "Special Income Charges": NaN,
        "Impairment Of Capital Assets": NaN,
        "Net Non Operating Interest Income Expense": -423000.0,
        "Interest Expense Non Operating": 423000.0,
        "Operating Income": -842000.0,
        "Operating Expense": 28773000.0,
        "Depreciation Amortization Depletion Income Statement": 1713000.0,
        "Depreciation And Amortization In Income Statement": 1713000.0,
        "Amortization": 1713000.0,
        "Amortization Of Intangibles Income Statement": 1713000.0,
        "Selling General And Administration": 27060000.0,
        "Selling And Marketing Expense": 6293000.0,
        "General And Administrative Expense": 20767000.0,
        "Other Gand A": 20767000.0,
        "Gross Profit": 27931000.0,
        "Cost Of Revenue": 166802000.0,
        "Total Revenue": 194733000.0,
        "Operating Revenue": 194733000.0
    },
    "2025-12-31": {
        "Tax Effect Of Unusual Items": 0.0,
        "Tax Rate For Calcs": 0.341118,
        "Normalized EBITDA": 6346000.0,
        "Total Unusual Items": NaN,
        "Total Unusual Items Excluding Goodwill": NaN,
        "Net Income From Continuing Operation Net Minority Interest": -2462000.0,
        "Reconciled Depreciation": 9833000.0,
        "Reconciled Cost Of Revenue": 155380000.0,
        "EBITDA": 6346000.0,
        "EBIT": -3487000.0,
        "Net Interest Income": -324000.0,
        "Interest Expense": 324000.0,
        "Normalized Income": -2462000.0,
        "Net Income From Continuing And Discontinued Operation": -2462000.0,
        "Total Expenses": 192118000.0,
        "Total Operating Income As Reported": -3496000.0,
        "Diluted Average Shares": 19118136.0,
        "Basic Average Shares": 19118136.0,
        "Diluted EPS": -0.13,
        "Basic EPS": -0.13,
        "Diluted NI Availto Com Stockholders": -2462000.0,
        "Net Income Common Stockholders": -2462000.0,
        "Net Income": -2462000.0,
        "Minority Interests": 49000.0,
        "Net Income Including Noncontrolling Interests": -2511000.0,
        "Net Income Continuous Operations": -2511000.0,
        "Tax Provision": -1300000.0,
        "Pretax Income": -3811000.0,
        "Other Income Expense": 9000.0,
        "Other Non Operating Income Expenses": 9000.0,
        "Special Income Charges": NaN,
        "Impairment Of Capital Assets": NaN,
        "Net Non Operating Interest Income Expense": -324000.0,
        "Interest Expense Non Operating": 324000.0,
        "Operating Income": -3496000.0,
        "Operating Expense": 28618000.0,
        "Depreciation Amortization Depletion Income Statement": 1713000.0,
        "Depreciation And Amortization In Income Statement": 1713000.0,
        "Amortization": 1713000.0,
        "Amortization Of Intangibles Income Statement": 1713000.0,
        "Selling General And Administration": 26905000.0,
        "Selling And Marketing Expense": 6069000.0,
        "General And Administrative Expense": 20836000.0,
        "Other Gand A": 20836000.0,
        "Gross Profit": 25122000.0,
        "Cost Of Revenue": 163500000.0,
        "Total Revenue": 188622000.0,
        "Operating Revenue": 188622000.0
    }
}