{
    "2023-06-30": {
        "Tax Effect Of Unusual Items": NaN,
        "Tax Rate For Calcs": NaN,
        "Total Unusual Items": -2000.0,
        "Total Unusual Items Excluding Goodwill": -2000.0,
        "Net Income From Continuing Operation Net Minority Interest": NaN,
        "Reconciled Depreciation": NaN,
        "Net Interest Income": NaN,
        "Interest Expense": NaN,
        "Interest Income": NaN,
        "Normalized Income": NaN,
        "Net Income From Continuing And Discontinued Operation": NaN,
        "Diluted Average Shares": 16003372.0,
        "Basic Average Shares": 16003372.0,
        "Diluted EPS": 1.27,
        "Basic EPS": 1.27,
        "Diluted NI Availto Com Stockholders": NaN,
        "Net Income Common Stockholders": NaN,
        "Net Income": NaN,
        "Net Income Including Noncontrolling Interests": NaN,
        "Net Income Continuous Operations": NaN,
        "Tax Provision": NaN,
        "Pretax Income": NaN,
        "Special Income Charges": -2000.0,
        "Other Special Charges": 2000.0,
        "Depreciation Amortization Depletion Income Statement": NaN,
        "Depreciation And Amortization In Income Statement": NaN,
        "Depreciation Income Statement": NaN,
        "Selling General And Administration": NaN,
        "General And Administrative Expense": NaN,
        "Salaries And Wages": NaN,
        "Total Revenue": NaN,
        "Operating Revenue": NaN,
        "Occupancy And Equipment": NaN,
        "Other Non Interest Expense": NaN
    },
    "2023-03-31": {
        "Tax Effect Of Unusual Items": NaN,
        "Tax Rate For Calcs": NaN,
        "Total Unusual Items": NaN,
        "Total Unusual Items Excluding Goodwill": NaN,
        "Net Income From Continuing Operation Net Minority Interest": NaN,
        "Reconciled Depreciation": NaN,
        "Net Interest Income": NaN,
        "Interest Expense": NaN,
        "Interest Income": NaN,
        "Normalized Income": NaN,
        "Net Income From Continuing And Discontinued Operation": NaN,
        "Diluted Average Shares": NaN,
        "Basic Average Shares": NaN,
        "Diluted EPS": NaN,
        "Basic EPS": NaN,
        "Diluted NI Availto Com Stockholders": NaN,
        "Net Income Common Stockholders": NaN,
        "Net Income": NaN,
        "Net Income Including Noncontrolling Interests": NaN,
        "Net Income Continuous Operations": NaN,
        "Tax Provision": NaN,
        "Pretax Income": NaN,
        "Special Income Charges": NaN,
        "Other Special Charges": NaN,
        "Depreciation Amortization Depletion Income Statement": 822000.0,
        "Depreciation And Amortization In Income Statement": 822000.0,
        "Depreciation Income Statement": 822000.0,
        "Selling General And Administration": NaN,
        "General And Administrative Expense": NaN,
        "Salaries And Wages": NaN,
        "Total Revenue": NaN,
        "Operating Revenue": NaN,
        "Occupancy And Equipment": NaN,
        "Other Non Interest Expense": NaN
    },
    "2022-12-31": {
        "Tax Effect Of Unusual Items": NaN,
        "Tax Rate For Calcs": NaN,
        "Total Unusual Items": 0.0,
        "Total Unusual Items Excluding Goodwill": 0.0,
        "Net Income From Continuing Operation Net Minority Interest": NaN,
        "Reconciled Depreciation": NaN,
        "Net Interest Income": NaN,
        "Interest Expense": NaN,
        "Interest Income": NaN,
        "Normalized Income": NaN,
        "Net Income From Continuing And Discontinued Operation": NaN,
        "Diluted Average Shares": NaN,
        "Basic Average Shares": NaN,
        "Diluted EPS": NaN,
        "Basic EPS": NaN,
        "Diluted NI Availto Com Stockholders": NaN,
        "Net Income Common Stockholders": NaN,
        "Net Income": NaN,
        "Net Income Including Noncontrolling Interests": NaN,
        "Net Income Continuous Operations": NaN,
        "Tax Provision": NaN,
        "Pretax Income": NaN,
        "Special Income Charges": 0.0,
        "Gain On Sale Of Business": 0.0,
        "Other Special Charges": 1005000.0,
        "Depreciation Amortization Depletion Income Statement": NaN,
        "Depreciation And Amortization In Income Statement": NaN,
        "Depreciation Income Statement": NaN,
        "Selling General And Administration": NaN,
        "General And Administrative Expense": NaN,
        "Salaries And Wages": NaN,
        "Total Revenue": NaN,
        "Operating Revenue": NaN,
        "Occupancy And Equipment": NaN,
        "Other Non Interest Expense": NaN
    },
    "2022-09-30": {
        "Tax Effect Of Unusual Items": NaN,
        "Tax Rate For Calcs": NaN,
        "Total Unusual Items": 27000.0,
        "Total Unusual Items Excluding Goodwill": 27000.0,
        "Net Income From Continuing Operation Net Minority Interest": NaN,
        "Reconciled Depreciation": NaN,
        "Net Interest Income": NaN,
        "Interest Expense": NaN,
        "Interest Income": NaN,
        "Normalized Income": NaN,
        "Net Income From Continuing And Discontinued Operation": NaN,
        "Diluted Average Shares": NaN,
        "Basic Average Shares": NaN,
        "Diluted EPS": NaN,
        "Basic EPS": NaN,
        "Diluted NI Availto Com Stockholders": NaN,
        "Net Income Common Stockholders": NaN,
        "Net Income": NaN,
        "Net Income Including Noncontrolling Interests": NaN,
        "Net Income Continuous Operations": NaN,
        "Tax Provision": NaN,
        "Pretax Income": NaN,
        "Special Income Charges": -4000.0,
        "Gain On Sale Of Business": 0.0,
        "Other Special Charges": 4000.0,
        "Depreciation Amortization Depletion Income Statement": 953000.0,
        "Depreciation And Amortization In Income Statement": 953000.0,
        "Depreciation Income Statement": 953000.0,
        "Selling General And Administration": NaN,
        "General And Administrative Expense": NaN,
        "Other Gand A": 3139000.0,
        "Salaries And Wages": NaN,
        "Total Revenue": NaN,
        "Operating Revenue": NaN
    },
    "2022-06-30": {
        "Tax Effect Of Unusual Items": -99919.863248,
        "Tax Rate For Calcs": 0.19747,
        "Total Unusual Items": -506000.0,
        "Total Unusual Items Excluding Goodwill": -506000.0,
        "Net Income From Continuing Operation Net Minority Interest": 11737000.0,
        "Reconciled Depreciation": 3234000.0,
        "Net Interest Income": 34326000.0,
        "Interest Expense": 5224000.0,
        "Interest Income": 39550000.0,
        "Normalized Income": 12143080.136752,
        "Net Income From Continuing And Discontinued Operation": 11737000.0,
        "Diluted Average Shares": 15848681.0,
        "Basic Average Shares": 15848681.0,
        "Diluted EPS": 0.74,
        "Basic EPS": 0.74,
        "Diluted NI Availto Com Stockholders": 11737000.0,
        "Net Income Common Stockholders": 11737000.0,
        "Net Income": 11737000.0,
        "Net Income Including Noncontrolling Interests": 11737000.0,
        "Net Income Continuous Operations": 11737000.0,
        "Tax Provision": 2888000.0,
        "Pretax Income": 14625000.0,
        "Special Income Charges": -506000.0,
        "Gain On Sale Of Business": 0.0,
        "Other Special Charges": 506000.0,
        "Gain On Sale Of Security": 430000.0,
        "Selling General And Administration": 18767000.0,
        "General And Administrative Expense": 18767000.0,
        "Other Gand A": 3091000.0,
        "Salaries And Wages": 15676000.0,
        "Total Revenue": 42067000.0,
        "Operating Revenue": 42067000.0
    },
    "2022-03-31": {
        "Diluted EPS": 0.73,
        "Total Revenue": 45,
        "Gross Profit": 40,
        "Operating Income": 14,
        "EBIT": NaN,
        "Net Income": 11
    },
    "2021-12-31": {
        "Diluted EPS": 0.75,
        "Total Revenue": 50,
        "Gross Profit": 45,
        "Operating Income": 17,
        "EBIT": NaN,
        "Net Income": 12
    },
    "2021-09-30": {
        "Diluted EPS": 0.95,
        "Total Revenue": 51,
        "Gross Profit": 47,
        "Operating Income": 19,
        "EBIT": NaN,
        "Net Income": 15
    },
    "2021-06-30": {
        "Diluted EPS": 1.12,
        "Total Revenue": 50,
        "Gross Profit": 45,
        "Operating Income": 22,
        "EBIT": NaN,
        "Net Income": 18
    },
    "2021-03-31": {
        "Diluted EPS": 0.87,
        "Total Revenue": 48,
        "Gross Profit": 43,
        "Operating Income": 18,
        "EBIT": NaN,
        "Net Income": 14
    },
    "2020-12-31": {
        "Diluted EPS": 0.86,
        "Total Revenue": 52,
        "Gross Profit": 46,
        "Operating Income": 19,
        "EBIT": NaN,
        "Net Income": 14
    },
    "2020-09-30": {
        "Diluted EPS": 0.66,
        "Total Revenue": 49,
        "Gross Profit": 43,
        "Operating Income": 13,
        "EBIT": NaN,
        "Net Income": 11
    },
    "2020-06-30": {
        "Diluted EPS": 0.54,
        "Total Revenue": 48,
        "Gross Profit": 42,
        "Operating Income": 11,
        "EBIT": NaN,
        "Net Income": 9
    },
    "2020-03-31": {
        "Diluted EPS": 0.65,
        "Total Revenue": 44,
        "Gross Profit": 37,
        "Operating Income": 13,
        "EBIT": NaN,
        "Net Income": 11
    },
    "2019-12-31": {
        "Diluted EPS": 0.81,
        "Total Revenue": 47,
        "Gross Profit": 38,
        "Operating Income": 16,
        "EBIT": NaN,
        "Net Income": 13
    },
    "2019-09-30": {
        "Diluted EPS": 0.77,
        "Total Revenue": 47,
        "Gross Profit": 38,
        "Operating Income": 16,
        "EBIT": NaN,
        "Net Income": 13
    },
    "2019-06-30": {
        "Diluted EPS": 0.71,
        "Total Revenue": 46,
        "Gross Profit": 37,
        "Operating Income": 14,
        "EBIT": NaN,
        "Net Income": 12
    },
    "2019-03-31": {
        "Diluted EPS": 0.72,
        "Total Revenue": 45,
        "Gross Profit": 37,
        "Operating Income": 15,
        "EBIT": NaN,
        "Net Income": 12
    },
    "2018-12-31": {
        "Diluted EPS": 0.69,
        "Total Revenue": 43,
        "Gross Profit": 36,
        "Operating Income": 15,
        "EBIT": NaN,
        "Net Income": 12
    },
    "2018-09-30": {
        "Diluted EPS": 0.61,
        "Total Revenue": 40,
        "Gross Profit": 35,
        "Operating Income": 12,
        "EBIT": NaN,
        "Net Income": 10
    },
    "2018-06-30": {
        "Diluted EPS": 0.57,
        "Total Revenue": 39,
        "Gross Profit": 34,
        "Operating Income": 12,
        "EBIT": NaN,
        "Net Income": 9
    },
    "2018-03-31": {
        "Diluted EPS": 0.66,
        "Total Revenue": 39,
        "Gross Profit": 35,
        "Operating Income": 13,
        "EBIT": NaN,
        "Net Income": 11
    },
    "2017-12-31": {
        "Diluted EPS": 0.48,
        "Total Revenue": 37,
        "Gross Profit": 33,
        "Operating Income": 13,
        "EBIT": NaN,
        "Net Income": 8
    },
    "2017-09-30": {
        "Diluted EPS": 0.51,
        "Total Revenue": 38,
        "Gross Profit": 33,
        "Operating Income": 12,
        "EBIT": NaN,
        "Net Income": 8
    },
    "2017-06-30": {
        "Diluted EPS": 0.45,
        "Total Revenue": 35,
        "Gross Profit": 31,
        "Operating Income": 11,
        "EBIT": NaN,
        "Net Income": 7
    },
    "2017-03-31": {
        "Diluted EPS": 0.46,
        "Total Revenue": 35,
        "Gross Profit": 31,
        "Operating Income": 11,
        "EBIT": NaN,
        "Net Income": 8
    },
    "2016-12-31": {
        "Diluted EPS": 0.5,
        "Total Revenue": 34,
        "Gross Profit": 31,
        "Operating Income": 12,
        "EBIT": NaN,
        "Net Income": 8
    },
    "2016-09-30": {
        "Diluted EPS": 0.48,
        "Total Revenue": 35,
        "Gross Profit": 32,
        "Operating Income": 11,
        "EBIT": NaN,
        "Net Income": 8
    },
    "2016-06-30": {
        "Diluted EPS": 0.46,
        "Total Revenue": 34,
        "Gross Profit": 31,
        "Operating Income": 11,
        "EBIT": NaN,
        "Net Income": 7
    },
    "2016-03-31": {
        "Diluted EPS": 0.52,
        "Total Revenue": 36,
        "Gross Profit": 33,
        "Operating Income": 13,
        "EBIT": NaN,
        "Net Income": 9
    },
    "2015-12-31": {
        "Diluted EPS": 0.39,
        "Total Revenue": 33,
        "Gross Profit": 30,
        "Operating Income": 9,
        "EBIT": NaN,
        "Net Income": 6
    },
    "2015-09-30": {
        "Diluted EPS": 0.45,
        "Total Revenue": 33,
        "Gross Profit": 30,
        "Operating Income": 11,
        "EBIT": NaN,
        "Net Income": 7
    },
    "2015-06-30": {
        "Diluted EPS": 0.39,
        "Total Revenue": 32,
        "Gross Profit": 29,
        "Operating Income": 9,
        "EBIT": NaN,
        "Net Income": 7
    },
    "2015-03-31": {
        "Diluted EPS": 0.39,
        "Total Revenue": 31,
        "Gross Profit": 29,
        "Operating Income": 10,
        "EBIT": NaN,
        "Net Income": 7
    },
    "2014-12-31": {
        "Diluted EPS": 0.39,
        "Total Revenue": 31,
        "Gross Profit": 29,
        "Operating Income": 10,
        "EBIT": NaN,
        "Net Income": 6
    },
    "2014-09-30": {
        "Diluted EPS": 0.35,
        "Total Revenue": 32,
        "Gross Profit": 29,
        "Operating Income": 10,
        "EBIT": NaN,
        "Net Income": 6
    },
    "2014-06-30": {
        "Diluted EPS": 0.13,
        "Total Revenue": 21,
        "Gross Profit": 18,
        "Operating Income": 6,
        "EBIT": NaN,
        "Net Income": 2
    },
    "2014-03-31": {
        "Diluted EPS": 0.41,
        "Total Revenue": 15,
        "Gross Profit": 13,
        "Operating Income": 5,
        "EBIT": NaN,
        "Net Income": 4
    },
    "2013-12-31": {
        "Diluted EPS": 0.59,
        "Total Revenue": 17,
        "Gross Profit": 14,
        "Operating Income": 8,
        "EBIT": NaN,
        "Net Income": 5
    },
    "2013-09-30": {
        "Diluted EPS": 0.4,
        "Total Revenue": 16,
        "Gross Profit": 14,
        "Operating Income": 6,
        "EBIT": NaN,
        "Net Income": 3
    },
    "2013-06-30": {
        "Diluted EPS": 0.46,
        "Total Revenue": 16,
        "Gross Profit": 13,
        "Operating Income": 6,
        "EBIT": NaN,
        "Net Income": 4
    },
    "2013-03-31": {
        "Diluted EPS": 0.5,
        "Total Revenue": 16,
        "Gross Profit": 13,
        "Operating Income": 6,
        "EBIT": NaN,
        "Net Income": 4
    },
    "2012-12-31": {
        "Diluted EPS": 0.36,
        "Total Revenue": 17,
        "Gross Profit": 14,
        "Operating Income": 4,
        "EBIT": NaN,
        "Net Income": 3
    },
    "2012-09-30": {
        "Diluted EPS": 0.3,
        "Total Revenue": 17,
        "Gross Profit": 14,
        "Operating Income": 4,
        "EBIT": NaN,
        "Net Income": 3
    },
    "2012-06-30": {
        "Diluted EPS": 0.36,
        "Total Revenue": 17,
        "Gross Profit": 13,
        "Operating Income": 6,
        "EBIT": NaN,
        "Net Income": 3
    },
    "2012-03-31": {
        "Diluted EPS": 0.28,
        "Total Revenue": 17,
        "Gross Profit": 14,
        "Operating Income": 4,
        "EBIT": NaN,
        "Net Income": 3
    },
    "2011-12-31": {
        "Diluted EPS": 3.38,
        "Total Revenue": 18,
        "Gross Profit": 14,
        "Operating Income": 3,
        "EBIT": NaN,
        "Net Income": 30
    },
    "2011-09-30": {
        "Diluted EPS": 0.3,
        "Total Revenue": 19,
        "Gross Profit": 14,
        "Operating Income": 3,
        "EBIT": NaN,
        "Net Income": 3
    },
    "2011-06-30": {
        "Diluted EPS": 0.27,
        "Total Revenue": 20,
        "Gross Profit": 15,
        "Operating Income": 3,
        "EBIT": NaN,
        "Net Income": 2
    },
    "2011-03-31": {
        "Diluted EPS": 0.12,
        "Total Revenue": 21,
        "Gross Profit": 15,
        "Operating Income": 1,
        "EBIT": NaN,
        "Net Income": 1
    },
    "2010-12-31": {
        "Diluted EPS": -0.62,
        "Total Revenue": 23,
        "Gross Profit": 16,
        "Operating Income": -3,
        "EBIT": NaN,
        "Net Income": -5
    },
    "2010-09-30": {
        "Diluted EPS": -0.67,
        "Total Revenue": 24,
        "Gross Profit": 16,
        "Operating Income": -6,
        "EBIT": NaN,
        "Net Income": -6
    },
    "2010-06-30": {
        "Diluted EPS": -0.08,
        "Total Revenue": 25,
        "Gross Profit": 16,
        "Operating Income": -1,
        "EBIT": NaN,
        "Net Income": -1
    },
    "2010-03-31": {
        "Diluted EPS": -0.35,
        "Total Revenue": 26,
        "Gross Profit": 17,
        "Operating Income": -3,
        "EBIT": NaN,
        "Net Income": -3
    },
    "2009-12-31": {
        "Diluted EPS": -4.29,
        "Total Revenue": 26,
        "Gross Profit": 15,
        "Operating Income": -21,
        "EBIT": NaN,
        "Net Income": -36
    },
    "2009-09-30": {
        "Diluted EPS": -0.66,
        "Total Revenue": 28,
        "Gross Profit": 15,
        "Operating Income": -9,
        "EBIT": NaN,
        "Net Income": -6
    },
    "2009-06-30": {
        "Diluted EPS": -0.75,
        "Total Revenue": 29,
        "Gross Profit": 14,
        "Operating Income": -10,
        "EBIT": NaN,
        "Net Income": -6
    },
    "2009-03-31": {
        "Diluted EPS": -0.53,
        "Total Revenue": 30,
        "Gross Profit": 14,
        "Operating Income": -7,
        "EBIT": NaN,
        "Net Income": -4
    },
    "2023-09-30": {
        "Tax Effect Of Unusual Items": NaN,
        "Tax Rate For Calcs": NaN,
        "Total Unusual Items": 391000.0,
        "Total Unusual Items Excluding Goodwill": 391000.0,
        "Net Income From Continuing Operation Net Minority Interest": NaN,
        "Reconciled Depreciation": NaN,
        "Net Interest Income": NaN,
        "Interest Expense": NaN,
        "Interest Income": NaN,
        "Normalized Income": NaN,
        "Net Income From Continuing And Discontinued Operation": NaN,
        "Diluted Average Shares": NaN,
        "Basic Average Shares": NaN,
        "Diluted EPS": NaN,
        "Basic EPS": NaN,
        "Diluted NI Availto Com Stockholders": NaN,
        "Net Income Common Stockholders": NaN,
        "Net Income": NaN,
        "Net Income Including Noncontrolling Interests": NaN,
        "Net Income Continuous Operations": NaN,
        "Tax Provision": NaN,
        "Pretax Income": NaN,
        "Depreciation Amortization Depletion Income Statement": 894000.0,
        "Depreciation And Amortization In Income Statement": 894000.0,
        "Depreciation Income Statement": 894000.0,
        "Selling General And Administration": NaN,
        "General And Administrative Expense": NaN,
        "Salaries And Wages": NaN,
        "Total Revenue": NaN,
        "Operating Revenue": NaN,
        "Occupancy And Equipment": NaN,
        "Other Non Interest Expense": NaN
    },
    "2023-12-31": {
        "Tax Effect Of Unusual Items": NaN,
        "Tax Rate For Calcs": NaN,
        "Total Unusual Items": -391000.0,
        "Total Unusual Items Excluding Goodwill": -391000.0,
        "Net Income From Continuing Operation Net Minority Interest": NaN,
        "Reconciled Depreciation": NaN,
        "Net Interest Income": NaN,
        "Interest Expense": NaN,
        "Interest Income": NaN,
        "Normalized Income": NaN,
        "Net Income From Continuing And Discontinued Operation": NaN,
        "Diluted Average Shares": NaN,
        "Basic Average Shares": NaN,
        "Diluted EPS": NaN,
        "Basic EPS": NaN,
        "Diluted NI Availto Com Stockholders": NaN,
        "Net Income Common Stockholders": NaN,
        "Net Income": NaN,
        "Net Income Including Noncontrolling Interests": NaN,
        "Net Income Continuous Operations": NaN,
        "Tax Provision": NaN,
        "Pretax Income": NaN,
        "Depreciation Amortization Depletion Income Statement": NaN,
        "Depreciation And Amortization In Income Statement": NaN,
        "Depreciation Income Statement": NaN,
        "Selling General And Administration": NaN,
        "General And Administrative Expense": NaN,
        "Salaries And Wages": NaN,
        "Total Revenue": NaN,
        "Operating Revenue": NaN,
        "Occupancy And Equipment": NaN,
        "Other Non Interest Expense": NaN
    },
    "2024-03-31": {
        "Tax Effect Of Unusual Items": NaN,
        "Tax Rate For Calcs": NaN,
        "Net Income From Continuing Operation Net Minority Interest": NaN,
        "Reconciled Depreciation": NaN,
        "Net Interest Income": NaN,
        "Interest Expense": NaN,
        "Interest Income": NaN,
        "Normalized Income": NaN,
        "Net Income From Continuing And Discontinued Operation": NaN,
        "Diluted Average Shares": NaN,
        "Basic Average Shares": NaN,
        "Diluted EPS": NaN,
        "Basic EPS": NaN,
        "Diluted NI Availto Com Stockholders": NaN,
        "Net Income Common Stockholders": NaN,
        "Net Income": NaN,
        "Net Income Including Noncontrolling Interests": NaN,
        "Net Income Continuous Operations": NaN,
        "Tax Provision": NaN,
        "Pretax Income": NaN,
        "Depreciation Amortization Depletion Income Statement": 929000.0,
        "Depreciation And Amortization In Income Statement": 929000.0,
        "Depreciation Income Statement": 929000.0,
        "Selling General And Administration": NaN,
        "General And Administrative Expense": NaN,
        "Salaries And Wages": NaN,
        "Total Revenue": NaN,
        "Operating Revenue": NaN,
        "Occupancy And Equipment": NaN,
        "Other Non Interest Expense": NaN
    },
    "2024-06-30": {
        "Tax Effect Of Unusual Items": NaN,
        "Tax Rate For Calcs": NaN,
        "Total Unusual Items": NaN,
        "Total Unusual Items Excluding Goodwill": NaN,
        "Net Income From Continuing Operation Net Minority Interest": NaN,
        "Reconciled Depreciation": NaN,
        "Net Interest Income": NaN,
        "Interest Expense": NaN,
        "Interest Income": NaN,
        "Normalized Income": NaN,
        "Net Income From Continuing And Discontinued Operation": NaN,
        "Diluted Average Shares": NaN,
        "Basic Average Shares": NaN,
        "Diluted EPS": NaN,
        "Basic EPS": NaN,
        "Diluted NI Availto Com Stockholders": NaN,
        "Net Income Common Stockholders": NaN,
        "Net Income": NaN,
        "Net Income Including Noncontrolling Interests": NaN,
        "Net Income Continuous Operations": NaN,
        "Tax Provision": NaN,
        "Pretax Income": NaN,
        "Special Income Charges": NaN,
        "Restructuring And Mergern Acquisition": NaN,
        "Depreciation Amortization Depletion Income Statement": 923000.0,
        "Depreciation And Amortization In Income Statement": 923000.0,
        "Depreciation Income Statement": 923000.0,
        "Selling General And Administration": NaN,
        "General And Administrative Expense": NaN,
        "Salaries And Wages": NaN,
        "Total Revenue": NaN,
        "Operating Revenue": NaN,
        "Occupancy And Equipment": NaN,
        "Other Non Interest Expense": NaN
    },
    "2024-09-30": {
        "Tax Effect Of Unusual Items": 0.0,
        "Tax Rate For Calcs": 0.201,
        "Total Unusual Items": NaN,
        "Total Unusual Items Excluding Goodwill": NaN,
        "Net Income From Continuing Operation Net Minority Interest": 19618000.0,
        "Reconciled Depreciation": 2667000.0,
        "Net Interest Income": 48292000.0,
        "Interest Expense": 35120000.0,
        "Interest Income": 83412000.0,
        "Normalized Income": 19618000.0,
        "Net Income From Continuing And Discontinued Operation": 19618000.0,
        "Diluted Average Shares": 16138320.0,
        "Basic Average Shares": 16138320.0,
        "Diluted EPS": 1.22,
        "Basic EPS": 1.22,
        "Diluted NI Availto Com Stockholders": 19618000.0,
        "Net Income Common Stockholders": 19618000.0,
        "Net Income": 19618000.0,
        "Net Income Including Noncontrolling Interests": 19618000.0,
        "Net Income Continuous Operations": 19618000.0,
        "Tax Provision": 4938000.0,
        "Pretax Income": 24556000.0,
        "Special Income Charges": NaN,
        "Restructuring And Mergern Acquisition": NaN,
        "Depreciation Amortization Depletion Income Statement": 938000.0,
        "Depreciation And Amortization In Income Statement": 938000.0,
        "Depreciation Income Statement": 938000.0,
        "Selling General And Administration": 20292000.0,
        "General And Administrative Expense": 20292000.0,
        "Salaries And Wages": 20292000.0,
        "Total Revenue": 57959000.0,
        "Operating Revenue": 57959000.0,
        "Occupancy And Equipment": 2146000.0,
        "Other Non Interest Expense": 8927000.0
    },
    "2024-12-31": {
        "Tax Effect Of Unusual Items": 0.0,
        "Tax Rate For Calcs": 0.155035,
        "Total Unusual Items": NaN,
        "Total Unusual Items Excluding Goodwill": NaN,
        "Net Income From Continuing Operation Net Minority Interest": 19626000.0,
        "Reconciled Depreciation": 2358000.0,
        "Net Interest Income": 48361000.0,
        "Interest Expense": 34125000.0,
        "Interest Income": 82486000.0,
        "Normalized Income": 19626000.0,
        "Net Income From Continuing And Discontinued Operation": 19626000.0,
        "Diluted Average Shares": 16142578.0,
        "Basic Average Shares": 16142578.0,
        "Diluted EPS": 1.22,
        "Basic EPS": 1.22,
        "Diluted NI Availto Com Stockholders": 19626000.0,
        "Net Income Common Stockholders": 19626000.0,
        "Net Income": 19626000.0,
        "Net Income Including Noncontrolling Interests": 19626000.0,
        "Net Income Continuous Operations": 19626000.0,
        "Tax Provision": 3601000.0,
        "Pretax Income": 23227000.0,
        "Special Income Charges": NaN,
        "Restructuring And Mergern Acquisition": NaN,
        "Depreciation Amortization Depletion Income Statement": NaN,
        "Depreciation And Amortization In Income Statement": NaN,
        "Depreciation Income Statement": NaN,
        "Selling General And Administration": 25583000.0,
        "General And Administrative Expense": 23979000.0,
        "Salaries And Wages": 21482000.0,
        "Total Revenue": 58533000.0,
        "Operating Revenue": 58533000.0,
        "Occupancy And Equipment": 5704000.0,
        "Other Non Interest Expense": 5309000.0
    },
    "2025-03-31": {
        "Tax Effect Of Unusual Items": 0.0,
        "Tax Rate For Calcs": 0.187516,
        "Total Unusual Items": NaN,
        "Total Unusual Items Excluding Goodwill": NaN,
        "Net Income From Continuing Operation Net Minority Interest": 19537000.0,
        "Reconciled Depreciation": 1647000.0,
        "Net Interest Income": 48548000.0,
        "Interest Expense": 31790000.0,
        "Interest Income": 80338000.0,
        "Normalized Income": 19537000.0,
        "Net Income From Continuing And Discontinued Operation": 19537000.0,
        "Diluted Average Shares": 16197978.0,
        "Basic Average Shares": 16197978.0,
        "Diluted EPS": 1.21,
        "Basic EPS": 1.21,
        "Diluted NI Availto Com Stockholders": 19537000.0,
        "Net Income Common Stockholders": 19537000.0,
        "Net Income": 19537000.0,
        "Net Income Including Noncontrolling Interests": 19537000.0,
        "Net Income Continuous Operations": 19537000.0,
        "Tax Provision": 4509000.0,
        "Pretax Income": 24046000.0,
        "Special Income Charges": NaN,
        "Restructuring And Mergern Acquisition": NaN,
        "Depreciation Amortization Depletion Income Statement": 787000.0,
        "Depreciation And Amortization In Income Statement": 787000.0,
        "Depreciation Income Statement": 787000.0,
        "Selling General And Administration": 19557000.0,
        "General And Administrative Expense": 19557000.0,
        "Salaries And Wages": 19557000.0,
        "Total Revenue": 57250000.0,
        "Operating Revenue": 57250000.0,
        "Occupancy And Equipment": 2118000.0,
        "Other Non Interest Expense": 8642000.0
    },
    "2025-06-30": {
        "Tax Effect Of Unusual Items": 0.0,
        "Tax Rate For Calcs": 0.128804,
        "Total Unusual Items": NaN,
        "Total Unusual Items Excluding Goodwill": NaN,
        "Net Income From Continuing Operation Net Minority Interest": 22618000.0,
        "Reconciled Depreciation": 1417000.0,
        "Net Interest Income": 49479000.0,
        "Interest Expense": 32479000.0,
        "Interest Income": 81958000.0,
        "Normalized Income": 22618000.0,
        "Net Income From Continuing And Discontinued Operation": 22618000.0,
        "Diluted Average Shares": 16239919.0,
        "Basic Average Shares": 16239919.0,
        "Diluted EPS": 1.39,
        "Basic EPS": 1.39,
        "Diluted NI Availto Com Stockholders": 22618000.0,
        "Net Income Common Stockholders": 22618000.0,
        "Net Income": 22618000.0,
        "Net Income Including Noncontrolling Interests": 22618000.0,
        "Net Income Continuous Operations": 22618000.0,
        "Tax Provision": 3344000.0,
        "Pretax Income": 25962000.0,
        "Special Income Charges": NaN,
        "Restructuring And Mergern Acquisition": NaN,
        "Depreciation Amortization Depletion Income Statement": 826000.0,
        "Depreciation And Amortization In Income Statement": 826000.0,
        "Depreciation Income Statement": 826000.0,
        "Selling General And Administration": 20711000.0,
        "General And Administrative Expense": 20711000.0,
        "Salaries And Wages": 20711000.0,
        "Total Revenue": 60941000.0,
        "Operating Revenue": 60941000.0,
        "Occupancy And Equipment": 2155000.0,
        "Other Non Interest Expense": 9687000.0
    },
    "2025-09-30": {
        "Tax Effect Of Unusual Items": -81315.306122,
        "Tax Rate For Calcs": 0.134184,
        "Total Unusual Items": -606000.0,
        "Total Unusual Items Excluding Goodwill": -606000.0,
        "Net Income From Continuing Operation Net Minority Interest": 23758000.0,
        "Reconciled Depreciation": 1344000.0,
        "Net Interest Income": 52002000.0,
        "Interest Expense": 33641000.0,
        "Interest Income": 85643000.0,
        "Normalized Income": 24282684.693878,
        "Net Income From Continuing And Discontinued Operation": 23758000.0,
        "Diluted Average Shares": 16249267.0,
        "Basic Average Shares": 16249267.0,
        "Diluted EPS": 1.46,
        "Basic EPS": 1.46,
        "Diluted NI Availto Com Stockholders": 23758000.0,
        "Net Income Common Stockholders": 23758000.0,
        "Net Income": 23758000.0,
        "Net Income Including Noncontrolling Interests": 23758000.0,
        "Net Income Continuous Operations": 23758000.0,
        "Tax Provision": 3682000.0,
        "Pretax Income": 27440000.0,
        "Special Income Charges": -606000.0,
        "Restructuring And Mergern Acquisition": 606000.0,
        "Depreciation Amortization Depletion Income Statement": 846000.0,
        "Depreciation And Amortization In Income Statement": 846000.0,
        "Depreciation Income Statement": 846000.0,
        "Selling General And Administration": 21094000.0,
        "General And Administrative Expense": 21094000.0,
        "Salaries And Wages": 21094000.0,
        "Total Revenue": 62390000.0,
        "Operating Revenue": 62390000.0,
        "Occupancy And Equipment": 2122000.0,
        "Other Non Interest Expense": 10082000.0
    }
}