{
    "2023-06-30": {
        "Tax Effect Of Unusual Items": NaN,
        "Tax Rate For Calcs": NaN,
        "Net Income From Continuing Operation Net Minority Interest": NaN,
        "Reconciled Depreciation": NaN,
        "Net Interest Income": NaN,
        "Interest Expense": NaN,
        "Interest Income": NaN,
        "Normalized Income": NaN,
        "Net Income From Continuing And Discontinued Operation": NaN,
        "Diluted Average Shares": NaN,
        "Basic Average Shares": NaN,
        "Diluted EPS": NaN,
        "Basic EPS": NaN,
        "Diluted NI Availto Com Stockholders": NaN,
        "Net Income Common Stockholders": NaN,
        "Otherunder Preferred Stock Dividend": 82000.0,
        "Net Income": NaN,
        "Net Income Including Noncontrolling Interests": NaN,
        "Net Income Continuous Operations": NaN,
        "Tax Provision": NaN,
        "Pretax Income": NaN,
        "Selling General And Administration": NaN,
        "General And Administrative Expense": NaN,
        "Insurance And Claims": NaN,
        "Salaries And Wages": NaN,
        "Total Revenue": NaN,
        "Operating Revenue": NaN,
        "Occupancy And Equipment": NaN,
        "Professional Expense And Contract Services Expense": NaN,
        "Other Non Interest Expense": NaN
    },
    "2023-03-31": {
        "Tax Effect Of Unusual Items": NaN,
        "Tax Rate For Calcs": NaN,
        "Net Income From Continuing Operation Net Minority Interest": NaN,
        "Reconciled Depreciation": NaN,
        "Net Interest Income": NaN,
        "Interest Expense": NaN,
        "Interest Income": NaN,
        "Normalized Income": NaN,
        "Net Income From Continuing And Discontinued Operation": NaN,
        "Diluted Average Shares": NaN,
        "Basic Average Shares": NaN,
        "Diluted EPS": NaN,
        "Basic EPS": NaN,
        "Diluted NI Availto Com Stockholders": NaN,
        "Net Income Common Stockholders": NaN,
        "Otherunder Preferred Stock Dividend": 84000.0,
        "Net Income": NaN,
        "Net Income Including Noncontrolling Interests": NaN,
        "Net Income Continuous Operations": NaN,
        "Tax Provision": NaN,
        "Pretax Income": NaN,
        "Selling General And Administration": NaN,
        "General And Administrative Expense": NaN,
        "Insurance And Claims": NaN,
        "Salaries And Wages": NaN,
        "Total Revenue": NaN,
        "Operating Revenue": NaN,
        "Occupancy And Equipment": NaN,
        "Professional Expense And Contract Services Expense": NaN,
        "Other Non Interest Expense": NaN
    },
    "2022-12-31": {
        "Tax Effect Of Unusual Items": NaN,
        "Tax Rate For Calcs": NaN,
        "Net Income From Continuing Operation Net Minority Interest": NaN,
        "Reconciled Depreciation": NaN,
        "Net Interest Income": NaN,
        "Interest Expense": NaN,
        "Interest Income": NaN,
        "Normalized Income": NaN,
        "Net Income From Continuing And Discontinued Operation": NaN,
        "Diluted Average Shares": NaN,
        "Basic Average Shares": NaN,
        "Diluted EPS": NaN,
        "Basic EPS": NaN,
        "Diluted NI Availto Com Stockholders": NaN,
        "Net Income Common Stockholders": NaN,
        "Otherunder Preferred Stock Dividend": -11000.0,
        "Net Income": NaN,
        "Net Income Including Noncontrolling Interests": NaN,
        "Net Income Continuous Operations": NaN,
        "Tax Provision": NaN,
        "Pretax Income": NaN,
        "Selling General And Administration": NaN,
        "General And Administrative Expense": NaN,
        "Insurance And Claims": NaN,
        "Salaries And Wages": NaN,
        "Total Revenue": NaN,
        "Operating Revenue": NaN,
        "Occupancy And Equipment": NaN,
        "Professional Expense And Contract Services Expense": NaN,
        "Other Non Interest Expense": NaN
    },
    "2022-09-30": {
        "Tax Effect Of Unusual Items": NaN,
        "Tax Rate For Calcs": NaN,
        "Net Income From Continuing Operation Net Minority Interest": NaN,
        "Reconciled Depreciation": NaN,
        "Net Interest Income": NaN,
        "Interest Expense": NaN,
        "Interest Income": NaN,
        "Normalized Income": NaN,
        "Net Income From Continuing And Discontinued Operation": NaN,
        "Diluted Average Shares": NaN,
        "Basic Average Shares": NaN,
        "Diluted EPS": NaN,
        "Basic EPS": NaN,
        "Diluted NI Availto Com Stockholders": NaN,
        "Net Income Common Stockholders": NaN,
        "Otherunder Preferred Stock Dividend": NaN,
        "Net Income": NaN,
        "Net Income Including Noncontrolling Interests": NaN,
        "Net Income Continuous Operations": NaN,
        "Tax Provision": NaN,
        "Pretax Income": NaN,
        "Gain On Sale Of Security": -90000.0,
        "Selling General And Administration": NaN,
        "General And Administrative Expense": NaN,
        "Insurance And Claims": NaN,
        "Salaries And Wages": NaN,
        "Total Revenue": NaN,
        "Operating Revenue": NaN
    },
    "2022-06-30": {
        "Tax Effect Of Unusual Items": 0.0,
        "Tax Rate For Calcs": 0.310487,
        "Net Income From Continuing Operation Net Minority Interest": 23189000.0,
        "Reconciled Depreciation": 1130000.0,
        "Net Interest Income": 55302000.0,
        "Interest Expense": 3856000.0,
        "Interest Income": 59158000.0,
        "Normalized Income": 23189000.0,
        "Net Income From Continuing And Discontinued Operation": 23189000.0,
        "Diluted Average Shares": 11189807.0,
        "Basic Average Shares": 10931697.0,
        "Diluted EPS": 2.07,
        "Basic EPS": 2.12,
        "Diluted NI Availto Com Stockholders": 23189000.0,
        "Net Income Common Stockholders": 23189000.0,
        "Otherunder Preferred Stock Dividend": 63000.0,
        "Net Income": 23189000.0,
        "Net Income Including Noncontrolling Interests": 23189000.0,
        "Net Income Continuous Operations": 23189000.0,
        "Tax Provision": 10442000.0,
        "Pretax Income": 33631000.0,
        "Gain On Sale Of Security": -73000.0,
        "Selling General And Administration": 13415000.0,
        "General And Administrative Expense": 13415000.0,
        "Other Gand A": 3830000.0,
        "Insurance And Claims": NaN,
        "Salaries And Wages": 13415000.0,
        "Total Revenue": 62300000.0,
        "Operating Revenue": 62300000.0
    },
    "2022-03-31": {
        "Diluted EPS": 1.69,
        "Total Revenue": 58,
        "Gross Profit": 54,
        "Operating Income": 26,
        "EBIT": NaN,
        "Net Income": 19
    },
    "2021-12-31": {
        "Diluted EPS": 1.7,
        "Total Revenue": 56,
        "Gross Profit": 52,
        "Operating Income": 32,
        "EBIT": NaN,
        "Net Income": 19
    },
    "2021-09-30": {
        "Diluted EPS": 1.77,
        "Total Revenue": 51,
        "Gross Profit": 47,
        "Operating Income": 24,
        "EBIT": NaN,
        "Net Income": 16
    },
    "2021-06-30": {
        "Diluted EPS": 1.55,
        "Total Revenue": 47,
        "Gross Profit": 43,
        "Operating Income": 20,
        "EBIT": NaN,
        "Net Income": 13
    },
    "2021-03-31": {
        "Diluted EPS": 1.43,
        "Total Revenue": 43,
        "Gross Profit": 39,
        "Operating Income": 18,
        "EBIT": NaN,
        "Net Income": 12
    },
    "2020-12-31": {
        "Diluted EPS": 1.39,
        "Total Revenue": 40,
        "Gross Profit": 37,
        "Operating Income": 19,
        "EBIT": NaN,
        "Net Income": 12
    },
    "2020-09-30": {
        "Diluted EPS": 1.27,
        "Total Revenue": 40,
        "Gross Profit": 36,
        "Operating Income": 16,
        "EBIT": NaN,
        "Net Income": 11
    },
    "2020-06-30": {
        "Diluted EPS": 1.28,
        "Total Revenue": 40,
        "Gross Profit": 36,
        "Operating Income": 16,
        "EBIT": NaN,
        "Net Income": 11
    },
    "2020-03-31": {
        "Diluted EPS": 0.72,
        "Total Revenue": 40,
        "Gross Profit": 33,
        "Operating Income": 9,
        "EBIT": NaN,
        "Net Income": 6
    },
    "2019-12-31": {
        "Diluted EPS": 0.94,
        "Total Revenue": 39,
        "Gross Profit": 31,
        "Operating Income": 12,
        "EBIT": NaN,
        "Net Income": 8
    },
    "2019-09-30": {
        "Diluted EPS": 0.9,
        "Total Revenue": 38,
        "Gross Profit": 29,
        "Operating Income": 11,
        "EBIT": NaN,
        "Net Income": 8
    },
    "2019-06-30": {
        "Diluted EPS": 0.71,
        "Total Revenue": 34,
        "Gross Profit": 26,
        "Operating Income": 9,
        "EBIT": NaN,
        "Net Income": 6
    },
    "2019-03-31": {
        "Diluted EPS": 1.01,
        "Total Revenue": 29,
        "Gross Profit": 23,
        "Operating Income": 12,
        "EBIT": NaN,
        "Net Income": 8
    },
    "2018-12-31": {
        "Diluted EPS": 0.76,
        "Total Revenue": 26,
        "Gross Profit": 21,
        "Operating Income": 9,
        "EBIT": NaN,
        "Net Income": 6
    },
    "2018-09-30": {
        "Diluted EPS": 0.85,
        "Total Revenue": 24,
        "Gross Profit": 20,
        "Operating Income": 10,
        "EBIT": NaN,
        "Net Income": 7
    },
    "2018-06-30": {
        "Diluted EPS": 0.7,
        "Total Revenue": 23,
        "Gross Profit": 20,
        "Operating Income": 8,
        "EBIT": NaN,
        "Net Income": 6
    },
    "2018-03-31": {
        "Diluted EPS": 0.75,
        "Total Revenue": 24,
        "Gross Profit": 22,
        "Operating Income": 9,
        "EBIT": NaN,
        "Net Income": 6
    },
    "2017-12-31": {
        "Diluted EPS": 0.4,
        "Total Revenue": 24,
        "Gross Profit": 22,
        "Operating Income": 8,
        "EBIT": NaN,
        "Net Income": 3
    },
    "2017-09-30": {
        "Diluted EPS": 0.82,
        "Total Revenue": 19,
        "Gross Profit": 16,
        "Operating Income": 6,
        "EBIT": NaN,
        "Net Income": 4
    },
    "2017-06-30": {
        "Diluted EPS": 0.57,
        "Total Revenue": 16,
        "Gross Profit": 13,
        "Operating Income": 4,
        "EBIT": NaN,
        "Net Income": 3
    },
    "2017-03-31": {
        "Diluted EPS": 0.55,
        "Total Revenue": 14,
        "Gross Profit": 12,
        "Operating Income": 4,
        "EBIT": NaN,
        "Net Income": 2
    },
    "2016-12-31": {
        "Diluted EPS": 0.0,
        "Total Revenue": NaN,
        "Gross Profit": NaN,
        "Operating Income": NaN,
        "EBIT": NaN,
        "Net Income": NaN
    },
    "2016-09-30": {
        "Diluted EPS": -0.52,
        "Total Revenue": 13,
        "Gross Profit": 11,
        "Operating Income": 3,
        "EBIT": NaN,
        "Net Income": -2
    },
    "2015-12-31": {
        "Diluted EPS": 0.0,
        "Total Revenue": NaN,
        "Gross Profit": NaN,
        "Operating Income": NaN,
        "EBIT": NaN,
        "Net Income": NaN
    },
    "2023-09-30": {
        "Tax Effect Of Unusual Items": NaN,
        "Tax Rate For Calcs": NaN,
        "Net Income From Continuing Operation Net Minority Interest": NaN,
        "Reconciled Depreciation": NaN,
        "Net Interest Income": NaN,
        "Interest Expense": NaN,
        "Interest Income": NaN,
        "Normalized Income": NaN,
        "Net Income From Continuing And Discontinued Operation": NaN,
        "Diluted Average Shares": NaN,
        "Basic Average Shares": NaN,
        "Diluted EPS": NaN,
        "Basic EPS": NaN,
        "Diluted NI Availto Com Stockholders": NaN,
        "Net Income Common Stockholders": NaN,
        "Otherunder Preferred Stock Dividend": 118000.0,
        "Net Income": NaN,
        "Net Income Including Noncontrolling Interests": NaN,
        "Net Income Continuous Operations": NaN,
        "Tax Provision": NaN,
        "Pretax Income": NaN,
        "Selling General And Administration": NaN,
        "General And Administrative Expense": NaN,
        "Insurance And Claims": NaN,
        "Salaries And Wages": NaN,
        "Total Revenue": NaN,
        "Operating Revenue": NaN,
        "Occupancy And Equipment": NaN,
        "Professional Expense And Contract Services Expense": NaN,
        "Other Non Interest Expense": NaN
    },
    "2023-12-31": {
        "Tax Effect Of Unusual Items": NaN,
        "Tax Rate For Calcs": NaN,
        "Net Income From Continuing Operation Net Minority Interest": NaN,
        "Reconciled Depreciation": NaN,
        "Net Interest Income": NaN,
        "Interest Expense": NaN,
        "Interest Income": NaN,
        "Normalized Income": NaN,
        "Net Income From Continuing And Discontinued Operation": NaN,
        "Diluted Average Shares": NaN,
        "Basic Average Shares": NaN,
        "Diluted EPS": NaN,
        "Basic EPS": NaN,
        "Diluted NI Availto Com Stockholders": NaN,
        "Net Income Common Stockholders": NaN,
        "Otherunder Preferred Stock Dividend": 80000.0,
        "Net Income": NaN,
        "Net Income Including Noncontrolling Interests": NaN,
        "Net Income Continuous Operations": NaN,
        "Tax Provision": NaN,
        "Pretax Income": NaN,
        "Selling General And Administration": NaN,
        "General And Administrative Expense": NaN,
        "Insurance And Claims": NaN,
        "Salaries And Wages": NaN,
        "Total Revenue": NaN,
        "Operating Revenue": NaN,
        "Occupancy And Equipment": NaN,
        "Professional Expense And Contract Services Expense": NaN,
        "Other Non Interest Expense": NaN
    },
    "2024-03-31": {
        "Tax Effect Of Unusual Items": NaN,
        "Tax Rate For Calcs": NaN,
        "Net Income From Continuing Operation Net Minority Interest": NaN,
        "Reconciled Depreciation": -3193000.0,
        "Net Interest Income": NaN,
        "Interest Expense": NaN,
        "Interest Income": NaN,
        "Normalized Income": NaN,
        "Net Income From Continuing And Discontinued Operation": NaN,
        "Diluted Average Shares": NaN,
        "Basic Average Shares": NaN,
        "Diluted EPS": NaN,
        "Basic EPS": NaN,
        "Diluted NI Availto Com Stockholders": NaN,
        "Net Income Common Stockholders": NaN,
        "Net Income": NaN,
        "Net Income Including Noncontrolling Interests": NaN,
        "Net Income Continuous Operations": NaN,
        "Tax Provision": NaN,
        "Pretax Income": NaN,
        "Selling General And Administration": NaN,
        "General And Administrative Expense": NaN,
        "Insurance And Claims": NaN,
        "Salaries And Wages": NaN,
        "Total Revenue": NaN,
        "Operating Revenue": NaN,
        "Occupancy And Equipment": NaN,
        "Professional Expense And Contract Services Expense": NaN,
        "Other Non Interest Expense": NaN
    },
    "2024-06-30": {
        "Tax Effect Of Unusual Items": NaN,
        "Tax Rate For Calcs": NaN,
        "Net Income From Continuing Operation Net Minority Interest": NaN,
        "Reconciled Depreciation": -2544000.0,
        "Net Interest Income": NaN,
        "Interest Expense": NaN,
        "Interest Income": NaN,
        "Normalized Income": NaN,
        "Net Income From Continuing And Discontinued Operation": NaN,
        "Diluted Average Shares": NaN,
        "Basic Average Shares": NaN,
        "Diluted EPS": NaN,
        "Basic EPS": NaN,
        "Diluted NI Availto Com Stockholders": NaN,
        "Net Income Common Stockholders": NaN,
        "Net Income": NaN,
        "Net Income Including Noncontrolling Interests": NaN,
        "Net Income Continuous Operations": NaN,
        "Tax Provision": NaN,
        "Pretax Income": NaN,
        "Selling General And Administration": NaN,
        "General And Administrative Expense": NaN,
        "Insurance And Claims": NaN,
        "Salaries And Wages": NaN,
        "Total Revenue": NaN,
        "Operating Revenue": NaN,
        "Occupancy And Equipment": NaN,
        "Professional Expense And Contract Services Expense": NaN,
        "Other Non Interest Expense": NaN
    },
    "2024-09-30": {
        "Tax Effect Of Unusual Items": 0.0,
        "Tax Rate For Calcs": 0.301878,
        "Net Income From Continuing Operation Net Minority Interest": 12266000.0,
        "Reconciled Depreciation": -3294000.0,
        "Net Interest Income": 65233000.0,
        "Interest Expense": 55221000.0,
        "Interest Income": 120454000.0,
        "Normalized Income": 12266000.0,
        "Net Income From Continuing And Discontinued Operation": 12266000.0,
        "Diluted Average Shares": 11312773.0,
        "Basic Average Shares": 11193063.0,
        "Diluted EPS": 1.08,
        "Basic EPS": 1.1,
        "Diluted NI Availto Com Stockholders": 12266000.0,
        "Net Income Common Stockholders": 12266000.0,
        "Net Income": 12266000.0,
        "Net Income Including Noncontrolling Interests": 12266000.0,
        "Net Income Continuous Operations": 12266000.0,
        "Tax Provision": 5304000.0,
        "Pretax Income": 17570000.0,
        "Selling General And Administration": 22835000.0,
        "General And Administrative Expense": 22835000.0,
        "Insurance And Claims": 2950000.0,
        "Salaries And Wages": 19885000.0,
        "Total Revenue": 71518000.0,
        "Operating Revenue": 71518000.0,
        "Occupancy And Equipment": 2471000.0,
        "Professional Expense And Contract Services Expense": 4745000.0,
        "Other Non Interest Expense": 21206000.0
    },
    "2024-12-31": {
        "Tax Effect Of Unusual Items": 0.0,
        "Tax Rate For Calcs": 0.316658,
        "Net Income From Continuing Operation Net Minority Interest": 21418000.0,
        "Reconciled Depreciation": NaN,
        "Net Interest Income": 66603000.0,
        "Interest Expense": 53226000.0,
        "Interest Income": 119829000.0,
        "Normalized Income": 21418000.0,
        "Net Income From Continuing And Discontinued Operation": 21418000.0,
        "Diluted Average Shares": 11388163.0,
        "Basic Average Shares": 11196822.0,
        "Diluted EPS": 1.88,
        "Basic EPS": 1.91,
        "Diluted NI Availto Com Stockholders": 21418000.0,
        "Net Income Common Stockholders": 21418000.0,
        "Net Income": 21418000.0,
        "Net Income Including Noncontrolling Interests": 21418000.0,
        "Net Income Continuous Operations": 21418000.0,
        "Tax Provision": 9925000.0,
        "Pretax Income": 31343000.0,
        "Selling General And Administration": 22595000.0,
        "General And Administrative Expense": 22595000.0,
        "Insurance And Claims": 2980000.0,
        "Salaries And Wages": 19615000.0,
        "Total Revenue": 71004000.0,
        "Operating Revenue": 71004000.0,
        "Occupancy And Equipment": 2520000.0,
        "Professional Expense And Contract Services Expense": 3687000.0,
        "Other Non Interest Expense": 9359000.0
    },
    "2025-03-31": {
        "Tax Effect Of Unusual Items": 0.0,
        "Tax Rate For Calcs": 0.3,
        "Net Income From Continuing Operation Net Minority Interest": 16354000.0,
        "Reconciled Depreciation": -1451000.0,
        "Net Interest Income": 66952000.0,
        "Interest Expense": 51818000.0,
        "Interest Income": 118770000.0,
        "Normalized Income": 16354000.0,
        "Net Income From Continuing And Discontinued Operation": 16354000.0,
        "Diluted Average Shares": 11281375.0,
        "Basic Average Shares": 11215118.0,
        "Diluted EPS": 1.45,
        "Basic EPS": 1.46,
        "Diluted NI Availto Com Stockholders": 16354000.0,
        "Net Income Common Stockholders": 16354000.0,
        "Net Income": 16354000.0,
        "Net Income Including Noncontrolling Interests": 16354000.0,
        "Net Income Continuous Operations": 16354000.0,
        "Tax Provision": 7008000.0,
        "Pretax Income": 23362000.0,
        "Selling General And Administration": 24706000.0,
        "General And Administrative Expense": 24706000.0,
        "Insurance And Claims": 2967000.0,
        "Salaries And Wages": 21739000.0,
        "Total Revenue": 70590000.0,
        "Operating Revenue": 70590000.0,
        "Occupancy And Equipment": 2463000.0,
        "Professional Expense And Contract Services Expense": 4986000.0,
        "Other Non Interest Expense": 10567000.0
    },
    "2025-06-30": {
        "Tax Effect Of Unusual Items": 0.0,
        "Tax Rate For Calcs": 0.299294,
        "Net Income From Continuing Operation Net Minority Interest": 18767000.0,
        "Reconciled Depreciation": -1963000.0,
        "Net Interest Income": 73647000.0,
        "Interest Expense": 53396000.0,
        "Interest Income": 127043000.0,
        "Normalized Income": 18767000.0,
        "Net Income From Continuing And Discontinued Operation": 18767000.0,
        "Diluted Average Shares": 10676878.0,
        "Basic Average Shares": 10564275.0,
        "Diluted EPS": 1.76,
        "Basic EPS": 1.78,
        "Diluted NI Availto Com Stockholders": 18767000.0,
        "Net Income Common Stockholders": 18767000.0,
        "Net Income": 18767000.0,
        "Net Income Including Noncontrolling Interests": 18767000.0,
        "Net Income Continuous Operations": 18767000.0,
        "Tax Provision": 8016000.0,
        "Pretax Income": 26783000.0,
        "Selling General And Administration": 23254000.0,
        "General And Administrative Expense": 23254000.0,
        "Insurance And Claims": 2999000.0,
        "Salaries And Wages": 20255000.0,
        "Total Revenue": 76270000.0,
        "Operating Revenue": 76270000.0,
        "Occupancy And Equipment": 2513000.0,
        "Professional Expense And Contract Services Expense": 3583000.0,
        "Other Non Interest Expense": 13759000.0
    },
    "2025-09-30": {
        "Tax Effect Of Unusual Items": 0.0,
        "Tax Rate For Calcs": 0.300825,
        "Net Income From Continuing Operation Net Minority Interest": 7119000.0,
        "Reconciled Depreciation": -5368000.0,
        "Net Interest Income": 77311000.0,
        "Interest Expense": 54689000.0,
        "Interest Income": 132000000.0,
        "Normalized Income": 7119000.0,
        "Net Income From Continuing And Discontinued Operation": 7119000.0,
        "Diluted Average Shares": 10587402.0,
        "Basic Average Shares": 10398255.0,
        "Diluted EPS": 0.67,
        "Basic EPS": 0.68,
        "Diluted NI Availto Com Stockholders": 7119000.0,
        "Net Income Common Stockholders": 7119000.0,
        "Net Income": 7119000.0,
        "Net Income Including Noncontrolling Interests": 7119000.0,
        "Net Income Continuous Operations": 7119000.0,
        "Tax Provision": 3063000.0,
        "Pretax Income": 10182000.0,
        "Selling General And Administration": 23646000.0,
        "General And Administrative Expense": 23646000.0,
        "Insurance And Claims": 1972000.0,
        "Salaries And Wages": 21674000.0,
        "Total Revenue": 79838000.0,
        "Operating Revenue": 79838000.0,
        "Occupancy And Equipment": 2664000.0,
        "Professional Expense And Contract Services Expense": 3506000.0,
        "Other Non Interest Expense": 15978000.0
    }
}