{
    "2023-06-30": {
        "Tax Effect Of Unusual Items": 0.0,
        "Tax Rate For Calcs": 0.295761,
        "Net Income From Continuing Operation Net Minority Interest": 13108000.0,
        "Reconciled Depreciation": 544000.0,
        "Net Interest Income": 24970000.0,
        "Interest Expense": 22512000.0,
        "Interest Income": 47482000.0,
        "Normalized Income": 13108000.0,
        "Net Income From Continuing And Discontinued Operation": 13108000.0,
        "Diluted Average Shares": 25477143.0,
        "Basic Average Shares": 25279846.0,
        "Diluted EPS": 0.51,
        "Basic EPS": 0.52,
        "Diluted NI Availto Com Stockholders": 13108000.0,
        "Net Income Common Stockholders": 13108000.0,
        "Net Income": 13108000.0,
        "Net Income Including Noncontrolling Interests": 13108000.0,
        "Net Income Continuous Operations": 13108000.0,
        "Tax Provision": 5505000.0,
        "Pretax Income": 18613000.0,
        "Selling General And Administration": 7268000.0,
        "Selling And Marketing Expense": 165000.0,
        "General And Administrative Expense": 7103000.0,
        "Salaries And Wages": 7103000.0,
        "Total Revenue": 29661000.0,
        "Operating Revenue": 29661000.0,
        "Occupancy And Equipment": 1039000.0,
        "Other Non Interest Expense": 3157000.0
    },
    "2023-03-31": {
        "Tax Effect Of Unusual Items": 0.0,
        "Tax Rate For Calcs": 0.271,
        "Net Income From Continuing Operation Net Minority Interest": 15730000.0,
        "Reconciled Depreciation": 705000.0,
        "Net Interest Income": 26233000.0,
        "Interest Expense": 19732000.0,
        "Interest Income": 45965000.0,
        "Normalized Income": 15730000.0,
        "Net Income From Continuing And Discontinued Operation": 15730000.0,
        "Diluted Average Shares": 25405855.0,
        "Basic Average Shares": 25144683.0,
        "Diluted EPS": 0.62,
        "Basic EPS": 0.63,
        "Diluted NI Availto Com Stockholders": 15730000.0,
        "Net Income Common Stockholders": 15730000.0,
        "Net Income": 15730000.0,
        "Net Income Including Noncontrolling Interests": 15730000.0,
        "Net Income Continuous Operations": 15730000.0,
        "Tax Provision": 5840000.0,
        "Pretax Income": 21570000.0,
        "Selling General And Administration": 6512000.0,
        "Selling And Marketing Expense": 146000.0,
        "General And Administrative Expense": 6366000.0,
        "Salaries And Wages": 6366000.0,
        "Total Revenue": 32377000.0,
        "Operating Revenue": 32377000.0,
        "Occupancy And Equipment": 1214000.0,
        "Other Non Interest Expense": 3081000.0
    },
    "2022-12-31": {
        "Tax Effect Of Unusual Items": 0.0,
        "Tax Rate For Calcs": 0.21,
        "Net Income From Continuing Operation Net Minority Interest": 10180000.0,
        "Reconciled Depreciation": 1210000.0,
        "Net Interest Income": 28950000.0,
        "Interest Expense": 14995000.0,
        "Interest Income": 43945000.0,
        "Normalized Income": 10180000.0,
        "Net Income From Continuing And Discontinued Operation": 10180000.0,
        "Diluted Average Shares": 25560138.0,
        "Basic Average Shares": 25328846.0,
        "Diluted EPS": 0.52,
        "Basic EPS": 0.52,
        "Diluted NI Availto Com Stockholders": 10180000.0,
        "Net Income Common Stockholders": 10180000.0,
        "Net Income": 10180000.0,
        "Net Income Including Noncontrolling Interests": 10180000.0,
        "Net Income Continuous Operations": 10180000.0,
        "Tax Provision": 9353000.0,
        "Pretax Income": 19533000.0,
        "Selling General And Administration": 9684000.0,
        "Selling And Marketing Expense": 172000.0,
        "General And Administrative Expense": 9512000.0,
        "Salaries And Wages": 8286000.0,
        "Total Revenue": 26606000.0,
        "Operating Revenue": 26606000.0
    },
    "2022-09-30": {
        "Tax Effect Of Unusual Items": 0.0,
        "Tax Rate For Calcs": 0.293,
        "Net Income From Continuing Operation Net Minority Interest": 16893000.0,
        "Reconciled Depreciation": 1249000.0,
        "Net Interest Income": 29788000.0,
        "Interest Expense": 8509000.0,
        "Interest Income": 38297000.0,
        "Normalized Income": 16893000.0,
        "Net Income From Continuing And Discontinued Operation": 16893000.0,
        "Diluted Average Shares": 25702023.0,
        "Basic Average Shares": 25433307.0,
        "Diluted EPS": 0.66,
        "Basic EPS": 0.66,
        "Diluted NI Availto Com Stockholders": 16893000.0,
        "Net Income Common Stockholders": 16893000.0,
        "Net Income": 16893000.0,
        "Net Income Including Noncontrolling Interests": 16893000.0,
        "Net Income Continuous Operations": 16893000.0,
        "Tax Provision": 7011000.0,
        "Pretax Income": 23904000.0,
        "Selling General And Administration": 7914000.0,
        "Selling And Marketing Expense": 158000.0,
        "General And Administrative Expense": 7756000.0,
        "Other Gand A": 270000.0,
        "Salaries And Wages": 7756000.0,
        "Total Revenue": 34889000.0,
        "Operating Revenue": 34889000.0
    },
    "2022-06-30": {
        "Tax Effect Of Unusual Items": 0.0,
        "Tax Rate For Calcs": 0.26,
        "Net Income From Continuing Operation Net Minority Interest": 16100000.0,
        "Reconciled Depreciation": 705000.0,
        "Net Interest Income": 30220000.0,
        "Interest Expense": 2805000.0,
        "Interest Income": 33025000.0,
        "Normalized Income": 16100000.0,
        "Net Income From Continuing And Discontinued Operation": 16100000.0,
        "Diluted Average Shares": 25729156.0,
        "Basic Average Shares": 25459003.0,
        "Diluted EPS": 0.63,
        "Basic EPS": 0.63,
        "Diluted NI Availto Com Stockholders": 16100000.0,
        "Net Income Common Stockholders": 16100000.0,
        "Net Income": 16100000.0,
        "Net Income Including Noncontrolling Interests": 16100000.0,
        "Net Income Continuous Operations": 16100000.0,
        "Tax Provision": 5654000.0,
        "Pretax Income": 21754000.0,
        "Selling General And Administration": 8055000.0,
        "Selling And Marketing Expense": 126000.0,
        "General And Administrative Expense": 7929000.0,
        "Other Gand A": 261000.0,
        "Salaries And Wages": 7929000.0,
        "Total Revenue": 34873000.0,
        "Operating Revenue": 34873000.0
    },
    "2022-03-31": {
        "Diluted EPS": 0.76,
        "Total Revenue": 40,
        "Gross Profit": 38,
        "Operating Income": 26,
        "EBIT": NaN,
        "Net Income": 19
    },
    "2021-12-31": {
        "Diluted EPS": 0.67,
        "Total Revenue": 38,
        "Gross Profit": 37,
        "Operating Income": 24,
        "EBIT": NaN,
        "Net Income": 17
    },
    "2021-09-30": {
        "Diluted EPS": 0.66,
        "Total Revenue": 39,
        "Gross Profit": 38,
        "Operating Income": 22,
        "EBIT": NaN,
        "Net Income": 17
    },
    "2021-06-30": {
        "Diluted EPS": 0.56,
        "Total Revenue": 34,
        "Gross Profit": 33,
        "Operating Income": 19,
        "EBIT": NaN,
        "Net Income": 14
    },
    "2021-03-31": {
        "Diluted EPS": 0.5,
        "Total Revenue": 31,
        "Gross Profit": 30,
        "Operating Income": 17,
        "EBIT": NaN,
        "Net Income": 13
    },
    "2020-12-31": {
        "Diluted EPS": 0.37,
        "Total Revenue": 26,
        "Gross Profit": 25,
        "Operating Income": 13,
        "EBIT": NaN,
        "Net Income": 9
    },
    "2020-09-30": {
        "Diluted EPS": 0.36,
        "Total Revenue": 26,
        "Gross Profit": 24,
        "Operating Income": 12,
        "EBIT": NaN,
        "Net Income": 9
    },
    "2020-06-30": {
        "Diluted EPS": 0.3,
        "Total Revenue": 25,
        "Gross Profit": 21,
        "Operating Income": 11,
        "EBIT": NaN,
        "Net Income": 8
    },
    "2020-03-31": {
        "Diluted EPS": 0.38,
        "Total Revenue": 28,
        "Gross Profit": 24,
        "Operating Income": 13,
        "EBIT": NaN,
        "Net Income": 10
    },
    "2019-12-31": {
        "Diluted EPS": 0.42,
        "Total Revenue": 30,
        "Gross Profit": 24,
        "Operating Income": 14,
        "EBIT": NaN,
        "Net Income": 11
    },
    "2019-09-30": {
        "Diluted EPS": 0.5,
        "Total Revenue": 33,
        "Gross Profit": 27,
        "Operating Income": 17,
        "EBIT": NaN,
        "Net Income": 12
    },
    "2019-06-30": {
        "Diluted EPS": 0.53,
        "Total Revenue": 33,
        "Gross Profit": 27,
        "Operating Income": 17,
        "EBIT": NaN,
        "Net Income": 13
    },
    "2019-03-31": {
        "Diluted EPS": 0.36,
        "Total Revenue": 27,
        "Gross Profit": 22,
        "Operating Income": 12,
        "EBIT": NaN,
        "Net Income": 9
    },
    "2018-12-31": {
        "Diluted EPS": 0.0,
        "Total Revenue": NaN,
        "Gross Profit": NaN,
        "Operating Income": NaN,
        "EBIT": NaN,
        "Net Income": NaN
    },
    "2018-09-30": {
        "Diluted EPS": 0.4,
        "Total Revenue": 28,
        "Gross Profit": 24,
        "Operating Income": 13,
        "EBIT": NaN,
        "Net Income": 10
    },
    "2017-12-31": {
        "Diluted EPS": 0.0,
        "Total Revenue": NaN,
        "Gross Profit": NaN,
        "Operating Income": NaN,
        "EBIT": NaN,
        "Net Income": NaN
    },
    "2023-09-30": {
        "Tax Effect Of Unusual Items": NaN,
        "Tax Rate For Calcs": NaN,
        "Net Income From Continuing Operation Net Minority Interest": NaN,
        "Reconciled Depreciation": NaN,
        "Net Interest Income": NaN,
        "Interest Expense": NaN,
        "Interest Income": NaN,
        "Normalized Income": NaN,
        "Net Income From Continuing And Discontinued Operation": NaN,
        "Diluted Average Shares": 25591874.0,
        "Basic Average Shares": 25241157.0,
        "Diluted EPS": 0.45,
        "Basic EPS": 0.45,
        "Diluted NI Availto Com Stockholders": NaN,
        "Net Income Common Stockholders": NaN,
        "Net Income": NaN,
        "Net Income Including Noncontrolling Interests": NaN,
        "Net Income Continuous Operations": NaN,
        "Tax Provision": NaN,
        "Pretax Income": NaN,
        "Selling General And Administration": NaN,
        "Selling And Marketing Expense": NaN,
        "General And Administrative Expense": NaN,
        "Salaries And Wages": NaN,
        "Total Revenue": NaN,
        "Operating Revenue": NaN,
        "Occupancy And Equipment": NaN,
        "Other Non Interest Expense": NaN
    },
    "2023-12-31": {
        "Tax Effect Of Unusual Items": 0.0,
        "Tax Rate For Calcs": 0.296833,
        "Net Income From Continuing Operation Net Minority Interest": 11347000.0,
        "Reconciled Depreciation": 727000.0,
        "Net Interest Income": 26122000.0,
        "Interest Expense": 24549000.0,
        "Interest Income": 50671000.0,
        "Normalized Income": 11347000.0,
        "Net Income From Continuing And Discontinued Operation": 11347000.0,
        "Diluted Average Shares": 25543861.0,
        "Basic Average Shares": 25215556.0,
        "Diluted EPS": 0.44,
        "Basic EPS": 0.45,
        "Diluted NI Availto Com Stockholders": 11347000.0,
        "Net Income Common Stockholders": 11347000.0,
        "Net Income": 11347000.0,
        "Net Income Including Noncontrolling Interests": 11347000.0,
        "Net Income Continuous Operations": 11347000.0,
        "Tax Provision": 4790000.0,
        "Pretax Income": 16137000.0,
        "Selling General And Administration": 11331000.0,
        "Selling And Marketing Expense": 160000.0,
        "General And Administrative Expense": 11171000.0,
        "Salaries And Wages": 9588000.0,
        "Total Revenue": 28999000.0,
        "Operating Revenue": 28999000.0,
        "Occupancy And Equipment": 1368000.0,
        "Other Non Interest Expense": -2141000.0
    },
    "2024-03-31": {
        "Tax Effect Of Unusual Items": 0.0,
        "Tax Rate For Calcs": 0.283917,
        "Net Income From Continuing Operation Net Minority Interest": 14631000.0,
        "Reconciled Depreciation": 752000.0,
        "Net Interest Income": 27085000.0,
        "Interest Expense": 25273000.0,
        "Interest Income": 52358000.0,
        "Normalized Income": 14631000.0,
        "Net Income From Continuing And Discontinued Operation": 14631000.0,
        "Diluted Average Shares": 25548089.0,
        "Basic Average Shares": 25205506.0,
        "Diluted EPS": 0.57,
        "Basic EPS": 0.58,
        "Diluted NI Availto Com Stockholders": 14631000.0,
        "Net Income Common Stockholders": 14631000.0,
        "Net Income": 14631000.0,
        "Net Income Including Noncontrolling Interests": 14631000.0,
        "Net Income Continuous Operations": 14631000.0,
        "Tax Provision": 5801000.0,
        "Pretax Income": 20432000.0,
        "Selling General And Administration": 7542000.0,
        "Selling And Marketing Expense": 172000.0,
        "General And Administrative Expense": 7370000.0,
        "Salaries And Wages": 7370000.0,
        "Total Revenue": 32653000.0,
        "Operating Revenue": 32653000.0,
        "Occupancy And Equipment": 1354000.0,
        "Other Non Interest Expense": 3465000.0
    },
    "2024-06-30": {
        "Tax Effect Of Unusual Items": 0.0,
        "Tax Rate For Calcs": 0.275174,
        "Net Income From Continuing Operation Net Minority Interest": 16937000.0,
        "Reconciled Depreciation": 722000.0,
        "Net Interest Income": 30712000.0,
        "Interest Expense": 23396000.0,
        "Interest Income": 54108000.0,
        "Normalized Income": 16937000.0,
        "Net Income From Continuing And Discontinued Operation": 16937000.0,
        "Diluted Average Shares": 25568333.0,
        "Basic Average Shares": 25331916.0,
        "Diluted EPS": 0.66,
        "Basic EPS": 0.67,
        "Diluted NI Availto Com Stockholders": 16937000.0,
        "Net Income Common Stockholders": 16937000.0,
        "Net Income": 16937000.0,
        "Net Income Including Noncontrolling Interests": 16937000.0,
        "Net Income Continuous Operations": 16937000.0,
        "Tax Provision": 6430000.0,
        "Pretax Income": 23367000.0,
        "Selling General And Administration": 8205000.0,
        "Selling And Marketing Expense": 157000.0,
        "General And Administrative Expense": 8048000.0,
        "Salaries And Wages": 8048000.0,
        "Total Revenue": 36271000.0,
        "Operating Revenue": 36271000.0,
        "Occupancy And Equipment": 1334000.0,
        "Other Non Interest Expense": 3493000.0
    },
    "2024-09-30": {
        "Tax Effect Of Unusual Items": 0.0,
        "Tax Rate For Calcs": 0.263,
        "Net Income From Continuing Operation Net Minority Interest": 16701000.0,
        "Reconciled Depreciation": 726000.0,
        "Net Interest Income": 30289000.0,
        "Interest Expense": 23544000.0,
        "Interest Income": 53833000.0,
        "Normalized Income": 16701000.0,
        "Net Income From Continuing And Discontinued Operation": 16701000.0,
        "Diluted Average Shares": 25674858.0,
        "Basic Average Shares": 25331916.0,
        "Diluted EPS": 0.65,
        "Basic EPS": 0.66,
        "Diluted NI Availto Com Stockholders": 16701000.0,
        "Net Income Common Stockholders": 16701000.0,
        "Net Income": 16701000.0,
        "Net Income Including Noncontrolling Interests": 16701000.0,
        "Net Income Continuous Operations": 16701000.0,
        "Tax Provision": 5961000.0,
        "Pretax Income": 22662000.0,
        "Selling General And Administration": 8657000.0,
        "Selling And Marketing Expense": 145000.0,
        "General And Administrative Expense": 8512000.0,
        "Salaries And Wages": 8512000.0,
        "Total Revenue": 36904000.0,
        "Operating Revenue": 36904000.0,
        "Occupancy And Equipment": 1430000.0,
        "Other Non Interest Expense": 3573000.0
    },
    "2024-12-31": {
        "Tax Effect Of Unusual Items": 0.0,
        "Tax Rate For Calcs": 0.221455,
        "Net Income From Continuing Operation Net Minority Interest": 16235000.0,
        "Reconciled Depreciation": 760000.0,
        "Net Interest Income": 30060000.0,
        "Interest Expense": 22554000.0,
        "Interest Income": 52614000.0,
        "Normalized Income": 16235000.0,
        "Net Income From Continuing And Discontinued Operation": 16235000.0,
        "Diluted Average Shares": 25659483.0,
        "Basic Average Shares": 25367188.0,
        "Diluted EPS": 0.63,
        "Basic EPS": 0.64,
        "Diluted NI Availto Com Stockholders": 16235000.0,
        "Net Income Common Stockholders": 16235000.0,
        "Net Income": 16235000.0,
        "Net Income Including Noncontrolling Interests": 16235000.0,
        "Net Income Continuous Operations": 16235000.0,
        "Tax Provision": 4618000.0,
        "Pretax Income": 20853000.0,
        "Selling General And Administration": 11797000.0,
        "Selling And Marketing Expense": 160000.0,
        "General And Administrative Expense": 11637000.0,
        "Salaries And Wages": 9922000.0,
        "Total Revenue": 33834000.0,
        "Operating Revenue": 33834000.0,
        "Occupancy And Equipment": 1406000.0,
        "Other Non Interest Expense": -1947000.0
    },
    "2025-03-31": {
        "Tax Effect Of Unusual Items": 0.0,
        "Tax Rate For Calcs": 0.262,
        "Net Income From Continuing Operation Net Minority Interest": 16297000.0,
        "Reconciled Depreciation": 832000.0,
        "Net Interest Income": 30554000.0,
        "Interest Expense": 21965000.0,
        "Interest Income": 52519000.0,
        "Normalized Income": 16297000.0,
        "Net Income From Continuing And Discontinued Operation": 16297000.0,
        "Diluted Average Shares": 25707989.0,
        "Basic Average Shares": 25464062.0,
        "Diluted EPS": 0.63,
        "Basic EPS": 0.64,
        "Diluted NI Availto Com Stockholders": 16297000.0,
        "Net Income Common Stockholders": 16297000.0,
        "Net Income": 16297000.0,
        "Net Income Including Noncontrolling Interests": 16297000.0,
        "Net Income Continuous Operations": 16297000.0,
        "Tax Provision": 5779000.0,
        "Pretax Income": 22076000.0,
        "Selling General And Administration": 8660000.0,
        "Selling And Marketing Expense": 167000.0,
        "General And Administrative Expense": 8493000.0,
        "Salaries And Wages": 8493000.0,
        "Total Revenue": 36010000.0,
        "Operating Revenue": 36010000.0,
        "Occupancy And Equipment": 1417000.0,
        "Other Non Interest Expense": 3722000.0
    },
    "2025-06-30": {
        "Tax Effect Of Unusual Items": 0.0,
        "Tax Rate For Calcs": 0.289112,
        "Net Income From Continuing Operation Net Minority Interest": 16826000.0,
        "Reconciled Depreciation": 850000.0,
        "Net Interest Income": 32178000.0,
        "Interest Expense": 21871000.0,
        "Interest Income": 54049000.0,
        "Normalized Income": 16826000.0,
        "Net Income From Continuing And Discontinued Operation": 16826000.0,
        "Diluted Average Shares": 25715206.0,
        "Basic Average Shares": 25537746.0,
        "Diluted EPS": 0.65,
        "Basic EPS": 0.66,
        "Diluted NI Availto Com Stockholders": 16826000.0,
        "Net Income Common Stockholders": 16826000.0,
        "Net Income": 16826000.0,
        "Net Income Including Noncontrolling Interests": 16826000.0,
        "Net Income Continuous Operations": 16826000.0,
        "Tax Provision": 6843000.0,
        "Pretax Income": 23669000.0,
        "Selling General And Administration": 8703000.0,
        "Selling And Marketing Expense": 149000.0,
        "General And Administrative Expense": 8554000.0,
        "Salaries And Wages": 8554000.0,
        "Total Revenue": 37911000.0,
        "Operating Revenue": 37911000.0,
        "Occupancy And Equipment": 1380000.0,
        "Other Non Interest Expense": 4030000.0
    }
}