{
    "2023-03-31": {
        "Tax Effect Of Unusual Items": NaN,
        "Tax Rate For Calcs": NaN,
        "Normalized EBITDA": NaN,
        "Total Unusual Items": 0.0,
        "Total Unusual Items Excluding Goodwill": 0.0,
        "Net Income From Continuing Operation Net Minority Interest": NaN,
        "Reconciled Depreciation": NaN,
        "Reconciled Cost Of Revenue": NaN,
        "EBITDA": NaN,
        "EBIT": NaN,
        "Net Interest Income": NaN,
        "Interest Expense": NaN,
        "Interest Income": NaN,
        "Normalized Income": NaN,
        "Net Income From Continuing And Discontinued Operation": NaN,
        "Total Expenses": NaN,
        "Total Operating Income As Reported": NaN,
        "Diluted Average Shares": NaN,
        "Basic Average Shares": NaN,
        "Diluted EPS": NaN,
        "Basic EPS": NaN,
        "Diluted NI Availto Com Stockholders": NaN,
        "Net Income Common Stockholders": NaN,
        "Net Income": NaN,
        "Net Income Including Noncontrolling Interests": NaN,
        "Net Income Discontinuous Operations": NaN,
        "Net Income Continuous Operations": NaN,
        "Tax Provision": NaN,
        "Pretax Income": NaN,
        "Special Income Charges": 0.0,
        "Impairment Of Capital Assets": 0.0,
        "Net Non Operating Interest Income Expense": NaN,
        "Interest Expense Non Operating": NaN,
        "Interest Income Non Operating": NaN,
        "Operating Income": NaN,
        "Operating Expense": NaN,
        "Depreciation Amortization Depletion Income Statement": NaN,
        "Depreciation And Amortization In Income Statement": NaN,
        "Amortization": NaN,
        "Amortization Of Intangibles Income Statement": NaN,
        "Selling General And Administration": NaN,
        "Selling And Marketing Expense": NaN,
        "General And Administrative Expense": NaN,
        "Other Gand A": NaN,
        "Gross Profit": NaN,
        "Cost Of Revenue": NaN,
        "Total Revenue": NaN,
        "Operating Revenue": NaN
    },
    "2022-12-31": {
        "Tax Effect Of Unusual Items": NaN,
        "Tax Rate For Calcs": NaN,
        "Normalized EBITDA": NaN,
        "Total Unusual Items": 0.0,
        "Total Unusual Items Excluding Goodwill": 0.0,
        "Net Income From Continuing Operation Net Minority Interest": NaN,
        "Reconciled Depreciation": NaN,
        "Reconciled Cost Of Revenue": NaN,
        "EBITDA": NaN,
        "EBIT": NaN,
        "Net Interest Income": NaN,
        "Interest Expense": NaN,
        "Interest Income": NaN,
        "Normalized Income": NaN,
        "Net Income From Continuing And Discontinued Operation": NaN,
        "Total Expenses": NaN,
        "Total Operating Income As Reported": NaN,
        "Diluted Average Shares": NaN,
        "Basic Average Shares": NaN,
        "Diluted EPS": NaN,
        "Basic EPS": NaN,
        "Diluted NI Availto Com Stockholders": NaN,
        "Net Income Common Stockholders": NaN,
        "Net Income": NaN,
        "Net Income Including Noncontrolling Interests": NaN,
        "Net Income Discontinuous Operations": NaN,
        "Net Income Continuous Operations": NaN,
        "Tax Provision": NaN,
        "Pretax Income": NaN,
        "Special Income Charges": 0.0,
        "Impairment Of Capital Assets": 0.0,
        "Net Non Operating Interest Income Expense": NaN,
        "Interest Expense Non Operating": NaN,
        "Interest Income Non Operating": NaN,
        "Operating Income": NaN,
        "Operating Expense": NaN,
        "Depreciation Amortization Depletion Income Statement": NaN,
        "Depreciation And Amortization In Income Statement": NaN,
        "Amortization": NaN,
        "Amortization Of Intangibles Income Statement": NaN,
        "Selling General And Administration": NaN,
        "Selling And Marketing Expense": NaN,
        "General And Administrative Expense": NaN,
        "Other Gand A": NaN,
        "Gross Profit": NaN,
        "Cost Of Revenue": NaN,
        "Total Revenue": NaN,
        "Operating Revenue": NaN
    },
    "2022-09-30": {
        "Tax Effect Of Unusual Items": NaN,
        "Tax Rate For Calcs": NaN,
        "Normalized EBITDA": NaN,
        "Total Unusual Items": 0.0,
        "Total Unusual Items Excluding Goodwill": 0.0,
        "Net Income From Continuing Operation Net Minority Interest": NaN,
        "Reconciled Depreciation": NaN,
        "Reconciled Cost Of Revenue": NaN,
        "EBITDA": NaN,
        "EBIT": NaN,
        "Net Interest Income": NaN,
        "Interest Expense": NaN,
        "Interest Income": NaN,
        "Normalized Income": NaN,
        "Net Income From Continuing And Discontinued Operation": NaN,
        "Total Expenses": NaN,
        "Total Operating Income As Reported": NaN,
        "Diluted Average Shares": NaN,
        "Basic Average Shares": NaN,
        "Diluted EPS": NaN,
        "Basic EPS": NaN,
        "Diluted NI Availto Com Stockholders": NaN,
        "Net Income Common Stockholders": NaN,
        "Net Income": NaN,
        "Net Income Including Noncontrolling Interests": NaN,
        "Net Income Discontinuous Operations": NaN,
        "Net Income Continuous Operations": NaN,
        "Tax Provision": NaN,
        "Pretax Income": NaN,
        "Special Income Charges": 0.0,
        "Impairment Of Capital Assets": 0.0,
        "Net Non Operating Interest Income Expense": NaN,
        "Interest Expense Non Operating": NaN,
        "Interest Income Non Operating": NaN,
        "Operating Income": NaN,
        "Operating Expense": NaN,
        "Depreciation Amortization Depletion Income Statement": NaN,
        "Depreciation And Amortization In Income Statement": NaN,
        "Amortization": NaN,
        "Amortization Of Intangibles Income Statement": NaN,
        "Selling General And Administration": NaN,
        "Selling And Marketing Expense": NaN,
        "General And Administrative Expense": NaN,
        "Other Gand A": NaN,
        "Gross Profit": NaN,
        "Cost Of Revenue": NaN,
        "Total Revenue": NaN,
        "Operating Revenue": NaN
    },
    "2022-06-30": {
        "Tax Effect Of Unusual Items": -6028748.082174,
        "Tax Rate For Calcs": 0.252958,
        "Normalized EBITDA": 40594000.0,
        "Total Unusual Items": -23833000.0,
        "Total Unusual Items Excluding Goodwill": -23833000.0,
        "Net Income From Continuing Operation Net Minority Interest": 11491000.0,
        "Reconciled Depreciation": 988000.0,
        "Reconciled Cost Of Revenue": 162643000.0,
        "EBITDA": 16761000.0,
        "EBIT": 15773000.0,
        "Net Interest Income": -391000.0,
        "Interest Expense": 391000.0,
        "Interest Income": NaN,
        "Normalized Income": 29295251.917826,
        "Net Income From Continuing And Discontinued Operation": 11491000.0,
        "Total Expenses": 178046000.0,
        "Total Operating Income As Reported": 15773000.0,
        "Diluted Average Shares": 18155447.0,
        "Basic Average Shares": 17952270.0,
        "Diluted EPS": 0.63,
        "Basic EPS": 0.64,
        "Diluted NI Availto Com Stockholders": 11491000.0,
        "Net Income Common Stockholders": 11491000.0,
        "Net Income": 11491000.0,
        "Net Income Including Noncontrolling Interests": 11491000.0,
        "Net Income Discontinuous Operations": NaN,
        "Net Income Continuous Operations": 11491000.0,
        "Tax Provision": 3891000.0,
        "Pretax Income": 15382000.0,
        "Other Income Expense": -23833000.0,
        "Special Income Charges": -23833000.0,
        "Impairment Of Capital Assets": 23833000.0,
        "Net Non Operating Interest Income Expense": -391000.0,
        "Interest Expense Non Operating": 391000.0,
        "Interest Income Non Operating": NaN,
        "Operating Income": 39606000.0,
        "Operating Expense": 15403000.0,
        "Depreciation Amortization Depletion Income Statement": 988000.0,
        "Depreciation And Amortization In Income Statement": 988000.0,
        "Amortization": 988000.0,
        "Amortization Of Intangibles Income Statement": 988000.0,
        "Selling General And Administration": 14415000.0,
        "Selling And Marketing Expense": 3336000.0,
        "General And Administrative Expense": 11079000.0,
        "Other Gand A": 11079000.0,
        "Gross Profit": 55009000.0,
        "Cost Of Revenue": 162643000.0,
        "Total Revenue": 217652000.0,
        "Operating Revenue": 217652000.0
    },
    "2022-03-31": {
        "Diluted EPS": 1.13,
        "Total Revenue": 169,
        "Gross Profit": 44,
        "Operating Income": 32,
        "EBIT": 34,
        "Net Income": 21
    },
    "2021-12-31": {
        "Diluted EPS": 0.81,
        "Total Revenue": 144,
        "Gross Profit": 36,
        "Operating Income": 24,
        "EBIT": 26,
        "Net Income": 15
    },
    "2021-09-30": {
        "Diluted EPS": 0.55,
        "Total Revenue": 131,
        "Gross Profit": 31,
        "Operating Income": 16,
        "EBIT": 20,
        "Net Income": 10
    },
    "2021-06-30": {
        "Diluted EPS": 0.86,
        "Total Revenue": 156,
        "Gross Profit": 37,
        "Operating Income": 23,
        "EBIT": 26,
        "Net Income": 17
    },
    "2021-03-31": {
        "Diluted EPS": 0.93,
        "Total Revenue": 148,
        "Gross Profit": 37,
        "Operating Income": 23,
        "EBIT": 26,
        "Net Income": 18
    },
    "2020-12-31": {
        "Diluted EPS": 0.66,
        "Total Revenue": 119,
        "Gross Profit": 29,
        "Operating Income": 17,
        "EBIT": 20,
        "Net Income": 13
    },
    "2020-09-30": {
        "Diluted EPS": 0.51,
        "Total Revenue": 104,
        "Gross Profit": 26,
        "Operating Income": 13,
        "EBIT": 16,
        "Net Income": 10
    },
    "2020-06-30": {
        "Diluted EPS": -0.15,
        "Total Revenue": 51,
        "Gross Profit": 7,
        "Operating Income": -2,
        "EBIT": 1,
        "Net Income": -3
    },
    "2020-03-31": {
        "Diluted EPS": -1.96,
        "Total Revenue": 103,
        "Gross Profit": 21,
        "Operating Income": -47,
        "EBIT": -44,
        "Net Income": -37
    },
    "2019-12-31": {
        "Diluted EPS": 0.37,
        "Total Revenue": 100,
        "Gross Profit": 21,
        "Operating Income": 10,
        "EBIT": 13,
        "Net Income": 7
    },
    "2019-09-30": {
        "Diluted EPS": 0.46,
        "Total Revenue": 110,
        "Gross Profit": 26,
        "Operating Income": 13,
        "EBIT": 15,
        "Net Income": 9
    },
    "2019-06-30": {
        "Diluted EPS": -0.53,
        "Total Revenue": 123,
        "Gross Profit": 31,
        "Operating Income": -12,
        "EBIT": -9,
        "Net Income": -10
    },
    "2019-03-31": {
        "Diluted EPS": 0.68,
        "Total Revenue": 128,
        "Gross Profit": 31,
        "Operating Income": 18,
        "EBIT": 21,
        "Net Income": 13
    },
    "2018-12-31": {
        "Diluted EPS": 0.54,
        "Total Revenue": 122,
        "Gross Profit": 27,
        "Operating Income": 15,
        "EBIT": 17,
        "Net Income": 10
    },
    "2018-09-30": {
        "Diluted EPS": 0.45,
        "Total Revenue": 94,
        "Gross Profit": 23,
        "Operating Income": 12,
        "EBIT": 13,
        "Net Income": 8
    },
    "2018-06-30": {
        "Diluted EPS": 0.7,
        "Total Revenue": 95,
        "Gross Profit": 28,
        "Operating Income": 19,
        "EBIT": 20,
        "Net Income": 13
    },
    "2018-03-31": {
        "Diluted EPS": 0.61,
        "Total Revenue": 94,
        "Gross Profit": 24,
        "Operating Income": 15,
        "EBIT": 17,
        "Net Income": 11
    },
    "2017-12-31": {
        "Diluted EPS": 0.43,
        "Total Revenue": 78,
        "Gross Profit": 20,
        "Operating Income": 11,
        "EBIT": 12,
        "Net Income": 8
    },
    "2017-09-30": {
        "Diluted EPS": 0.38,
        "Total Revenue": 65,
        "Gross Profit": 18,
        "Operating Income": 11,
        "EBIT": 12,
        "Net Income": 7
    },
    "2017-06-30": {
        "Diluted EPS": 0.33,
        "Total Revenue": 58,
        "Gross Profit": 16,
        "Operating Income": 11,
        "EBIT": 11,
        "Net Income": 6
    },
    "2017-03-31": {
        "Diluted EPS": 0.12,
        "Total Revenue": 58,
        "Gross Profit": 15,
        "Operating Income": 4,
        "EBIT": 5,
        "Net Income": 2
    },
    "2016-12-31": {
        "Diluted EPS": 0.22,
        "Total Revenue": 51,
        "Gross Profit": 14,
        "Operating Income": 7,
        "EBIT": 8,
        "Net Income": 4
    },
    "2016-09-30": {
        "Diluted EPS": 0.38,
        "Total Revenue": 61,
        "Gross Profit": 18,
        "Operating Income": 12,
        "EBIT": 13,
        "Net Income": 7
    },
    "2016-06-30": {
        "Diluted EPS": 0.28,
        "Total Revenue": 53,
        "Gross Profit": 14,
        "Operating Income": 8,
        "EBIT": 9,
        "Net Income": 5
    },
    "2016-03-31": {
        "Diluted EPS": 0.26,
        "Total Revenue": 57,
        "Gross Profit": 16,
        "Operating Income": 8,
        "EBIT": 8,
        "Net Income": 5
    },
    "2015-12-31": {
        "Diluted EPS": 0.1,
        "Total Revenue": 55,
        "Gross Profit": 15,
        "Operating Income": 3,
        "EBIT": 4,
        "Net Income": 2
    },
    "2015-09-30": {
        "Diluted EPS": -0.08,
        "Total Revenue": 56,
        "Gross Profit": 16,
        "Operating Income": 4,
        "EBIT": 5,
        "Net Income": -1
    },
    "2015-06-30": {
        "Diluted EPS": 0.21,
        "Total Revenue": 55,
        "Gross Profit": 13,
        "Operating Income": 7,
        "EBIT": 8,
        "Net Income": 3
    },
    "2015-03-31": {
        "Diluted EPS": 0.01,
        "Total Revenue": 54,
        "Gross Profit": 13,
        "Operating Income": 1,
        "EBIT": 2,
        "Net Income": 0
    },
    "2014-12-31": {
        "Diluted EPS": 0.13,
        "Total Revenue": 53,
        "Gross Profit": 13,
        "Operating Income": 8,
        "EBIT": 9,
        "Net Income": 1
    },
    "2014-09-30": {
        "Diluted EPS": 0.12,
        "Total Revenue": 52,
        "Gross Profit": 13,
        "Operating Income": 8,
        "EBIT": 9,
        "Net Income": 1
    },
    "2014-06-30": {
        "Diluted EPS": 0.0,
        "Total Revenue": NaN,
        "Gross Profit": NaN,
        "Operating Income": NaN,
        "EBIT": NaN,
        "Net Income": NaN
    },
    "2013-06-30": {
        "Diluted EPS": 0.0,
        "Total Revenue": NaN,
        "Gross Profit": NaN,
        "Operating Income": NaN,
        "EBIT": NaN,
        "Net Income": NaN
    },
    "2023-06-30": {
        "Tax Effect Of Unusual Items": NaN,
        "Tax Rate For Calcs": NaN,
        "Normalized EBITDA": NaN,
        "Total Unusual Items": 0.0,
        "Total Unusual Items Excluding Goodwill": 0.0,
        "Net Income From Continuing Operation Net Minority Interest": NaN,
        "Reconciled Depreciation": NaN,
        "Reconciled Cost Of Revenue": NaN,
        "EBITDA": NaN,
        "EBIT": NaN,
        "Net Interest Income": NaN,
        "Interest Expense": NaN,
        "Interest Income": NaN,
        "Normalized Income": NaN,
        "Net Income From Continuing And Discontinued Operation": NaN,
        "Total Expenses": NaN,
        "Total Operating Income As Reported": NaN,
        "Diluted Average Shares": NaN,
        "Basic Average Shares": NaN,
        "Diluted EPS": NaN,
        "Basic EPS": NaN,
        "Diluted NI Availto Com Stockholders": NaN,
        "Net Income Common Stockholders": NaN,
        "Net Income": NaN,
        "Net Income Including Noncontrolling Interests": NaN,
        "Net Income Discontinuous Operations": NaN,
        "Net Income Continuous Operations": NaN,
        "Tax Provision": NaN,
        "Pretax Income": NaN,
        "Special Income Charges": 0.0,
        "Impairment Of Capital Assets": 0.0,
        "Net Non Operating Interest Income Expense": NaN,
        "Interest Expense Non Operating": NaN,
        "Interest Income Non Operating": NaN,
        "Operating Income": NaN,
        "Operating Expense": NaN,
        "Depreciation Amortization Depletion Income Statement": NaN,
        "Depreciation And Amortization In Income Statement": NaN,
        "Amortization": NaN,
        "Amortization Of Intangibles Income Statement": NaN,
        "Selling General And Administration": NaN,
        "Selling And Marketing Expense": NaN,
        "General And Administrative Expense": NaN,
        "Other Gand A": NaN,
        "Gross Profit": NaN,
        "Cost Of Revenue": NaN,
        "Total Revenue": NaN,
        "Operating Revenue": NaN
    },
    "2023-09-30": {
        "Tax Effect Of Unusual Items": 0.0,
        "Tax Rate For Calcs": 0.226,
        "Normalized EBITDA": 14014000.0,
        "Total Unusual Items": NaN,
        "Total Unusual Items Excluding Goodwill": NaN,
        "Net Income From Continuing Operation Net Minority Interest": 8531000.0,
        "Reconciled Depreciation": 2109000.0,
        "Reconciled Cost Of Revenue": 70183000.0,
        "EBITDA": 14014000.0,
        "EBIT": 11905000.0,
        "Net Interest Income": 474000.0,
        "Interest Expense": 878000.0,
        "Interest Income": 1352000.0,
        "Normalized Income": 8531000.0,
        "Net Income From Continuing And Discontinued Operation": 6195000.0,
        "Total Expenses": 83752000.0,
        "Total Operating Income As Reported": 10553000.0,
        "Diluted Average Shares": 17224608.0,
        "Basic Average Shares": 17156283.0,
        "Diluted EPS": 0.36,
        "Basic EPS": 0.36,
        "Diluted NI Availto Com Stockholders": 6195000.0,
        "Net Income Common Stockholders": 6195000.0,
        "Net Income": 6195000.0,
        "Net Income Including Noncontrolling Interests": 6195000.0,
        "Net Income Discontinuous Operations": -2336000.0,
        "Net Income Continuous Operations": 8531000.0,
        "Tax Provision": 2496000.0,
        "Pretax Income": 11027000.0,
        "Special Income Charges": NaN,
        "Impairment Of Capital Assets": NaN,
        "Net Non Operating Interest Income Expense": 474000.0,
        "Interest Expense Non Operating": 878000.0,
        "Interest Income Non Operating": 1352000.0,
        "Operating Income": 10553000.0,
        "Operating Expense": 11922000.0,
        "Depreciation Amortization Depletion Income Statement": 462000.0,
        "Depreciation And Amortization In Income Statement": 462000.0,
        "Amortization": 462000.0,
        "Amortization Of Intangibles Income Statement": 462000.0,
        "Selling General And Administration": 11460000.0,
        "Selling And Marketing Expense": 3084000.0,
        "General And Administrative Expense": 8376000.0,
        "Other Gand A": 8376000.0,
        "Gross Profit": 22475000.0,
        "Cost Of Revenue": 71830000.0,
        "Total Revenue": 94305000.0,
        "Operating Revenue": 94305000.0
    },
    "2023-12-31": {
        "Tax Effect Of Unusual Items": 0.0,
        "Tax Rate For Calcs": 0.233486,
        "Normalized EBITDA": 14276000.0,
        "Net Income From Continuing Operation Net Minority Interest": 8680000.0,
        "Reconciled Depreciation": 2098000.0,
        "Reconciled Cost Of Revenue": 67164000.0,
        "EBITDA": 14276000.0,
        "EBIT": 12178000.0,
        "Net Interest Income": 561000.0,
        "Interest Expense": 854000.0,
        "Interest Income": 1415000.0,
        "Normalized Income": 8680000.0,
        "Net Income From Continuing And Discontinued Operation": 5886000.0,
        "Total Expenses": 78987000.0,
        "Total Operating Income As Reported": 10763000.0,
        "Diluted Average Shares": 17091633.0,
        "Basic Average Shares": 17010116.0,
        "Diluted EPS": 0.34,
        "Basic EPS": 0.35,
        "Diluted NI Availto Com Stockholders": 5886000.0,
        "Net Income Common Stockholders": 5886000.0,
        "Net Income": 5886000.0,
        "Net Income Including Noncontrolling Interests": 5886000.0,
        "Net Income Discontinuous Operations": -2794000.0,
        "Net Income Continuous Operations": 8680000.0,
        "Tax Provision": 2644000.0,
        "Pretax Income": 11324000.0,
        "Net Non Operating Interest Income Expense": 561000.0,
        "Interest Expense Non Operating": 854000.0,
        "Interest Income Non Operating": 1415000.0,
        "Operating Income": 10763000.0,
        "Operating Expense": 10175000.0,
        "Depreciation Amortization Depletion Income Statement": 450000.0,
        "Depreciation And Amortization In Income Statement": 450000.0,
        "Amortization": 450000.0,
        "Amortization Of Intangibles Income Statement": 450000.0,
        "Selling General And Administration": 9725000.0,
        "Selling And Marketing Expense": 2500000.0,
        "General And Administrative Expense": 7225000.0,
        "Other Gand A": 7225000.0,
        "Gross Profit": 20938000.0,
        "Cost Of Revenue": 68812000.0,
        "Total Revenue": 89750000.0,
        "Operating Revenue": 89235000.0
    },
    "2024-03-31": {
        "Tax Effect Of Unusual Items": NaN,
        "Tax Rate For Calcs": NaN,
        "Normalized EBITDA": NaN,
        "Net Income From Continuing Operation Net Minority Interest": NaN,
        "Reconciled Depreciation": NaN,
        "Reconciled Cost Of Revenue": NaN,
        "EBITDA": NaN,
        "EBIT": NaN,
        "Net Interest Income": NaN,
        "Interest Expense": NaN,
        "Interest Income": NaN,
        "Normalized Income": NaN,
        "Net Income From Continuing And Discontinued Operation": NaN,
        "Total Expenses": NaN,
        "Total Operating Income As Reported": NaN,
        "Diluted Average Shares": 16965624.0,
        "Basic Average Shares": 16844440.0,
        "Diluted EPS": 0.22,
        "Basic EPS": 0.22,
        "Diluted NI Availto Com Stockholders": NaN,
        "Net Income Common Stockholders": NaN,
        "Net Income": NaN,
        "Net Income Including Noncontrolling Interests": NaN,
        "Net Income Discontinuous Operations": NaN,
        "Net Income Continuous Operations": NaN,
        "Tax Provision": NaN,
        "Pretax Income": NaN,
        "Net Non Operating Interest Income Expense": NaN,
        "Interest Expense Non Operating": NaN,
        "Interest Income Non Operating": NaN,
        "Operating Income": NaN,
        "Operating Expense": NaN,
        "Depreciation Amortization Depletion Income Statement": NaN,
        "Depreciation And Amortization In Income Statement": NaN,
        "Amortization": NaN,
        "Amortization Of Intangibles Income Statement": NaN,
        "Selling General And Administration": NaN,
        "Selling And Marketing Expense": NaN,
        "General And Administrative Expense": NaN,
        "Other Gand A": NaN,
        "Gross Profit": NaN,
        "Cost Of Revenue": NaN,
        "Total Revenue": NaN,
        "Operating Revenue": NaN
    },
    "2024-06-30": {
        "Tax Effect Of Unusual Items": 0.0,
        "Tax Rate For Calcs": 0.270166,
        "Normalized EBITDA": -7455000.0,
        "Net Income From Continuing Operation Net Minority Interest": -8107000.0,
        "Reconciled Depreciation": 2855000.0,
        "Reconciled Cost Of Revenue": 56593000.0,
        "EBITDA": -7455000.0,
        "EBIT": -10310000.0,
        "Net Interest Income": 827000.0,
        "Interest Expense": 798000.0,
        "Interest Income": 1625000.0,
        "Normalized Income": -8107000.0,
        "Net Income From Continuing And Discontinued Operation": -8036000.0,
        "Total Expenses": 69290000.0,
        "Total Operating Income As Reported": -11935000.0,
        "Diluted Average Shares": 16710544.0,
        "Basic Average Shares": 16710544.0,
        "Diluted EPS": -0.48,
        "Basic EPS": -0.48,
        "Diluted NI Availto Com Stockholders": -8036000.0,
        "Net Income Common Stockholders": -8036000.0,
        "Net Income": -8036000.0,
        "Net Income Including Noncontrolling Interests": -8036000.0,
        "Net Income Discontinuous Operations": 71000.0,
        "Net Income Continuous Operations": -8107000.0,
        "Tax Provision": -3001000.0,
        "Pretax Income": -11108000.0,
        "Net Non Operating Interest Income Expense": 827000.0,
        "Interest Expense Non Operating": 798000.0,
        "Interest Income Non Operating": 1625000.0,
        "Operating Income": -2108000.0,
        "Operating Expense": 10292000.0,
        "Depreciation Amortization Depletion Income Statement": 450000.0,
        "Depreciation And Amortization In Income Statement": 450000.0,
        "Amortization": 450000.0,
        "Amortization Of Intangibles Income Statement": 450000.0,
        "Selling General And Administration": 9842000.0,
        "Selling And Marketing Expense": 2892000.0,
        "General And Administrative Expense": 6950000.0,
        "Other Gand A": 6950000.0,
        "Gross Profit": 8184000.0,
        "Cost Of Revenue": 58998000.0,
        "Total Revenue": 67182000.0,
        "Operating Revenue": 63435000.0
    },
    "2024-09-30": {
        "Tax Effect Of Unusual Items": 0.0,
        "Tax Rate For Calcs": 0.16,
        "Normalized EBITDA": 4270000.0,
        "Net Income From Continuing Operation Net Minority Interest": 1016000.0,
        "Reconciled Depreciation": 2074000.0,
        "Reconciled Cost Of Revenue": 51937000.0,
        "EBITDA": 4270000.0,
        "EBIT": 2196000.0,
        "Net Interest Income": 205000.0,
        "Interest Expense": 987000.0,
        "Interest Income": 1192000.0,
        "Normalized Income": 1016000.0,
        "Net Income From Continuing And Discontinued Operation": -5145000.0,
        "Total Expenses": 64355000.0,
        "Total Operating Income As Reported": 1004000.0,
        "Diluted Average Shares": 16544941.0,
        "Basic Average Shares": 16544941.0,
        "Diluted EPS": -0.31,
        "Basic EPS": -0.31,
        "Diluted NI Availto Com Stockholders": -5145000.0,
        "Net Income Common Stockholders": -5145000.0,
        "Net Income": -5145000.0,
        "Net Income Including Noncontrolling Interests": -5145000.0,
        "Net Income Discontinuous Operations": -6161000.0,
        "Net Income Continuous Operations": 1016000.0,
        "Tax Provision": 193000.0,
        "Pretax Income": 1209000.0,
        "Net Non Operating Interest Income Expense": 205000.0,
        "Interest Expense Non Operating": 987000.0,
        "Interest Income Non Operating": 1192000.0,
        "Operating Income": 1004000.0,
        "Operating Expense": 10794000.0,
        "Depreciation Amortization Depletion Income Statement": 450000.0,
        "Depreciation And Amortization In Income Statement": 450000.0,
        "Amortization": 450000.0,
        "Amortization Of Intangibles Income Statement": 450000.0,
        "Selling General And Administration": 10344000.0,
        "Selling And Marketing Expense": 2874000.0,
        "General And Administrative Expense": 7470000.0,
        "Other Gand A": 7470000.0,
        "Gross Profit": 11798000.0,
        "Cost Of Revenue": 53561000.0,
        "Total Revenue": 65359000.0,
        "Operating Revenue": 65359000.0
    },
    "2024-12-31": {
        "Tax Effect Of Unusual Items": 0.0,
        "Tax Rate For Calcs": 0.392,
        "Normalized EBITDA": 3265000.0,
        "Net Income From Continuing Operation Net Minority Interest": 426000.0,
        "Reconciled Depreciation": 2382000.0,
        "Reconciled Cost Of Revenue": 50544000.0,
        "EBITDA": 3265000.0,
        "EBIT": 883000.0,
        "Net Interest Income": 515000.0,
        "Interest Expense": 182000.0,
        "Interest Income": 697000.0,
        "Normalized Income": 426000.0,
        "Net Income From Continuing And Discontinued Operation": 2748000.0,
        "Total Expenses": 63182000.0,
        "Total Operating Income As Reported": 186000.0,
        "Diluted Average Shares": 16543502.0,
        "Basic Average Shares": 16454776.0,
        "Diluted EPS": 0.17,
        "Basic EPS": 0.17,
        "Diluted NI Availto Com Stockholders": 2748000.0,
        "Net Income Common Stockholders": 2748000.0,
        "Net Income": 2748000.0,
        "Net Income Including Noncontrolling Interests": 2748000.0,
        "Net Income Discontinuous Operations": 2322000.0,
        "Net Income Continuous Operations": 426000.0,
        "Tax Provision": 275000.0,
        "Pretax Income": 701000.0,
        "Net Non Operating Interest Income Expense": 515000.0,
        "Interest Expense Non Operating": 182000.0,
        "Interest Income Non Operating": 697000.0,
        "Operating Income": 186000.0,
        "Operating Expense": 10706000.0,
        "Depreciation Amortization Depletion Income Statement": 450000.0,
        "Depreciation And Amortization In Income Statement": 450000.0,
        "Amortization": 450000.0,
        "Amortization Of Intangibles Income Statement": 450000.0,
        "Selling General And Administration": 10256000.0,
        "Selling And Marketing Expense": 2824000.0,
        "General And Administrative Expense": 7432000.0,
        "Other Gand A": 7432000.0,
        "Gross Profit": 10892000.0,
        "Cost Of Revenue": 52476000.0,
        "Total Revenue": 63368000.0,
        "Operating Revenue": 62667000.0
    },
    "2025-03-31": {
        "Tax Effect Of Unusual Items": 0.0,
        "Tax Rate For Calcs": 0.216,
        "Normalized EBITDA": 7442000.0,
        "Net Income From Continuing Operation Net Minority Interest": 3821000.0,
        "Reconciled Depreciation": 2568000.0,
        "Reconciled Cost Of Revenue": 58077000.0,
        "EBITDA": 7442000.0,
        "EBIT": 4874000.0,
        "Net Interest Income": 760000.0,
        "Interest Expense": 0.0,
        "Interest Income": 760000.0,
        "Normalized Income": 3821000.0,
        "Net Income From Continuing And Discontinued Operation": 3743000.0,
        "Total Expenses": 71846000.0,
        "Total Operating Income As Reported": 4114000.0,
        "Diluted Average Shares": 16540345.0,
        "Basic Average Shares": 16414340.0,
        "Diluted EPS": 0.23,
        "Basic EPS": 0.23,
        "Diluted NI Availto Com Stockholders": 3743000.0,
        "Net Income Common Stockholders": 3743000.0,
        "Net Income": 3743000.0,
        "Net Income Including Noncontrolling Interests": 3743000.0,
        "Net Income Discontinuous Operations": -78000.0,
        "Net Income Continuous Operations": 3821000.0,
        "Tax Provision": 1053000.0,
        "Pretax Income": 4874000.0,
        "Net Non Operating Interest Income Expense": 760000.0,
        "Interest Expense Non Operating": 0.0,
        "Interest Income Non Operating": 760000.0,
        "Operating Income": 4114000.0,
        "Operating Expense": 11651000.0,
        "Depreciation Amortization Depletion Income Statement": 450000.0,
        "Depreciation And Amortization In Income Statement": 450000.0,
        "Amortization": 450000.0,
        "Amortization Of Intangibles Income Statement": 450000.0,
        "Selling General And Administration": 11201000.0,
        "Selling And Marketing Expense": 2845000.0,
        "General And Administrative Expense": 8356000.0,
        "Other Gand A": 8356000.0,
        "Gross Profit": 15765000.0,
        "Cost Of Revenue": 60195000.0,
        "Total Revenue": 75960000.0,
        "Operating Revenue": 75960000.0
    },
    "2025-06-30": {
        "Tax Effect Of Unusual Items": 0.0,
        "Tax Rate For Calcs": 0.192416,
        "Normalized EBITDA": 9306000.0,
        "Net Income From Continuing Operation Net Minority Interest": 5452000.0,
        "Reconciled Depreciation": 2555000.0,
        "Reconciled Cost Of Revenue": 59001000.0,
        "EBITDA": 9306000.0,
        "EBIT": 6751000.0,
        "Net Interest Income": 823000.0,
        "Interest Expense": 0.0,
        "Interest Income": 823000.0,
        "Normalized Income": 5452000.0,
        "Net Income From Continuing And Discontinued Operation": 5697000.0,
        "Total Expenses": 73588000.0,
        "Total Operating Income As Reported": 5928000.0,
        "Diluted Average Shares": 16440388.0,
        "Basic Average Shares": 16299885.0,
        "Diluted EPS": 0.35,
        "Basic EPS": 0.35,
        "Diluted NI Availto Com Stockholders": 5697000.0,
        "Net Income Common Stockholders": 5697000.0,
        "Net Income": 5697000.0,
        "Net Income Including Noncontrolling Interests": 5697000.0,
        "Net Income Discontinuous Operations": 245000.0,
        "Net Income Continuous Operations": 5452000.0,
        "Tax Provision": 1299000.0,
        "Pretax Income": 6751000.0,
        "Net Non Operating Interest Income Expense": 823000.0,
        "Interest Expense Non Operating": 0.0,
        "Interest Income Non Operating": 823000.0,
        "Operating Income": 5928000.0,
        "Operating Expense": 12482000.0,
        "Depreciation Amortization Depletion Income Statement": 450000.0,
        "Depreciation And Amortization In Income Statement": 450000.0,
        "Amortization": 450000.0,
        "Amortization Of Intangibles Income Statement": 450000.0,
        "Selling General And Administration": 12032000.0,
        "Selling And Marketing Expense": 3197000.0,
        "General And Administrative Expense": 8835000.0,
        "Other Gand A": 8835000.0,
        "Gross Profit": 18410000.0,
        "Cost Of Revenue": 61106000.0,
        "Total Revenue": 79516000.0,
        "Operating Revenue": 75745000.0
    },
    "2025-09-30": {
        "Tax Effect Of Unusual Items": 0.0,
        "Tax Rate For Calcs": 0.196,
        "Normalized EBITDA": 6586000.0,
        "Net Income From Continuing Operation Net Minority Interest": 3656000.0,
        "Reconciled Depreciation": 2038000.0,
        "Reconciled Cost Of Revenue": 52018000.0,
        "EBITDA": 6586000.0,
        "EBIT": 4548000.0,
        "Net Interest Income": 769000.0,
        "Interest Expense": 1000.0,
        "Interest Income": 770000.0,
        "Normalized Income": 3656000.0,
        "Net Income From Continuing And Discontinued Operation": 3636000.0,
        "Total Expenses": 65224000.0,
        "Total Operating Income As Reported": 3778000.0,
        "Diluted Average Shares": 16255397.0,
        "Basic Average Shares": 16177634.0,
        "Diluted EPS": 0.22,
        "Basic EPS": 0.22,
        "Diluted NI Availto Com Stockholders": 3636000.0,
        "Net Income Common Stockholders": 3636000.0,
        "Net Income": 3636000.0,
        "Net Income Including Noncontrolling Interests": 3636000.0,
        "Net Income Discontinuous Operations": -20000.0,
        "Net Income Continuous Operations": 3656000.0,
        "Tax Provision": 891000.0,
        "Pretax Income": 4547000.0,
        "Net Non Operating Interest Income Expense": 769000.0,
        "Interest Expense Non Operating": 1000.0,
        "Interest Income Non Operating": 770000.0,
        "Operating Income": 3778000.0,
        "Operating Expense": 11618000.0,
        "Depreciation Amortization Depletion Income Statement": 450000.0,
        "Depreciation And Amortization In Income Statement": 450000.0,
        "Amortization": 450000.0,
        "Amortization Of Intangibles Income Statement": 450000.0,
        "Selling General And Administration": 11168000.0,
        "Selling And Marketing Expense": 2907000.0,
        "General And Administrative Expense": 8261000.0,
        "Other Gand A": 8261000.0,
        "Gross Profit": 15396000.0,
        "Cost Of Revenue": 53606000.0,
        "Total Revenue": 69002000.0,
        "Operating Revenue": 69002000.0
    }
}