{
    "2023-03-31": {
        "Tax Effect Of Unusual Items": NaN,
        "Tax Rate For Calcs": NaN,
        "Normalized EBITDA": NaN,
        "Total Unusual Items": NaN,
        "Total Unusual Items Excluding Goodwill": NaN,
        "Net Income From Continuing Operation Net Minority Interest": NaN,
        "Reconciled Depreciation": NaN,
        "Reconciled Cost Of Revenue": NaN,
        "EBITDA": NaN,
        "EBIT": NaN,
        "Net Interest Income": NaN,
        "Interest Expense": NaN,
        "Interest Income": NaN,
        "Normalized Income": NaN,
        "Net Income From Continuing And Discontinued Operation": NaN,
        "Total Expenses": NaN,
        "Total Operating Income As Reported": NaN,
        "Diluted Average Shares": NaN,
        "Basic Average Shares": NaN,
        "Diluted EPS": NaN,
        "Basic EPS": NaN,
        "Diluted NI Availto Com Stockholders": NaN,
        "Net Income Common Stockholders": NaN,
        "Net Income": NaN,
        "Net Income Including Noncontrolling Interests": NaN,
        "Net Income Continuous Operations": NaN,
        "Tax Provision": NaN,
        "Pretax Income": NaN,
        "Other Income Expense": NaN,
        "Other Non Operating Income Expenses": 300000.0,
        "Special Income Charges": NaN,
        "Other Special Charges": NaN,
        "Net Non Operating Interest Income Expense": NaN,
        "Total Other Finance Cost": NaN,
        "Interest Expense Non Operating": NaN,
        "Interest Income Non Operating": NaN,
        "Operating Income": NaN,
        "Operating Expense": NaN,
        "Depreciation Amortization Depletion Income Statement": NaN,
        "Depreciation And Amortization In Income Statement": NaN,
        "Amortization": NaN,
        "Amortization Of Intangibles Income Statement": NaN,
        "Research And Development": NaN,
        "Selling General And Administration": NaN,
        "Gross Profit": NaN,
        "Cost Of Revenue": NaN,
        "Total Revenue": NaN,
        "Operating Revenue": NaN
    },
    "2022-12-31": {
        "Tax Effect Of Unusual Items": NaN,
        "Tax Rate For Calcs": NaN,
        "Normalized EBITDA": NaN,
        "Total Unusual Items": NaN,
        "Total Unusual Items Excluding Goodwill": NaN,
        "Net Income From Continuing Operation Net Minority Interest": NaN,
        "Reconciled Depreciation": NaN,
        "Reconciled Cost Of Revenue": NaN,
        "EBITDA": NaN,
        "EBIT": NaN,
        "Net Interest Income": NaN,
        "Interest Expense": NaN,
        "Interest Income": NaN,
        "Normalized Income": NaN,
        "Net Income From Continuing And Discontinued Operation": NaN,
        "Total Expenses": NaN,
        "Total Operating Income As Reported": NaN,
        "Diluted Average Shares": NaN,
        "Basic Average Shares": NaN,
        "Diluted EPS": NaN,
        "Basic EPS": NaN,
        "Diluted NI Availto Com Stockholders": NaN,
        "Net Income Common Stockholders": NaN,
        "Net Income": NaN,
        "Net Income Including Noncontrolling Interests": NaN,
        "Net Income Continuous Operations": NaN,
        "Tax Provision": NaN,
        "Pretax Income": NaN,
        "Other Income Expense": NaN,
        "Other Non Operating Income Expenses": 2600000.0,
        "Special Income Charges": NaN,
        "Other Special Charges": NaN,
        "Net Non Operating Interest Income Expense": NaN,
        "Total Other Finance Cost": NaN,
        "Interest Expense Non Operating": NaN,
        "Interest Income Non Operating": NaN,
        "Operating Income": NaN,
        "Operating Expense": NaN,
        "Depreciation Amortization Depletion Income Statement": NaN,
        "Depreciation And Amortization In Income Statement": NaN,
        "Amortization": NaN,
        "Amortization Of Intangibles Income Statement": NaN,
        "Research And Development": NaN,
        "Selling General And Administration": NaN,
        "Gross Profit": NaN,
        "Cost Of Revenue": NaN,
        "Total Revenue": NaN,
        "Operating Revenue": NaN
    },
    "2022-09-30": {
        "Tax Effect Of Unusual Items": NaN,
        "Tax Rate For Calcs": NaN,
        "Normalized EBITDA": NaN,
        "Total Unusual Items": NaN,
        "Total Unusual Items Excluding Goodwill": NaN,
        "Net Income From Continuing Operation Net Minority Interest": NaN,
        "Reconciled Depreciation": NaN,
        "Reconciled Cost Of Revenue": NaN,
        "EBITDA": NaN,
        "EBIT": NaN,
        "Net Interest Income": NaN,
        "Interest Expense": NaN,
        "Interest Income": NaN,
        "Normalized Income": NaN,
        "Net Income From Continuing And Discontinued Operation": NaN,
        "Total Expenses": NaN,
        "Total Operating Income As Reported": NaN,
        "Diluted Average Shares": NaN,
        "Basic Average Shares": NaN,
        "Diluted EPS": NaN,
        "Basic EPS": NaN,
        "Diluted NI Availto Com Stockholders": NaN,
        "Net Income Common Stockholders": NaN,
        "Net Income": NaN,
        "Net Income Including Noncontrolling Interests": NaN,
        "Net Income Continuous Operations": NaN,
        "Tax Provision": NaN,
        "Pretax Income": NaN,
        "Other Income Expense": NaN,
        "Other Non Operating Income Expenses": -800000.0,
        "Special Income Charges": NaN,
        "Other Special Charges": NaN,
        "Net Non Operating Interest Income Expense": NaN,
        "Total Other Finance Cost": NaN,
        "Interest Expense Non Operating": NaN,
        "Interest Income Non Operating": NaN,
        "Operating Income": NaN,
        "Operating Expense": NaN,
        "Depreciation Amortization Depletion Income Statement": NaN,
        "Depreciation And Amortization In Income Statement": NaN,
        "Amortization": NaN,
        "Amortization Of Intangibles Income Statement": NaN,
        "Research And Development": NaN,
        "Selling General And Administration": NaN,
        "Gross Profit": NaN,
        "Cost Of Revenue": NaN,
        "Total Revenue": NaN,
        "Operating Revenue": NaN
    },
    "2022-06-30": {
        "Tax Effect Of Unusual Items": 2306804.82524,
        "Tax Rate For Calcs": 0.215589,
        "Normalized EBITDA": 943300000.0,
        "Total Unusual Items": 10700000.0,
        "Total Unusual Items Excluding Goodwill": 10700000.0,
        "Net Income From Continuing Operation Net Minority Interest": 507200000.0,
        "Reconciled Depreciation": 259400000.0,
        "Reconciled Cost Of Revenue": 561900000.0,
        "EBITDA": 954000000.0,
        "EBIT": 694600000.0,
        "Net Interest Income": -50200000.0,
        "Interest Expense": 48000000.0,
        "Interest Income": 100000.0,
        "Normalized Income": 498806804.82524,
        "Net Income From Continuing And Discontinued Operation": 507200000.0,
        "Total Expenses": 1279200000.0,
        "Total Operating Income As Reported": 701300000.0,
        "Diluted Average Shares": 561500000.0,
        "Basic Average Shares": 553800000.0,
        "Diluted EPS": 0.9,
        "Basic EPS": 0.92,
        "Diluted NI Availto Com Stockholders": 507200000.0,
        "Net Income Common Stockholders": 507200000.0,
        "Net Income": 507200000.0,
        "Net Income Including Noncontrolling Interests": 507200000.0,
        "Net Income Continuous Operations": 507200000.0,
        "Tax Provision": 139400000.0,
        "Pretax Income": 646600000.0,
        "Other Income Expense": 12400000.0,
        "Other Non Operating Income Expenses": 1700000.0,
        "Special Income Charges": 10700000.0,
        "Other Special Charges": -10700000.0,
        "Net Non Operating Interest Income Expense": -50200000.0,
        "Total Other Finance Cost": 2300000.0,
        "Interest Expense Non Operating": 48000000.0,
        "Interest Income Non Operating": 100000.0,
        "Operating Income": 684400000.0,
        "Operating Expense": 625500000.0,
        "Depreciation Amortization Depletion Income Statement": 167600000.0,
        "Depreciation And Amortization In Income Statement": 167600000.0,
        "Amortization": 167600000.0,
        "Amortization Of Intangibles Income Statement": 167600000.0,
        "Research And Development": 269000000.0,
        "Selling General And Administration": 188900000.0,
        "Gross Profit": 1309900000.0,
        "Cost Of Revenue": 653700000.0,
        "Total Revenue": 1963600000.0,
        "Operating Revenue": 1963600000.0
    },
    "2023-06-30": {
        "Tax Effect Of Unusual Items": -2315831.663327,
        "Tax Rate For Calcs": 0.214429,
        "Normalized EBITDA": 1127000000.0,
        "Total Unusual Items": -10800000.0,
        "Total Unusual Items Excluding Goodwill": -10800000.0,
        "Net Income From Continuing Operation Net Minority Interest": 666400000.0,
        "Reconciled Depreciation": 222900000.0,
        "Reconciled Cost Of Revenue": 658800000.0,
        "EBITDA": 1116200000.0,
        "EBIT": 893300000.0,
        "Net Interest Income": -45700000.0,
        "Interest Expense": 45000000.0,
        "Interest Income": 1500000.0,
        "Normalized Income": 674884168.336673,
        "Net Income From Continuing And Discontinued Operation": 666400000.0,
        "Total Expenses": 1383800000.0,
        "Total Operating Income As Reported": 903100000.0,
        "Diluted Average Shares": 551400000.0,
        "Basic Average Shares": 545100000.0,
        "Diluted EPS": 1.21,
        "Basic EPS": 1.22,
        "Diluted NI Availto Com Stockholders": 666400000.0,
        "Net Income Common Stockholders": 666400000.0,
        "Net Income": 666400000.0,
        "Net Income Including Noncontrolling Interests": 666400000.0,
        "Net Income Continuous Operations": 666400000.0,
        "Tax Provision": 181900000.0,
        "Pretax Income": 848300000.0,
        "Other Income Expense": -10800000.0,
        "Other Non Operating Income Expenses": NaN,
        "Special Income Charges": -10800000.0,
        "Other Special Charges": 10800000.0,
        "Net Non Operating Interest Income Expense": -45700000.0,
        "Total Other Finance Cost": 2200000.0,
        "Interest Expense Non Operating": 45000000.0,
        "Interest Income Non Operating": 1500000.0,
        "Operating Income": 904800000.0,
        "Operating Expense": 653600000.0,
        "Depreciation Amortization Depletion Income Statement": 151500000.0,
        "Depreciation And Amortization In Income Statement": 151500000.0,
        "Amortization": 151500000.0,
        "Amortization Of Intangibles Income Statement": 151500000.0,
        "Research And Development": 298500000.0,
        "Selling General And Administration": 203600000.0,
        "Gross Profit": 1558400000.0,
        "Cost Of Revenue": 730200000.0,
        "Total Revenue": 2288600000.0,
        "Operating Revenue": 2288600000.0
    },
    "2022-03-31": {
        "Diluted EPS": 0.77,
        "Total Revenue": NaN,
        "Gross Profit": NaN,
        "Operating Income": 550,
        "EBIT": 855,
        "Net Income": 438
    },
    "2021-12-31": {
        "Diluted EPS": 0.62,
        "Total Revenue": NaN,
        "Gross Profit": NaN,
        "Operating Income": 515,
        "EBIT": 829,
        "Net Income": 353
    },
    "2021-09-30": {
        "Diluted EPS": 0.43,
        "Total Revenue": NaN,
        "Gross Profit": NaN,
        "Operating Income": 416,
        "EBIT": 708,
        "Net Income": 242
    },
    "2021-06-30": {
        "Diluted EPS": 0.45,
        "Total Revenue": NaN,
        "Gross Profit": NaN,
        "Operating Income": 369,
        "EBIT": 657,
        "Net Income": 253
    },
    "2021-03-31": {
        "Diluted EPS": 0.2,
        "Total Revenue": NaN,
        "Gross Profit": 927,
        "Operating Income": 308,
        "EBIT": 613,
        "Net Income": 116
    },
    "2020-12-31": {
        "Diluted EPS": 0.07,
        "Total Revenue": NaN,
        "Gross Profit": 846,
        "Operating Income": 246,
        "EBIT": 551,
        "Net Income": 36
    },
    "2020-09-30": {
        "Diluted EPS": 0.14,
        "Total Revenue": NaN,
        "Gross Profit": 808,
        "Operating Income": 226,
        "EBIT": 534,
        "Net Income": 74
    },
    "2020-06-30": {
        "Diluted EPS": 0.24,
        "Total Revenue": NaN,
        "Gross Profit": 798,
        "Operating Income": 218,
        "EBIT": 541,
        "Net Income": 124
    },
    "2020-03-31": {
        "Diluted EPS": 0.2,
        "Total Revenue": NaN,
        "Gross Profit": 814,
        "Operating Income": 161,
        "EBIT": 507,
        "Net Income": 100
    },
    "2019-12-31": {
        "Diluted EPS": 0.6,
        "Total Revenue": NaN,
        "Gross Profit": 786,
        "Operating Income": 131,
        "EBIT": 466,
        "Net Income": 311
    },
    "2019-09-30": {
        "Diluted EPS": 0.22,
        "Total Revenue": NaN,
        "Gross Profit": 828,
        "Operating Income": 184,
        "EBIT": 516,
        "Net Income": 109
    },
    "2019-06-30": {
        "Diluted EPS": 0.1,
        "Total Revenue": NaN,
        "Gross Profit": 815,
        "Operating Income": 172,
        "EBIT": 513,
        "Net Income": 51
    },
    "2019-03-31": {
        "Diluted EPS": 0.35,
        "Total Revenue": NaN,
        "Gross Profit": 820,
        "Operating Income": 285,
        "EBIT": 557,
        "Net Income": 175
    },
    "2018-12-31": {
        "Diluted EPS": 0.1,
        "Total Revenue": NaN,
        "Gross Profit": 780,
        "Operating Income": 195,
        "EBIT": 472,
        "Net Income": 49
    },
    "2018-09-30": {
        "Diluted EPS": 0.19,
        "Total Revenue": NaN,
        "Gross Profit": 689,
        "Operating Income": 103,
        "EBIT": 357,
        "Net Income": 96
    },
    "2018-06-30": {
        "Diluted EPS": 0.07,
        "Total Revenue": NaN,
        "Gross Profit": 642,
        "Operating Income": 132,
        "EBIT": 335,
        "Net Income": 36
    },
    "2018-03-31": {
        "Diluted EPS": 0.32,
        "Total Revenue": NaN,
        "Gross Profit": 615,
        "Operating Income": 244,
        "EBIT": 430,
        "Net Income": 147
    },
    "2017-12-31": {
        "Diluted EPS": -0.54,
        "Total Revenue": 994,
        "Gross Profit": 607,
        "Operating Income": 245,
        "EBIT": 428,
        "Net Income": -251
    },
    "2017-09-30": {
        "Diluted EPS": 0.39,
        "Total Revenue": NaN,
        "Gross Profit": 614,
        "Operating Income": 225,
        "EBIT": 406,
        "Net Income": 189
    },
    "2017-06-30": {
        "Diluted EPS": 0.35,
        "Total Revenue": 972,
        "Gross Profit": 584,
        "Operating Income": 222,
        "EBIT": 401,
        "Net Income": 171
    },
    "2017-03-31": {
        "Diluted EPS": 0.32,
        "Total Revenue": 903,
        "Gross Profit": 533,
        "Operating Income": 154,
        "EBIT": 303,
        "Net Income": 137
    },
    "2016-12-31": {
        "Diluted EPS": 0.23,
        "Total Revenue": 834,
        "Gross Profit": 465,
        "Operating Income": 118,
        "EBIT": 247,
        "Net Income": 107
    },
    "2016-09-30": {
        "Diluted EPS": 0.07,
        "Total Revenue": 871,
        "Gross Profit": 411,
        "Operating Income": 63,
        "EBIT": 189,
        "Net Income": 34
    },
    "2016-06-30": {
        "Diluted EPS": -0.27,
        "Total Revenue": 799,
        "Gross Profit": 348,
        "Operating Income": -59,
        "EBIT": 67,
        "Net Income": -113
    },
    "2016-03-31": {
        "Diluted EPS": 0.16,
        "Total Revenue": 558,
        "Gross Profit": 303,
        "Operating Income": 80,
        "EBIT": 170,
        "Net Income": 67
    },
    "2015-12-31": {
        "Diluted EPS": 0.14,
        "Total Revenue": 540,
        "Gross Profit": 293,
        "Operating Income": 76,
        "EBIT": 168,
        "Net Income": 61
    },
    "2015-09-30": {
        "Diluted EPS": 0.15,
        "Total Revenue": 541,
        "Gross Profit": 301,
        "Operating Income": 75,
        "EBIT": 161,
        "Net Income": 65
    },
    "2015-06-30": {
        "Diluted EPS": 0.3,
        "Total Revenue": 534,
        "Gross Profit": 309,
        "Operating Income": 121,
        "EBIT": 197,
        "Net Income": 131
    },
    "2015-03-31": {
        "Diluted EPS": 0.22,
        "Total Revenue": 543,
        "Gross Profit": 314,
        "Operating Income": 110,
        "EBIT": 194,
        "Net Income": 99
    },
    "2014-12-31": {
        "Diluted EPS": 0.2,
        "Total Revenue": 529,
        "Gross Profit": 302,
        "Operating Income": 98,
        "EBIT": 177,
        "Net Income": 86
    },
    "2014-09-30": {
        "Diluted EPS": 0.21,
        "Total Revenue": 546,
        "Gross Profit": 307,
        "Operating Income": 101,
        "EBIT": 178,
        "Net Income": 94
    },
    "2014-06-30": {
        "Diluted EPS": 0.2,
        "Total Revenue": 529,
        "Gross Profit": 307,
        "Operating Income": 116,
        "EBIT": 182,
        "Net Income": 90
    },
    "2014-03-31": {
        "Diluted EPS": 0.26,
        "Total Revenue": 493,
        "Gross Profit": 291,
        "Operating Income": 126,
        "EBIT": 177,
        "Net Income": 111
    },
    "2013-12-31": {
        "Diluted EPS": 0.24,
        "Total Revenue": 482,
        "Gross Profit": 283,
        "Operating Income": 117,
        "EBIT": 167,
        "Net Income": 105
    },
    "2013-09-30": {
        "Diluted EPS": 0.23,
        "Total Revenue": 493,
        "Gross Profit": 289,
        "Operating Income": 118,
        "EBIT": 171,
        "Net Income": 100
    },
    "2013-06-30": {
        "Diluted EPS": 0.19,
        "Total Revenue": 463,
        "Gross Profit": 267,
        "Operating Income": 98,
        "EBIT": 154,
        "Net Income": 79
    },
    "2013-03-31": {
        "Diluted EPS": 0.15,
        "Total Revenue": 430,
        "Gross Profit": 239,
        "Operating Income": 57,
        "EBIT": 125,
        "Net Income": 60
    },
    "2012-12-31": {
        "Diluted EPS": 0.03,
        "Total Revenue": 416,
        "Gross Profit": 200,
        "Operating Income": 17,
        "EBIT": 94,
        "Net Income": 10
    },
    "2012-09-30": {
        "Diluted EPS": -0.06,
        "Total Revenue": 383,
        "Gross Profit": 194,
        "Operating Income": 8,
        "EBIT": 61,
        "Net Income": -21
    },
    "2012-06-30": {
        "Diluted EPS": 0.2,
        "Total Revenue": 352,
        "Gross Profit": 205,
        "Operating Income": 96,
        "EBIT": 124,
        "Net Income": 79
    },
    "2012-03-31": {
        "Diluted EPS": 0.19,
        "Total Revenue": 339,
        "Gross Profit": 197,
        "Operating Income": 94,
        "EBIT": 136,
        "Net Income": 81
    },
    "2011-12-31": {
        "Diluted EPS": 0.19,
        "Total Revenue": 329,
        "Gross Profit": 185,
        "Operating Income": 88,
        "EBIT": 115,
        "Net Income": 77
    },
    "2011-09-30": {
        "Diluted EPS": 0.2,
        "Total Revenue": 341,
        "Gross Profit": 197,
        "Operating Income": 98,
        "EBIT": 125,
        "Net Income": 79
    },
    "2011-06-30": {
        "Diluted EPS": 0.25,
        "Total Revenue": 375,
        "Gross Profit": 220,
        "Operating Income": 117,
        "EBIT": 144,
        "Net Income": 99
    },
    "2011-03-31": {
        "Diluted EPS": 0.32,
        "Total Revenue": 380,
        "Gross Profit": 232,
        "Operating Income": 124,
        "EBIT": 152,
        "Net Income": 126
    },
    "2010-12-31": {
        "Diluted EPS": 0.26,
        "Total Revenue": 368,
        "Gross Profit": 216,
        "Operating Income": 117,
        "EBIT": 146,
        "Net Income": 101
    },
    "2010-09-30": {
        "Diluted EPS": 0.27,
        "Total Revenue": 382,
        "Gross Profit": 225,
        "Operating Income": 123,
        "EBIT": 152,
        "Net Income": 103
    },
    "2010-06-30": {
        "Diluted EPS": 0.24,
        "Total Revenue": 357,
        "Gross Profit": 207,
        "Operating Income": 109,
        "EBIT": 136,
        "Net Income": 90
    },
    "2010-03-31": {
        "Diluted EPS": 0.2,
        "Total Revenue": 278,
        "Gross Profit": 168,
        "Operating Income": 88,
        "EBIT": 112,
        "Net Income": 76
    },
    "2009-12-31": {
        "Diluted EPS": 0.19,
        "Total Revenue": 250,
        "Gross Profit": 146,
        "Operating Income": 73,
        "EBIT": 97,
        "Net Income": 69
    },
    "2009-09-30": {
        "Diluted EPS": 0.12,
        "Total Revenue": 227,
        "Gross Profit": 123,
        "Operating Income": 53,
        "EBIT": 77,
        "Net Income": 44
    },
    "2009-06-30": {
        "Diluted EPS": 0.08,
        "Total Revenue": 193,
        "Gross Profit": 96,
        "Operating Income": 31,
        "EBIT": 55,
        "Net Income": 27
    },
    "2009-03-31": {
        "Diluted EPS": 0.06,
        "Total Revenue": 173,
        "Gross Profit": 84,
        "Operating Income": 19,
        "EBIT": 47,
        "Net Income": 22
    },
    "2023-09-30": {
        "Tax Effect Of Unusual Items": -981645.873321,
        "Tax Rate For Calcs": 0.200336,
        "Normalized EBITDA": 1102500000.0,
        "Total Unusual Items": -4900000.0,
        "Total Unusual Items Excluding Goodwill": -4900000.0,
        "Net Income From Continuing Operation Net Minority Interest": 666600000.0,
        "Reconciled Depreciation": 219000000.0,
        "Reconciled Cost Of Revenue": 659300000.0,
        "EBITDA": 1097600000.0,
        "EBIT": 878600000.0,
        "Net Interest Income": -45200000.0,
        "Interest Expense": 45000000.0,
        "Interest Income": 1600000.0,
        "Normalized Income": 670518354.126679,
        "Net Income From Continuing And Discontinued Operation": 666600000.0,
        "Total Expenses": 1367500000.0,
        "Total Operating Income As Reported": 885000000.0,
        "Diluted Average Shares": 549200000.0,
        "Basic Average Shares": 543100000.0,
        "Diluted EPS": 1.21,
        "Basic EPS": 1.23,
        "Diluted NI Availto Com Stockholders": 666600000.0,
        "Net Income Common Stockholders": 666600000.0,
        "Net Income": 666600000.0,
        "Net Income Including Noncontrolling Interests": 666600000.0,
        "Net Income Continuous Operations": 666600000.0,
        "Tax Provision": 167000000.0,
        "Pretax Income": 833600000.0,
        "Other Income Expense": -8000000.0,
        "Other Non Operating Income Expenses": -3100000.0,
        "Special Income Charges": -4900000.0,
        "Other Special Charges": 4900000.0,
        "Net Non Operating Interest Income Expense": -45200000.0,
        "Total Other Finance Cost": 1800000.0,
        "Interest Expense Non Operating": 45000000.0,
        "Interest Income Non Operating": 1600000.0,
        "Operating Income": 886800000.0,
        "Operating Expense": 640600000.0,
        "Depreciation Amortization Depletion Income Statement": 151400000.0,
        "Depreciation And Amortization In Income Statement": 151400000.0,
        "Amortization": 151400000.0,
        "Amortization Of Intangibles Income Statement": 151400000.0,
        "Research And Development": 292600000.0,
        "Selling General And Administration": 196600000.0,
        "Gross Profit": 1527400000.0,
        "Cost Of Revenue": 726900000.0,
        "Total Revenue": 2254300000.0,
        "Operating Revenue": 2254300000.0
    },
    "2023-12-31": {
        "Tax Effect Of Unusual Items": NaN,
        "Tax Rate For Calcs": NaN,
        "Normalized EBITDA": NaN,
        "Total Unusual Items": NaN,
        "Total Unusual Items Excluding Goodwill": NaN,
        "Net Income From Continuing Operation Net Minority Interest": NaN,
        "Reconciled Depreciation": NaN,
        "Reconciled Cost Of Revenue": NaN,
        "EBITDA": NaN,
        "EBIT": NaN,
        "Net Interest Income": NaN,
        "Interest Expense": NaN,
        "Interest Income": NaN,
        "Normalized Income": NaN,
        "Net Income From Continuing And Discontinued Operation": NaN,
        "Total Expenses": NaN,
        "Total Operating Income As Reported": NaN,
        "Diluted Average Shares": 546500000.0,
        "Basic Average Shares": 540800000.0,
        "Diluted EPS": 0.77,
        "Basic EPS": 0.78,
        "Diluted NI Availto Com Stockholders": NaN,
        "Net Income Common Stockholders": NaN,
        "Net Income": NaN,
        "Net Income Including Noncontrolling Interests": NaN,
        "Net Income Continuous Operations": NaN,
        "Tax Provision": NaN,
        "Pretax Income": NaN,
        "Other Income Expense": NaN,
        "Other Non Operating Income Expenses": NaN,
        "Special Income Charges": NaN,
        "Other Special Charges": NaN,
        "Net Non Operating Interest Income Expense": NaN,
        "Total Other Finance Cost": NaN,
        "Interest Expense Non Operating": NaN,
        "Interest Income Non Operating": NaN,
        "Operating Income": NaN,
        "Operating Expense": NaN,
        "Depreciation Amortization Depletion Income Statement": NaN,
        "Depreciation And Amortization In Income Statement": NaN,
        "Amortization": NaN,
        "Amortization Of Intangibles Income Statement": NaN,
        "Research And Development": NaN,
        "Selling General And Administration": NaN,
        "Gross Profit": NaN,
        "Cost Of Revenue": NaN,
        "Total Revenue": NaN,
        "Operating Revenue": NaN
    },
    "2024-03-31": {
        "Tax Effect Of Unusual Items": NaN,
        "Tax Rate For Calcs": NaN,
        "Normalized EBITDA": NaN,
        "Total Unusual Items": NaN,
        "Total Unusual Items Excluding Goodwill": NaN,
        "Net Income From Continuing Operation Net Minority Interest": NaN,
        "Reconciled Depreciation": NaN,
        "Reconciled Cost Of Revenue": NaN,
        "EBITDA": NaN,
        "EBIT": NaN,
        "Net Interest Income": NaN,
        "Interest Expense": NaN,
        "Interest Income": NaN,
        "Normalized Income": NaN,
        "Net Income From Continuing And Discontinued Operation": NaN,
        "Total Expenses": NaN,
        "Total Operating Income As Reported": NaN,
        "Diluted Average Shares": 544800000.0,
        "Basic Average Shares": 538900000.0,
        "Diluted EPS": 0.28,
        "Basic EPS": 0.29,
        "Diluted NI Availto Com Stockholders": NaN,
        "Net Income Common Stockholders": NaN,
        "Preferred Stock Dividends": NaN,
        "Net Income": NaN,
        "Net Income Including Noncontrolling Interests": NaN,
        "Net Income Continuous Operations": NaN,
        "Tax Provision": NaN,
        "Pretax Income": NaN,
        "Other Income Expense": NaN,
        "Other Non Operating Income Expenses": NaN,
        "Special Income Charges": NaN,
        "Other Special Charges": NaN,
        "Net Non Operating Interest Income Expense": NaN,
        "Total Other Finance Cost": NaN,
        "Interest Expense Non Operating": NaN,
        "Interest Income Non Operating": NaN,
        "Operating Income": NaN,
        "Operating Expense": NaN,
        "Depreciation Amortization Depletion Income Statement": NaN,
        "Depreciation And Amortization In Income Statement": NaN,
        "Amortization": NaN,
        "Amortization Of Intangibles Income Statement": NaN,
        "Research And Development": NaN,
        "Selling General And Administration": NaN,
        "Gross Profit": NaN,
        "Cost Of Revenue": NaN,
        "Total Revenue": NaN,
        "Operating Revenue": NaN
    },
    "2024-06-30": {
        "Tax Effect Of Unusual Items": -522249.690977,
        "Tax Rate For Calcs": 0.200865,
        "Normalized EBITDA": 412900000.0,
        "Total Unusual Items": -2600000.0,
        "Total Unusual Items Excluding Goodwill": -2600000.0,
        "Net Income From Continuing Operation Net Minority Interest": 129300000.0,
        "Reconciled Depreciation": 188700000.0,
        "Reconciled Cost Of Revenue": 438700000.0,
        "EBITDA": 410300000.0,
        "EBIT": 221600000.0,
        "Net Interest Income": -59000000.0,
        "Interest Expense": 59800000.0,
        "Interest Income": 2800000.0,
        "Normalized Income": 131377750.309023,
        "Net Income From Continuing And Discontinued Operation": 129300000.0,
        "Total Expenses": 1019600000.0,
        "Total Operating Income As Reported": 219100000.0,
        "Diluted Average Shares": 542800000.0,
        "Basic Average Shares": 536700000.0,
        "Diluted EPS": 0.24,
        "Basic EPS": 0.24,
        "Diluted NI Availto Com Stockholders": 129300000.0,
        "Net Income Common Stockholders": 129300000.0,
        "Preferred Stock Dividends": NaN,
        "Net Income": 129300000.0,
        "Net Income Including Noncontrolling Interests": 129300000.0,
        "Net Income Continuous Operations": 129300000.0,
        "Tax Provision": 32500000.0,
        "Pretax Income": 161800000.0,
        "Other Income Expense": -900000.0,
        "Other Non Operating Income Expenses": 1700000.0,
        "Special Income Charges": -2600000.0,
        "Other Special Charges": 2600000.0,
        "Net Non Operating Interest Income Expense": -59000000.0,
        "Total Other Finance Cost": 2000000.0,
        "Interest Expense Non Operating": 59800000.0,
        "Interest Income Non Operating": 2800000.0,
        "Operating Income": 221700000.0,
        "Operating Expense": 515200000.0,
        "Depreciation Amortization Depletion Income Statement": 123000000.0,
        "Depreciation And Amortization In Income Statement": 123000000.0,
        "Amortization": 123000000.0,
        "Amortization Of Intangibles Income Statement": 123000000.0,
        "Research And Development": 241700000.0,
        "Selling General And Administration": 150500000.0,
        "Gross Profit": 736900000.0,
        "Cost Of Revenue": 504400000.0,
        "Total Revenue": 1241300000.0,
        "Operating Revenue": 1241300000.0
    },
    "2024-09-30": {
        "Tax Effect Of Unusual Items": -214754.098361,
        "Tax Rate For Calcs": 0.143169,
        "Normalized EBITDA": 337400000.0,
        "Total Unusual Items": -1500000.0,
        "Total Unusual Items Excluding Goodwill": -1500000.0,
        "Net Income From Continuing Operation Net Minority Interest": 78400000.0,
        "Reconciled Depreciation": 187600000.0,
        "Reconciled Cost Of Revenue": 430400000.0,
        "EBITDA": 335900000.0,
        "EBIT": 148300000.0,
        "Net Interest Income": -57100000.0,
        "Interest Expense": 56800000.0,
        "Interest Income": 2000000.0,
        "Normalized Income": 79685245.901639,
        "Net Income From Continuing And Discontinued Operation": 78400000.0,
        "Total Expenses": 1015700000.0,
        "Total Operating Income As Reported": 146600000.0,
        "Diluted Average Shares": 542000000.0,
        "Basic Average Shares": 536700000.0,
        "Diluted EPS": 0.14,
        "Basic EPS": 0.15,
        "Diluted NI Availto Com Stockholders": 78400000.0,
        "Net Income Common Stockholders": 78400000.0,
        "Preferred Stock Dividends": NaN,
        "Net Income": 78400000.0,
        "Net Income Including Noncontrolling Interests": 78400000.0,
        "Net Income Continuous Operations": 78400000.0,
        "Tax Provision": 13100000.0,
        "Pretax Income": 91500000.0,
        "Other Income Expense": 500000.0,
        "Other Non Operating Income Expenses": 2000000.0,
        "Special Income Charges": -1500000.0,
        "Other Special Charges": 1500000.0,
        "Net Non Operating Interest Income Expense": -57100000.0,
        "Total Other Finance Cost": 2300000.0,
        "Interest Expense Non Operating": 56800000.0,
        "Interest Income Non Operating": 2000000.0,
        "Operating Income": 148100000.0,
        "Operating Expense": 520400000.0,
        "Depreciation Amortization Depletion Income Statement": 122700000.0,
        "Depreciation And Amortization In Income Statement": 122700000.0,
        "Amortization": 122700000.0,
        "Amortization Of Intangibles Income Statement": 122700000.0,
        "Research And Development": 240700000.0,
        "Selling General And Administration": 157000000.0,
        "Gross Profit": 668500000.0,
        "Cost Of Revenue": 495300000.0,
        "Total Revenue": 1163800000.0,
        "Operating Revenue": 1163800000.0
    },
    "2024-12-31": {
        "Tax Effect Of Unusual Items": -798000.0,
        "Tax Rate For Calcs": 0.21,
        "Normalized EBITDA": 211400000.0,
        "Total Unusual Items": -3800000.0,
        "Total Unusual Items Excluding Goodwill": -3800000.0,
        "Net Income From Continuing Operation Net Minority Interest": -53600000.0,
        "Reconciled Depreciation": 186800000.0,
        "Reconciled Cost Of Revenue": 400400000.0,
        "EBITDA": 207600000.0,
        "EBIT": 20800000.0,
        "Net Interest Income": -67000000.0,
        "Interest Expense": 66900000.0,
        "Interest Income": 1700000.0,
        "Normalized Income": -50598000.0,
        "Net Income From Continuing And Discontinued Operation": -53600000.0,
        "Total Expenses": 991600000.0,
        "Total Operating Income As Reported": 30900000.0,
        "Diluted Average Shares": 537400000.0,
        "Basic Average Shares": 537400000.0,
        "Diluted EPS": -0.1,
        "Basic EPS": -0.1,
        "Diluted NI Availto Com Stockholders": -53600000.0,
        "Net Income Common Stockholders": -53600000.0,
        "Preferred Stock Dividends": NaN,
        "Net Income": -53600000.0,
        "Net Income Including Noncontrolling Interests": -53600000.0,
        "Net Income Continuous Operations": -53600000.0,
        "Tax Provision": 7500000.0,
        "Pretax Income": -46100000.0,
        "Other Income Expense": -13500000.0,
        "Other Non Operating Income Expenses": -9700000.0,
        "Special Income Charges": -3800000.0,
        "Other Special Charges": 3800000.0,
        "Net Non Operating Interest Income Expense": -67000000.0,
        "Total Other Finance Cost": 1800000.0,
        "Interest Expense Non Operating": 66900000.0,
        "Interest Income Non Operating": 1700000.0,
        "Operating Income": 34400000.0,
        "Operating Expense": 527000000.0,
        "Depreciation Amortization Depletion Income Statement": 122600000.0,
        "Depreciation And Amortization In Income Statement": 122600000.0,
        "Amortization": 122600000.0,
        "Amortization Of Intangibles Income Statement": 122600000.0,
        "Research And Development": 246200000.0,
        "Selling General And Administration": 158200000.0,
        "Gross Profit": 561400000.0,
        "Cost Of Revenue": 464600000.0,
        "Total Revenue": 1026000000.0,
        "Operating Revenue": 1026000000.0
    },
    "2025-03-31": {
        "Tax Effect Of Unusual Items": -5942364.824718,
        "Tax Rate For Calcs": 0.081402,
        "Normalized EBITDA": 159600000.0,
        "Total Unusual Items": -73000000.0,
        "Total Unusual Items Excluding Goodwill": -73000000.0,
        "Net Income From Continuing Operation Net Minority Interest": -154600000.0,
        "Reconciled Depreciation": 187000000.0,
        "Reconciled Cost Of Revenue": 405000000.0,
        "EBITDA": 86600000.0,
        "EBIT": -100400000.0,
        "Net Interest Income": -66900000.0,
        "Interest Expense": 67900000.0,
        "Interest Income": 2700000.0,
        "Normalized Income": -87542364.824718,
        "Net Income From Continuing And Discontinued Operation": -154600000.0,
        "Total Expenses": 999200000.0,
        "Total Operating Income As Reported": -100300000.0,
        "Diluted Average Shares": 538200000.0,
        "Basic Average Shares": 538200000.0,
        "Diluted EPS": -0.29,
        "Basic EPS": -0.29,
        "Diluted NI Availto Com Stockholders": -156800000.0,
        "Net Income Common Stockholders": -156800000.0,
        "Preferred Stock Dividends": NaN,
        "Net Income": -154600000.0,
        "Net Income Including Noncontrolling Interests": -154600000.0,
        "Net Income Continuous Operations": -154600000.0,
        "Tax Provision": -13700000.0,
        "Pretax Income": -168300000.0,
        "Other Income Expense": -72700000.0,
        "Other Non Operating Income Expenses": 300000.0,
        "Special Income Charges": -73000000.0,
        "Other Special Charges": -3500000.0,
        "Net Non Operating Interest Income Expense": -66900000.0,
        "Total Other Finance Cost": 1700000.0,
        "Interest Expense Non Operating": 67900000.0,
        "Interest Income Non Operating": 2700000.0,
        "Operating Income": -28700000.0,
        "Operating Expense": 529800000.0,
        "Depreciation Amortization Depletion Income Statement": 122600000.0,
        "Depreciation And Amortization In Income Statement": 122600000.0,
        "Amortization": 122600000.0,
        "Amortization Of Intangibles Income Statement": 122600000.0,
        "Research And Development": 255200000.0,
        "Selling General And Administration": 152000000.0,
        "Gross Profit": 501100000.0,
        "Cost Of Revenue": 469400000.0,
        "Total Revenue": 970500000.0,
        "Operating Revenue": 970500000.0
    },
    "2025-06-30": {
        "Tax Effect Of Unusual Items": -4662000.0,
        "Tax Rate For Calcs": 0.21,
        "Normalized EBITDA": 233500000.0,
        "Total Unusual Items": -22200000.0,
        "Total Unusual Items Excluding Goodwill": -22200000.0,
        "Net Income From Continuing Operation Net Minority Interest": -18600000.0,
        "Reconciled Depreciation": 171100000.0,
        "Reconciled Cost Of Revenue": 435300000.0,
        "EBITDA": 211300000.0,
        "EBIT": 40200000.0,
        "Net Interest Income": -52500000.0,
        "Interest Expense": 56000000.0,
        "Interest Income": 4900000.0,
        "Normalized Income": -1062000.0,
        "Net Income From Continuing And Discontinued Operation": -18600000.0,
        "Total Expenses": 1021200000.0,
        "Total Operating Income As Reported": 32100000.0,
        "Diluted Average Shares": 539200000.0,
        "Basic Average Shares": 539200000.0,
        "Diluted EPS": -0.09,
        "Basic EPS": -0.09,
        "Diluted NI Availto Com Stockholders": -46400000.0,
        "Net Income Common Stockholders": -46400000.0,
        "Preferred Stock Dividends": 27800000.0,
        "Net Income": -18600000.0,
        "Net Income Including Noncontrolling Interests": -18600000.0,
        "Net Income Continuous Operations": -18600000.0,
        "Tax Provision": 2800000.0,
        "Pretax Income": -15800000.0,
        "Other Income Expense": -17600000.0,
        "Other Non Operating Income Expenses": 4600000.0,
        "Special Income Charges": -22200000.0,
        "Other Special Charges": 22200000.0,
        "Net Non Operating Interest Income Expense": -52500000.0,
        "Total Other Finance Cost": 1400000.0,
        "Interest Expense Non Operating": 56000000.0,
        "Interest Income Non Operating": 4900000.0,
        "Operating Income": 54300000.0,
        "Operating Expense": 522400000.0,
        "Depreciation Amortization Depletion Income Statement": 107600000.0,
        "Depreciation And Amortization In Income Statement": 107600000.0,
        "Amortization": 107600000.0,
        "Amortization Of Intangibles Income Statement": 107600000.0,
        "Research And Development": 255500000.0,
        "Selling General And Administration": 159300000.0,
        "Gross Profit": 576700000.0,
        "Cost Of Revenue": 498800000.0,
        "Total Revenue": 1075500000.0,
        "Operating Revenue": 1075500000.0
    }
}