{
    "2023-03-31": {
        "Tax Effect Of Unusual Items": NaN,
        "Tax Rate For Calcs": NaN,
        "Normalized EBITDA": NaN,
        "Total Unusual Items": NaN,
        "Total Unusual Items Excluding Goodwill": NaN,
        "Net Income From Continuing Operation Net Minority Interest": NaN,
        "Reconciled Depreciation": NaN,
        "Reconciled Cost Of Revenue": NaN,
        "EBITDA": NaN,
        "EBIT": NaN,
        "Net Interest Income": NaN,
        "Interest Expense": NaN,
        "Interest Income": 57000.0,
        "Normalized Income": NaN,
        "Net Income From Continuing And Discontinued Operation": NaN,
        "Total Expenses": NaN,
        "Total Operating Income As Reported": NaN,
        "Diluted Average Shares": NaN,
        "Basic Average Shares": NaN,
        "Diluted EPS": NaN,
        "Basic EPS": NaN,
        "Diluted NI Availto Com Stockholders": NaN,
        "Net Income Common Stockholders": NaN,
        "Net Income": NaN,
        "Net Income Including Noncontrolling Interests": NaN,
        "Net Income Continuous Operations": NaN,
        "Tax Provision": NaN,
        "Pretax Income": NaN,
        "Other Income Expense": -13000.0,
        "Other Non Operating Income Expenses": NaN,
        "Special Income Charges": NaN,
        "Restructuring And Mergern Acquisition": NaN,
        "Net Non Operating Interest Income Expense": NaN,
        "Total Other Finance Cost": -57000.0,
        "Interest Expense Non Operating": NaN,
        "Interest Income Non Operating": 57000.0,
        "Operating Income": NaN,
        "Operating Expense": NaN,
        "Depreciation Amortization Depletion Income Statement": NaN,
        "Depreciation And Amortization In Income Statement": NaN,
        "Amortization": NaN,
        "Amortization Of Intangibles Income Statement": NaN,
        "Research And Development": NaN,
        "Selling General And Administration": NaN,
        "Selling And Marketing Expense": NaN,
        "General And Administrative Expense": NaN,
        "Other Gand A": NaN,
        "Gross Profit": NaN,
        "Cost Of Revenue": NaN,
        "Total Revenue": NaN,
        "Operating Revenue": NaN
    },
    "2022-12-31": {
        "Tax Effect Of Unusual Items": NaN,
        "Tax Rate For Calcs": NaN,
        "Normalized EBITDA": NaN,
        "Total Unusual Items": NaN,
        "Total Unusual Items Excluding Goodwill": NaN,
        "Net Income From Continuing Operation Net Minority Interest": NaN,
        "Reconciled Depreciation": NaN,
        "Reconciled Cost Of Revenue": NaN,
        "EBITDA": NaN,
        "EBIT": NaN,
        "Net Interest Income": NaN,
        "Interest Expense": 0.0,
        "Interest Income": 57000.0,
        "Normalized Income": NaN,
        "Net Income From Continuing And Discontinued Operation": NaN,
        "Total Expenses": NaN,
        "Total Operating Income As Reported": NaN,
        "Diluted Average Shares": NaN,
        "Basic Average Shares": NaN,
        "Diluted EPS": NaN,
        "Basic EPS": NaN,
        "Diluted NI Availto Com Stockholders": NaN,
        "Net Income Common Stockholders": NaN,
        "Net Income": NaN,
        "Net Income Including Noncontrolling Interests": NaN,
        "Net Income Continuous Operations": NaN,
        "Tax Provision": NaN,
        "Pretax Income": NaN,
        "Other Income Expense": -39000.0,
        "Other Non Operating Income Expenses": -2000.0,
        "Special Income Charges": NaN,
        "Restructuring And Mergern Acquisition": NaN,
        "Net Non Operating Interest Income Expense": NaN,
        "Total Other Finance Cost": NaN,
        "Interest Expense Non Operating": 0.0,
        "Interest Income Non Operating": 57000.0,
        "Operating Income": NaN,
        "Operating Expense": NaN,
        "Depreciation Amortization Depletion Income Statement": NaN,
        "Depreciation And Amortization In Income Statement": NaN,
        "Amortization": NaN,
        "Amortization Of Intangibles Income Statement": NaN,
        "Research And Development": NaN,
        "Selling General And Administration": NaN,
        "Selling And Marketing Expense": NaN,
        "General And Administrative Expense": NaN,
        "Other Gand A": NaN,
        "Gross Profit": NaN,
        "Cost Of Revenue": NaN,
        "Total Revenue": NaN,
        "Operating Revenue": NaN
    },
    "2022-09-30": {
        "Tax Effect Of Unusual Items": NaN,
        "Tax Rate For Calcs": NaN,
        "Normalized EBITDA": NaN,
        "Total Unusual Items": NaN,
        "Total Unusual Items Excluding Goodwill": NaN,
        "Net Income From Continuing Operation Net Minority Interest": NaN,
        "Reconciled Depreciation": NaN,
        "Reconciled Cost Of Revenue": NaN,
        "EBITDA": NaN,
        "EBIT": NaN,
        "Net Interest Income": NaN,
        "Interest Expense": NaN,
        "Interest Income": 38000.0,
        "Normalized Income": NaN,
        "Net Income From Continuing And Discontinued Operation": NaN,
        "Total Expenses": NaN,
        "Total Operating Income As Reported": NaN,
        "Diluted Average Shares": NaN,
        "Basic Average Shares": NaN,
        "Diluted EPS": NaN,
        "Basic EPS": NaN,
        "Diluted NI Availto Com Stockholders": NaN,
        "Average Dilution Earnings": -167000.0,
        "Net Income Common Stockholders": NaN,
        "Net Income": NaN,
        "Net Income Including Noncontrolling Interests": NaN,
        "Net Income Continuous Operations": NaN,
        "Tax Provision": NaN,
        "Pretax Income": NaN,
        "Other Income Expense": NaN,
        "Other Non Operating Income Expenses": -1000.0,
        "Special Income Charges": NaN,
        "Restructuring And Mergern Acquisition": NaN,
        "Net Non Operating Interest Income Expense": NaN,
        "Total Other Finance Cost": NaN,
        "Interest Expense Non Operating": NaN,
        "Interest Income Non Operating": 38000.0,
        "Operating Income": NaN,
        "Operating Expense": NaN,
        "Depreciation Amortization Depletion Income Statement": NaN,
        "Depreciation And Amortization In Income Statement": NaN,
        "Amortization": NaN,
        "Amortization Of Intangibles Income Statement": NaN,
        "Research And Development": NaN,
        "Selling General And Administration": NaN,
        "Selling And Marketing Expense": NaN,
        "General And Administrative Expense": NaN,
        "Other Gand A": NaN,
        "Gross Profit": NaN,
        "Cost Of Revenue": NaN,
        "Total Revenue": NaN,
        "Operating Revenue": NaN
    },
    "2022-06-30": {
        "Tax Effect Of Unusual Items": -8800.0,
        "Tax Rate For Calcs": 0.4,
        "Normalized EBITDA": -516000.0,
        "Total Unusual Items": -22000.0,
        "Total Unusual Items Excluding Goodwill": -22000.0,
        "Net Income From Continuing Operation Net Minority Interest": -1531000.0,
        "Reconciled Depreciation": 937000.0,
        "Reconciled Cost Of Revenue": 4458000.0,
        "EBITDA": -538000.0,
        "EBIT": -1475000.0,
        "Net Interest Income": 17000.0,
        "Interest Expense": NaN,
        "Interest Income": 17000.0,
        "Normalized Income": -1517800.0,
        "Net Income From Continuing And Discontinued Operation": -1531000.0,
        "Total Expenses": 14985000.0,
        "Total Operating Income As Reported": -1497000.0,
        "Diluted Average Shares": 48018000.0,
        "Basic Average Shares": 43357000.0,
        "Diluted EPS": -0.03,
        "Basic EPS": -0.03,
        "Diluted NI Availto Com Stockholders": -1531000.0,
        "Average Dilution Earnings": NaN,
        "Net Income Common Stockholders": -1531000.0,
        "Net Income": -1531000.0,
        "Net Income Including Noncontrolling Interests": -1531000.0,
        "Net Income Continuous Operations": -1531000.0,
        "Tax Provision": 51000.0,
        "Pretax Income": -1480000.0,
        "Other Income Expense": -22000.0,
        "Other Non Operating Income Expenses": NaN,
        "Special Income Charges": -22000.0,
        "Restructuring And Mergern Acquisition": 22000.0,
        "Net Non Operating Interest Income Expense": 17000.0,
        "Total Other Finance Cost": NaN,
        "Interest Expense Non Operating": NaN,
        "Interest Income Non Operating": 17000.0,
        "Operating Income": -1475000.0,
        "Operating Expense": 10121000.0,
        "Depreciation Amortization Depletion Income Statement": 531000.0,
        "Depreciation And Amortization In Income Statement": 531000.0,
        "Amortization": 531000.0,
        "Amortization Of Intangibles Income Statement": 531000.0,
        "Research And Development": 3531000.0,
        "Selling General And Administration": 6059000.0,
        "Selling And Marketing Expense": 3619000.0,
        "General And Administrative Expense": 2440000.0,
        "Other Gand A": 2440000.0,
        "Salaries And Wages": NaN,
        "Gross Profit": 8646000.0,
        "Cost Of Revenue": 4864000.0,
        "Total Revenue": 13510000.0,
        "Operating Revenue": 13510000.0
    },
    "2022-03-31": {
        "Diluted EPS": -0.03,
        "Total Revenue": 13,
        "Gross Profit": 8,
        "Operating Income": -2,
        "EBIT": -1,
        "Net Income": -2
    },
    "2021-12-31": {
        "Diluted EPS": -0.04,
        "Total Revenue": 13,
        "Gross Profit": 7,
        "Operating Income": -2,
        "EBIT": -1,
        "Net Income": -2
    },
    "2021-09-30": {
        "Diluted EPS": 0.07,
        "Total Revenue": 14,
        "Gross Profit": 8,
        "Operating Income": -2,
        "EBIT": 0,
        "Net Income": 3
    },
    "2021-06-30": {
        "Diluted EPS": -0.01,
        "Total Revenue": 14,
        "Gross Profit": 9,
        "Operating Income": -3,
        "EBIT": -1,
        "Net Income": 0
    },
    "2021-03-31": {
        "Diluted EPS": -0.12,
        "Total Revenue": 13,
        "Gross Profit": 8,
        "Operating Income": -5,
        "EBIT": -4,
        "Net Income": -5
    },
    "2020-12-31": {
        "Diluted EPS": -0.11,
        "Total Revenue": 13,
        "Gross Profit": 7,
        "Operating Income": -6,
        "EBIT": -4,
        "Net Income": -5
    },
    "2020-09-30": {
        "Diluted EPS": -0.07,
        "Total Revenue": 14,
        "Gross Profit": 8,
        "Operating Income": -6,
        "EBIT": -4,
        "Net Income": -4
    },
    "2020-06-30": {
        "Diluted EPS": -0.1,
        "Total Revenue": 13,
        "Gross Profit": 8,
        "Operating Income": -6,
        "EBIT": -4,
        "Net Income": -5
    },
    "2020-03-31": {
        "Diluted EPS": -0.53,
        "Total Revenue": 12,
        "Gross Profit": 7,
        "Operating Income": -27,
        "EBIT": -5,
        "Net Income": -25
    },
    "2019-12-31": {
        "Diluted EPS": -0.01,
        "Total Revenue": 13,
        "Gross Profit": 9,
        "Operating Income": -5,
        "EBIT": -3,
        "Net Income": 0
    },
    "2019-09-30": {
        "Diluted EPS": -0.03,
        "Total Revenue": 25,
        "Gross Profit": 12,
        "Operating Income": -1,
        "EBIT": 1,
        "Net Income": -1
    },
    "2019-06-30": {
        "Diluted EPS": -0.02,
        "Total Revenue": 26,
        "Gross Profit": 12,
        "Operating Income": -1,
        "EBIT": 1,
        "Net Income": -1
    },
    "2019-03-31": {
        "Diluted EPS": -0.03,
        "Total Revenue": 26,
        "Gross Profit": 12,
        "Operating Income": -2,
        "EBIT": 0,
        "Net Income": -1
    },
    "2018-12-31": {
        "Diluted EPS": -0.01,
        "Total Revenue": 23,
        "Gross Profit": 10,
        "Operating Income": -1,
        "EBIT": 0,
        "Net Income": -1
    },
    "2018-09-30": {
        "Diluted EPS": 0.01,
        "Total Revenue": 20,
        "Gross Profit": 9,
        "Operating Income": -1,
        "EBIT": 0,
        "Net Income": 0
    },
    "2018-06-30": {
        "Diluted EPS": -0.02,
        "Total Revenue": 20,
        "Gross Profit": 9,
        "Operating Income": -1,
        "EBIT": -1,
        "Net Income": -1
    },
    "2018-03-31": {
        "Diluted EPS": -0.02,
        "Total Revenue": 22,
        "Gross Profit": 9,
        "Operating Income": -1,
        "EBIT": -1,
        "Net Income": -1
    },
    "2017-12-31": {
        "Diluted EPS": 0.0,
        "Total Revenue": 22,
        "Gross Profit": 10,
        "Operating Income": -1,
        "EBIT": 0,
        "Net Income": -1
    },
    "2017-09-30": {
        "Diluted EPS": -0.02,
        "Total Revenue": 22,
        "Gross Profit": 10,
        "Operating Income": -1,
        "EBIT": 0,
        "Net Income": -1
    },
    "2017-06-30": {
        "Diluted EPS": -0.03,
        "Total Revenue": 22,
        "Gross Profit": 10,
        "Operating Income": -1,
        "EBIT": -1,
        "Net Income": -1
    },
    "2017-03-31": {
        "Diluted EPS": -0.08,
        "Total Revenue": 24,
        "Gross Profit": 11,
        "Operating Income": -4,
        "EBIT": -3,
        "Net Income": -4
    },
    "2016-12-31": {
        "Diluted EPS": 0.09,
        "Total Revenue": 28,
        "Gross Profit": 12,
        "Operating Income": -6,
        "EBIT": -5,
        "Net Income": -6
    },
    "2016-09-30": {
        "Diluted EPS": -0.14,
        "Total Revenue": 31,
        "Gross Profit": 12,
        "Operating Income": -6,
        "EBIT": -5,
        "Net Income": -6
    },
    "2016-06-30": {
        "Diluted EPS": -1.65,
        "Total Revenue": 34,
        "Gross Profit": 14,
        "Operating Income": -69,
        "EBIT": -5,
        "Net Income": -69
    },
    "2016-03-31": {
        "Diluted EPS": -0.09,
        "Total Revenue": 36,
        "Gross Profit": 14,
        "Operating Income": -4,
        "EBIT": -3,
        "Net Income": -4
    },
    "2015-12-31": {
        "Diluted EPS": -0.03,
        "Total Revenue": 35,
        "Gross Profit": 15,
        "Operating Income": 1,
        "EBIT": 2,
        "Net Income": 1
    },
    "2015-09-30": {
        "Diluted EPS": 0.0,
        "Total Revenue": 37,
        "Gross Profit": 17,
        "Operating Income": 0,
        "EBIT": 1,
        "Net Income": 0
    },
    "2015-06-30": {
        "Diluted EPS": 0.5,
        "Total Revenue": 35,
        "Gross Profit": 16,
        "Operating Income": -1,
        "EBIT": -1,
        "Net Income": 21
    },
    "2015-03-31": {
        "Diluted EPS": 0.11,
        "Total Revenue": 36,
        "Gross Profit": 17,
        "Operating Income": 0,
        "EBIT": 1,
        "Net Income": 5
    },
    "2014-12-31": {
        "Diluted EPS": 0.06,
        "Total Revenue": 29,
        "Gross Profit": 13,
        "Operating Income": -2,
        "EBIT": -1,
        "Net Income": 1
    },
    "2014-09-30": {
        "Diluted EPS": -0.52,
        "Total Revenue": 47,
        "Gross Profit": 16,
        "Operating Income": 0,
        "EBIT": 1,
        "Net Income": -22
    },
    "2014-06-30": {
        "Diluted EPS": 0.02,
        "Total Revenue": 47,
        "Gross Profit": 16,
        "Operating Income": 0,
        "EBIT": 1,
        "Net Income": 1
    },
    "2014-03-31": {
        "Diluted EPS": 0.02,
        "Total Revenue": 50,
        "Gross Profit": 18,
        "Operating Income": 1,
        "EBIT": 3,
        "Net Income": 1
    },
    "2013-12-31": {
        "Diluted EPS": 0.01,
        "Total Revenue": 35,
        "Gross Profit": 14,
        "Operating Income": -3,
        "EBIT": -2,
        "Net Income": 1
    },
    "2013-09-30": {
        "Diluted EPS": 0.04,
        "Total Revenue": 41,
        "Gross Profit": 15,
        "Operating Income": 1,
        "EBIT": 3,
        "Net Income": 1
    },
    "2013-06-30": {
        "Diluted EPS": -0.01,
        "Total Revenue": 38,
        "Gross Profit": 15,
        "Operating Income": 0,
        "EBIT": 2,
        "Net Income": 0
    },
    "2013-03-31": {
        "Diluted EPS": 0.0,
        "Total Revenue": 35,
        "Gross Profit": 15,
        "Operating Income": 0,
        "EBIT": 2,
        "Net Income": 0
    },
    "2012-12-31": {
        "Diluted EPS": -0.79,
        "Total Revenue": 30,
        "Gross Profit": 13,
        "Operating Income": -17,
        "EBIT": 1,
        "Net Income": -35
    },
    "2012-09-30": {
        "Diluted EPS": -0.02,
        "Total Revenue": 34,
        "Gross Profit": 14,
        "Operating Income": 0,
        "EBIT": 2,
        "Net Income": -1
    },
    "2012-06-30": {
        "Diluted EPS": 0.01,
        "Total Revenue": 34,
        "Gross Profit": 15,
        "Operating Income": 1,
        "EBIT": 3,
        "Net Income": 0
    },
    "2012-03-31": {
        "Diluted EPS": -0.02,
        "Total Revenue": 35,
        "Gross Profit": 15,
        "Operating Income": -1,
        "EBIT": 2,
        "Net Income": -1
    },
    "2011-12-31": {
        "Diluted EPS": 0.02,
        "Total Revenue": 31,
        "Gross Profit": 16,
        "Operating Income": 2,
        "EBIT": 4,
        "Net Income": 1
    },
    "2011-09-30": {
        "Diluted EPS": 0.03,
        "Total Revenue": 40,
        "Gross Profit": 18,
        "Operating Income": 2,
        "EBIT": 5,
        "Net Income": 1
    },
    "2011-06-30": {
        "Diluted EPS": 0.0,
        "Total Revenue": 39,
        "Gross Profit": 17,
        "Operating Income": 1,
        "EBIT": 4,
        "Net Income": 0
    },
    "2011-03-31": {
        "Diluted EPS": 0.01,
        "Total Revenue": 29,
        "Gross Profit": 12,
        "Operating Income": 1,
        "EBIT": 2,
        "Net Income": 1
    },
    "2010-12-31": {
        "Diluted EPS": 0.02,
        "Total Revenue": 28,
        "Gross Profit": 11,
        "Operating Income": 1,
        "EBIT": 3,
        "Net Income": 1
    },
    "2010-09-30": {
        "Diluted EPS": -0.02,
        "Total Revenue": 24,
        "Gross Profit": 10,
        "Operating Income": -1,
        "EBIT": 1,
        "Net Income": -1
    },
    "2010-06-30": {
        "Diluted EPS": -0.07,
        "Total Revenue": 21,
        "Gross Profit": 8,
        "Operating Income": -4,
        "EBIT": -2,
        "Net Income": -3
    },
    "2010-03-31": {
        "Diluted EPS": 0.0,
        "Total Revenue": 24,
        "Gross Profit": 11,
        "Operating Income": 0,
        "EBIT": 2,
        "Net Income": 0
    },
    "2009-12-31": {
        "Diluted EPS": 0.0,
        "Total Revenue": 23,
        "Gross Profit": 11,
        "Operating Income": 1,
        "EBIT": 3,
        "Net Income": 0
    },
    "2009-09-30": {
        "Diluted EPS": 0.02,
        "Total Revenue": 22,
        "Gross Profit": 10,
        "Operating Income": -1,
        "EBIT": 2,
        "Net Income": 1
    },
    "2009-06-30": {
        "Diluted EPS": -0.03,
        "Total Revenue": 21,
        "Gross Profit": 10,
        "Operating Income": -2,
        "EBIT": 1,
        "Net Income": -1
    },
    "2009-03-31": {
        "Diluted EPS": -0.04,
        "Total Revenue": 27,
        "Gross Profit": 15,
        "Operating Income": -2,
        "EBIT": 1,
        "Net Income": -2
    },
    "2023-06-30": {
        "Tax Effect Of Unusual Items": NaN,
        "Tax Rate For Calcs": NaN,
        "Normalized EBITDA": NaN,
        "Total Unusual Items": NaN,
        "Total Unusual Items Excluding Goodwill": NaN,
        "Net Income From Continuing Operation Net Minority Interest": NaN,
        "Reconciled Depreciation": NaN,
        "Reconciled Cost Of Revenue": NaN,
        "EBITDA": NaN,
        "EBIT": NaN,
        "Net Interest Income": NaN,
        "Interest Expense": NaN,
        "Interest Income": NaN,
        "Normalized Income": NaN,
        "Net Income From Continuing And Discontinued Operation": NaN,
        "Total Expenses": NaN,
        "Total Operating Income As Reported": NaN,
        "Diluted Average Shares": NaN,
        "Basic Average Shares": NaN,
        "Diluted EPS": NaN,
        "Basic EPS": NaN,
        "Diluted NI Availto Com Stockholders": NaN,
        "Net Income Common Stockholders": NaN,
        "Net Income": NaN,
        "Net Income Including Noncontrolling Interests": NaN,
        "Net Income Continuous Operations": NaN,
        "Tax Provision": NaN,
        "Pretax Income": NaN,
        "Other Income Expense": 1000.0,
        "Other Non Operating Income Expenses": NaN,
        "Special Income Charges": NaN,
        "Restructuring And Mergern Acquisition": NaN,
        "Net Non Operating Interest Income Expense": NaN,
        "Total Other Finance Cost": 31000.0,
        "Interest Expense Non Operating": NaN,
        "Interest Income Non Operating": NaN,
        "Operating Income": NaN,
        "Operating Expense": NaN,
        "Depreciation Amortization Depletion Income Statement": NaN,
        "Depreciation And Amortization In Income Statement": NaN,
        "Amortization": NaN,
        "Amortization Of Intangibles Income Statement": NaN,
        "Research And Development": NaN,
        "Selling General And Administration": NaN,
        "Selling And Marketing Expense": NaN,
        "General And Administrative Expense": NaN,
        "Other Gand A": NaN,
        "Gross Profit": NaN,
        "Cost Of Revenue": NaN,
        "Total Revenue": NaN,
        "Operating Revenue": NaN
    },
    "2023-09-30": {
        "Tax Effect Of Unusual Items": NaN,
        "Tax Rate For Calcs": NaN,
        "Normalized EBITDA": NaN,
        "Total Unusual Items": NaN,
        "Total Unusual Items Excluding Goodwill": NaN,
        "Net Income From Continuing Operation Net Minority Interest": NaN,
        "Reconciled Depreciation": NaN,
        "Reconciled Cost Of Revenue": NaN,
        "EBITDA": NaN,
        "EBIT": NaN,
        "Net Interest Income": NaN,
        "Interest Expense": 218000.0,
        "Interest Income": 22000.0,
        "Normalized Income": NaN,
        "Net Income From Continuing And Discontinued Operation": NaN,
        "Total Expenses": NaN,
        "Total Operating Income As Reported": NaN,
        "Diluted Average Shares": 47425000.0,
        "Basic Average Shares": 42764000.0,
        "Diluted EPS": -0.04,
        "Basic EPS": -0.04,
        "Diluted NI Availto Com Stockholders": NaN,
        "Net Income Common Stockholders": NaN,
        "Net Income": NaN,
        "Net Income Including Noncontrolling Interests": NaN,
        "Net Income Continuous Operations": NaN,
        "Tax Provision": NaN,
        "Pretax Income": NaN,
        "Other Income Expense": -189000.0,
        "Other Non Operating Income Expenses": -189000.0,
        "Special Income Charges": NaN,
        "Restructuring And Mergern Acquisition": NaN,
        "Net Non Operating Interest Income Expense": NaN,
        "Total Other Finance Cost": NaN,
        "Interest Expense Non Operating": 218000.0,
        "Interest Income Non Operating": 22000.0,
        "Operating Income": NaN,
        "Operating Expense": NaN,
        "Depreciation Amortization Depletion Income Statement": NaN,
        "Depreciation And Amortization In Income Statement": NaN,
        "Amortization": NaN,
        "Amortization Of Intangibles Income Statement": NaN,
        "Research And Development": NaN,
        "Selling General And Administration": NaN,
        "Selling And Marketing Expense": NaN,
        "General And Administrative Expense": NaN,
        "Other Gand A": NaN,
        "Gross Profit": NaN,
        "Cost Of Revenue": NaN,
        "Total Revenue": NaN,
        "Operating Revenue": NaN
    },
    "2023-12-31": {
        "Tax Effect Of Unusual Items": 0.0,
        "Tax Rate For Calcs": 0.21,
        "Normalized EBITDA": -161000.0,
        "Total Unusual Items": 0.0,
        "Total Unusual Items Excluding Goodwill": 0.0,
        "Net Income From Continuing Operation Net Minority Interest": -1143000.0,
        "Reconciled Depreciation": 747000.0,
        "Reconciled Cost Of Revenue": 4330000.0,
        "EBITDA": -161000.0,
        "EBIT": -908000.0,
        "Net Interest Income": 25000.0,
        "Interest Expense": 194000.0,
        "Interest Income": 219000.0,
        "Normalized Income": -1143000.0,
        "Net Income From Continuing And Discontinued Operation": -1143000.0,
        "Total Expenses": 13515000.0,
        "Total Operating Income As Reported": -1121000.0,
        "Diluted Average Shares": 47381000.0,
        "Basic Average Shares": 42720000.0,
        "Diluted EPS": -0.02,
        "Basic EPS": -0.02,
        "Diluted NI Availto Com Stockholders": -1143000.0,
        "Net Income Common Stockholders": -1143000.0,
        "Net Income": -1143000.0,
        "Net Income Including Noncontrolling Interests": -1143000.0,
        "Net Income Continuous Operations": -1143000.0,
        "Tax Provision": 41000.0,
        "Pretax Income": -1102000.0,
        "Other Income Expense": -6000.0,
        "Other Non Operating Income Expenses": -6000.0,
        "Special Income Charges": 0.0,
        "Restructuring And Mergern Acquisition": 0.0,
        "Net Non Operating Interest Income Expense": 25000.0,
        "Total Other Finance Cost": NaN,
        "Interest Expense Non Operating": 194000.0,
        "Interest Income Non Operating": 219000.0,
        "Operating Income": -1121000.0,
        "Operating Expense": 8832000.0,
        "Depreciation Amortization Depletion Income Statement": 394000.0,
        "Depreciation And Amortization In Income Statement": 394000.0,
        "Amortization": 394000.0,
        "Amortization Of Intangibles Income Statement": 394000.0,
        "Research And Development": 3153000.0,
        "Selling General And Administration": 5285000.0,
        "Selling And Marketing Expense": 2492000.0,
        "General And Administrative Expense": 2793000.0,
        "Other Gand A": 2793000.0,
        "Gross Profit": 7711000.0,
        "Cost Of Revenue": 4683000.0,
        "Total Revenue": 12394000.0,
        "Operating Revenue": 12394000.0
    },
    "2024-03-31": {
        "Tax Effect Of Unusual Items": 0.0,
        "Tax Rate For Calcs": 0.21,
        "Normalized EBITDA": -839000.0,
        "Total Unusual Items": 0.0,
        "Total Unusual Items Excluding Goodwill": 0.0,
        "Net Income From Continuing Operation Net Minority Interest": -1450000.0,
        "Reconciled Depreciation": 474000.0,
        "Reconciled Cost Of Revenue": 4091000.0,
        "EBITDA": -839000.0,
        "EBIT": -1313000.0,
        "Net Interest Income": -78000.0,
        "Interest Expense": NaN,
        "Interest Income": NaN,
        "Normalized Income": -1450000.0,
        "Net Income From Continuing And Discontinued Operation": -1450000.0,
        "Total Expenses": 12886000.0,
        "Total Operating Income As Reported": -1313000.0,
        "Diluted Average Shares": 47715000.0,
        "Basic Average Shares": 43054000.0,
        "Diluted EPS": -0.03,
        "Basic EPS": -0.03,
        "Diluted NI Availto Com Stockholders": -1450000.0,
        "Net Income Common Stockholders": -1450000.0,
        "Net Income": -1450000.0,
        "Net Income Including Noncontrolling Interests": -1450000.0,
        "Net Income Continuous Operations": -1450000.0,
        "Tax Provision": 59000.0,
        "Pretax Income": -1391000.0,
        "Other Income Expense": NaN,
        "Other Non Operating Income Expenses": NaN,
        "Special Income Charges": 0.0,
        "Restructuring And Mergern Acquisition": 0.0,
        "Net Non Operating Interest Income Expense": -78000.0,
        "Total Other Finance Cost": 78000.0,
        "Interest Expense Non Operating": NaN,
        "Interest Income Non Operating": NaN,
        "Operating Income": -1313000.0,
        "Operating Expense": 8472000.0,
        "Depreciation Amortization Depletion Income Statement": 151000.0,
        "Depreciation And Amortization In Income Statement": 151000.0,
        "Amortization": 151000.0,
        "Amortization Of Intangibles Income Statement": 151000.0,
        "Research And Development": 3245000.0,
        "Selling General And Administration": 5076000.0,
        "Selling And Marketing Expense": 2787000.0,
        "General And Administrative Expense": 2289000.0,
        "Other Gand A": 2289000.0,
        "Gross Profit": 7159000.0,
        "Cost Of Revenue": 4414000.0,
        "Total Revenue": 11573000.0,
        "Operating Revenue": 11573000.0
    },
    "2024-06-30": {
        "Tax Effect Of Unusual Items": 0.0,
        "Tax Rate For Calcs": 0.21,
        "Normalized EBITDA": -51000.0,
        "Total Unusual Items": 0.0,
        "Total Unusual Items Excluding Goodwill": 0.0,
        "Net Income From Continuing Operation Net Minority Interest": -756000.0,
        "Reconciled Depreciation": 671000.0,
        "Reconciled Cost Of Revenue": 3632000.0,
        "EBITDA": -51000.0,
        "EBIT": -722000.0,
        "Net Interest Income": -31000.0,
        "Interest Expense": NaN,
        "Interest Income": NaN,
        "Normalized Income": -756000.0,
        "Net Income From Continuing And Discontinued Operation": -756000.0,
        "Total Expenses": 12796000.0,
        "Total Operating Income As Reported": -722000.0,
        "Diluted Average Shares": 47725000.0,
        "Basic Average Shares": 43064000.0,
        "Diluted EPS": -0.02,
        "Basic EPS": -0.02,
        "Diluted NI Availto Com Stockholders": -756000.0,
        "Net Income Common Stockholders": -756000.0,
        "Net Income": -756000.0,
        "Net Income Including Noncontrolling Interests": -756000.0,
        "Net Income Continuous Operations": -756000.0,
        "Tax Provision": 3000.0,
        "Pretax Income": -753000.0,
        "Other Income Expense": NaN,
        "Other Non Operating Income Expenses": NaN,
        "Special Income Charges": 0.0,
        "Restructuring And Mergern Acquisition": 0.0,
        "Net Non Operating Interest Income Expense": -31000.0,
        "Total Other Finance Cost": 31000.0,
        "Interest Expense Non Operating": NaN,
        "Interest Income Non Operating": NaN,
        "Operating Income": -722000.0,
        "Operating Expense": 8644000.0,
        "Depreciation Amortization Depletion Income Statement": 151000.0,
        "Depreciation And Amortization In Income Statement": 151000.0,
        "Amortization": 151000.0,
        "Amortization Of Intangibles Income Statement": 151000.0,
        "Research And Development": 3223000.0,
        "Selling General And Administration": 5270000.0,
        "Selling And Marketing Expense": 2742000.0,
        "General And Administrative Expense": 2528000.0,
        "Other Gand A": 2528000.0,
        "Gross Profit": 7922000.0,
        "Cost Of Revenue": 4152000.0,
        "Total Revenue": 12074000.0,
        "Operating Revenue": 12074000.0
    },
    "2024-09-30": {
        "Tax Effect Of Unusual Items": 0.0,
        "Tax Rate For Calcs": 0.21,
        "Normalized EBITDA": -98000.0,
        "Total Unusual Items": 0.0,
        "Total Unusual Items Excluding Goodwill": 0.0,
        "Net Income From Continuing Operation Net Minority Interest": -831000.0,
        "Reconciled Depreciation": 727000.0,
        "Reconciled Cost Of Revenue": 3648000.0,
        "EBITDA": -98000.0,
        "EBIT": -825000.0,
        "Net Interest Income": 19000.0,
        "Interest Expense": NaN,
        "Interest Income": 19000.0,
        "Normalized Income": -831000.0,
        "Net Income From Continuing And Discontinued Operation": -831000.0,
        "Total Expenses": 13378000.0,
        "Total Operating Income As Reported": -825000.0,
        "Diluted Average Shares": 47861000.0,
        "Basic Average Shares": 43200000.0,
        "Diluted EPS": -0.02,
        "Basic EPS": -0.02,
        "Diluted NI Availto Com Stockholders": -831000.0,
        "Net Income Common Stockholders": -831000.0,
        "Net Income": -831000.0,
        "Net Income Including Noncontrolling Interests": -831000.0,
        "Net Income Continuous Operations": -831000.0,
        "Tax Provision": 25000.0,
        "Pretax Income": -806000.0,
        "Other Income Expense": NaN,
        "Other Non Operating Income Expenses": NaN,
        "Special Income Charges": 0.0,
        "Restructuring And Mergern Acquisition": 0.0,
        "Net Non Operating Interest Income Expense": 19000.0,
        "Total Other Finance Cost": NaN,
        "Interest Expense Non Operating": NaN,
        "Interest Income Non Operating": 19000.0,
        "Operating Income": -825000.0,
        "Operating Expense": 9154000.0,
        "Depreciation Amortization Depletion Income Statement": 151000.0,
        "Depreciation And Amortization In Income Statement": 151000.0,
        "Amortization": 151000.0,
        "Amortization Of Intangibles Income Statement": 151000.0,
        "Research And Development": 3106000.0,
        "Selling General And Administration": 5897000.0,
        "Selling And Marketing Expense": 3224000.0,
        "General And Administrative Expense": 2673000.0,
        "Other Gand A": 2673000.0,
        "Gross Profit": 8329000.0,
        "Cost Of Revenue": 4224000.0,
        "Total Revenue": 12553000.0,
        "Operating Revenue": 12553000.0
    },
    "2024-12-31": {
        "Tax Effect Of Unusual Items": 0.0,
        "Tax Rate For Calcs": 0.21,
        "Normalized EBITDA": -813000.0,
        "Total Unusual Items": 0.0,
        "Total Unusual Items Excluding Goodwill": 0.0,
        "Net Income From Continuing Operation Net Minority Interest": -1910000.0,
        "Reconciled Depreciation": 774000.0,
        "Reconciled Cost Of Revenue": 3758000.0,
        "EBITDA": -813000.0,
        "EBIT": -1587000.0,
        "Net Interest Income": -30000.0,
        "Interest Expense": NaN,
        "Interest Income": NaN,
        "Normalized Income": -1910000.0,
        "Net Income From Continuing And Discontinued Operation": -1910000.0,
        "Total Expenses": 13509000.0,
        "Total Operating Income As Reported": -1587000.0,
        "Diluted Average Shares": NaN,
        "Basic Average Shares": NaN,
        "Diluted EPS": NaN,
        "Basic EPS": NaN,
        "Diluted NI Availto Com Stockholders": -1910000.0,
        "Net Income Common Stockholders": -1910000.0,
        "Net Income": -1910000.0,
        "Net Income Including Noncontrolling Interests": -1910000.0,
        "Net Income Continuous Operations": -1910000.0,
        "Tax Provision": 293000.0,
        "Pretax Income": -1617000.0,
        "Other Income Expense": NaN,
        "Other Non Operating Income Expenses": NaN,
        "Special Income Charges": 0.0,
        "Restructuring And Mergern Acquisition": 0.0,
        "Net Non Operating Interest Income Expense": -30000.0,
        "Total Other Finance Cost": NaN,
        "Interest Expense Non Operating": NaN,
        "Interest Income Non Operating": NaN,
        "Operating Income": -1587000.0,
        "Operating Expense": 9127000.0,
        "Depreciation Amortization Depletion Income Statement": 150000.0,
        "Depreciation And Amortization In Income Statement": 150000.0,
        "Amortization": 150000.0,
        "Amortization Of Intangibles Income Statement": 150000.0,
        "Research And Development": 2841000.0,
        "Selling General And Administration": 6136000.0,
        "Selling And Marketing Expense": 3383000.0,
        "General And Administrative Expense": 2753000.0,
        "Other Gand A": 2753000.0,
        "Gross Profit": 7540000.0,
        "Cost Of Revenue": 4382000.0,
        "Total Revenue": 11922000.0,
        "Operating Revenue": 11922000.0
    }
}