{
    "2023-06-30": {
        "Tax Effect Of Unusual Items": NaN,
        "Tax Rate For Calcs": NaN,
        "Normalized EBITDA": NaN,
        "Total Unusual Items": NaN,
        "Total Unusual Items Excluding Goodwill": NaN,
        "Net Income From Continuing Operation Net Minority Interest": NaN,
        "Reconciled Depreciation": NaN,
        "Reconciled Cost Of Revenue": NaN,
        "EBITDA": NaN,
        "EBIT": NaN,
        "Net Interest Income": NaN,
        "Interest Expense": NaN,
        "Interest Income": NaN,
        "Normalized Income": NaN,
        "Net Income From Continuing And Discontinued Operation": NaN,
        "Total Expenses": NaN,
        "Total Operating Income As Reported": NaN,
        "Diluted Average Shares": NaN,
        "Basic Average Shares": NaN,
        "Diluted EPS": NaN,
        "Basic EPS": NaN,
        "Diluted NI Availto Com Stockholders": NaN,
        "Net Income Common Stockholders": NaN,
        "Net Income": NaN,
        "Minority Interests": 0.0,
        "Net Income Including Noncontrolling Interests": NaN,
        "Net Income Continuous Operations": NaN,
        "Tax Provision": NaN,
        "Pretax Income": NaN,
        "Other Income Expense": NaN,
        "Other Non Operating Income Expenses": NaN,
        "Special Income Charges": NaN,
        "Restructuring And Mergern Acquisition": NaN,
        "Earnings From Equity Interest": NaN,
        "Gain On Sale Of Security": NaN,
        "Net Non Operating Interest Income Expense": NaN,
        "Interest Expense Non Operating": NaN,
        "Interest Income Non Operating": NaN,
        "Operating Income": NaN,
        "Operating Expense": NaN,
        "Other Operating Expenses": NaN,
        "Depreciation Amortization Depletion Income Statement": NaN,
        "Depreciation And Amortization In Income Statement": NaN,
        "Selling General And Administration": NaN,
        "General And Administrative Expense": 415000000.0,
        "Other Gand A": 415000000.0,
        "Salaries And Wages": -9000000.0,
        "Gross Profit": NaN,
        "Cost Of Revenue": NaN,
        "Total Revenue": NaN,
        "Operating Revenue": NaN
    },
    "2023-03-31": {
        "Tax Effect Of Unusual Items": NaN,
        "Tax Rate For Calcs": NaN,
        "Normalized EBITDA": NaN,
        "Total Unusual Items": NaN,
        "Total Unusual Items Excluding Goodwill": NaN,
        "Net Income From Continuing Operation Net Minority Interest": NaN,
        "Reconciled Depreciation": NaN,
        "Reconciled Cost Of Revenue": 428000000.0,
        "EBITDA": NaN,
        "EBIT": NaN,
        "Net Interest Income": NaN,
        "Interest Expense": NaN,
        "Interest Income": NaN,
        "Normalized Income": NaN,
        "Net Income From Continuing And Discontinued Operation": NaN,
        "Total Expenses": NaN,
        "Total Operating Income As Reported": NaN,
        "Diluted Average Shares": NaN,
        "Basic Average Shares": NaN,
        "Diluted EPS": NaN,
        "Basic EPS": NaN,
        "Diluted NI Availto Com Stockholders": NaN,
        "Net Income Common Stockholders": NaN,
        "Net Income": NaN,
        "Minority Interests": NaN,
        "Net Income Including Noncontrolling Interests": NaN,
        "Net Income Continuous Operations": NaN,
        "Tax Provision": NaN,
        "Pretax Income": NaN,
        "Other Income Expense": NaN,
        "Other Non Operating Income Expenses": NaN,
        "Special Income Charges": NaN,
        "Restructuring And Mergern Acquisition": NaN,
        "Earnings From Equity Interest": NaN,
        "Gain On Sale Of Security": -21000000.0,
        "Net Non Operating Interest Income Expense": NaN,
        "Interest Expense Non Operating": NaN,
        "Interest Income Non Operating": NaN,
        "Operating Income": NaN,
        "Operating Expense": NaN,
        "Other Operating Expenses": NaN,
        "Depreciation Amortization Depletion Income Statement": NaN,
        "Depreciation And Amortization In Income Statement": NaN,
        "Selling General And Administration": NaN,
        "General And Administrative Expense": NaN,
        "Other Gand A": NaN,
        "Salaries And Wages": NaN,
        "Gross Profit": 1042000000.0,
        "Cost Of Revenue": 428000000.0,
        "Total Revenue": NaN,
        "Operating Revenue": NaN
    },
    "2022-12-31": {
        "Tax Effect Of Unusual Items": NaN,
        "Tax Rate For Calcs": NaN,
        "Normalized EBITDA": NaN,
        "Total Unusual Items": NaN,
        "Total Unusual Items Excluding Goodwill": NaN,
        "Net Income From Continuing Operation Net Minority Interest": NaN,
        "Reconciled Depreciation": NaN,
        "Reconciled Cost Of Revenue": 410000000.0,
        "EBITDA": NaN,
        "EBIT": NaN,
        "Net Interest Income": NaN,
        "Interest Expense": NaN,
        "Interest Income": NaN,
        "Normalized Income": NaN,
        "Net Income From Continuing And Discontinued Operation": NaN,
        "Total Expenses": NaN,
        "Total Operating Income As Reported": NaN,
        "Diluted Average Shares": NaN,
        "Basic Average Shares": NaN,
        "Diluted EPS": NaN,
        "Basic EPS": NaN,
        "Diluted NI Availto Com Stockholders": NaN,
        "Net Income Common Stockholders": NaN,
        "Net Income": NaN,
        "Minority Interests": NaN,
        "Net Income Including Noncontrolling Interests": NaN,
        "Net Income Continuous Operations": NaN,
        "Tax Provision": NaN,
        "Pretax Income": NaN,
        "Other Income Expense": NaN,
        "Other Non Operating Income Expenses": NaN,
        "Special Income Charges": NaN,
        "Restructuring And Mergern Acquisition": NaN,
        "Earnings From Equity Interest": NaN,
        "Gain On Sale Of Security": -1000000.0,
        "Net Non Operating Interest Income Expense": NaN,
        "Interest Expense Non Operating": NaN,
        "Interest Income Non Operating": NaN,
        "Operating Income": NaN,
        "Operating Expense": NaN,
        "Other Operating Expenses": NaN,
        "Depreciation Amortization Depletion Income Statement": NaN,
        "Depreciation And Amortization In Income Statement": NaN,
        "Selling General And Administration": NaN,
        "General And Administrative Expense": NaN,
        "Other Gand A": NaN,
        "Salaries And Wages": NaN,
        "Gross Profit": 880000000.0,
        "Cost Of Revenue": 410000000.0,
        "Total Revenue": NaN,
        "Operating Revenue": NaN
    },
    "2022-09-30": {
        "Tax Effect Of Unusual Items": NaN,
        "Tax Rate For Calcs": NaN,
        "Normalized EBITDA": NaN,
        "Total Unusual Items": NaN,
        "Total Unusual Items Excluding Goodwill": NaN,
        "Net Income From Continuing Operation Net Minority Interest": NaN,
        "Reconciled Depreciation": NaN,
        "Reconciled Cost Of Revenue": 393000000.0,
        "EBITDA": NaN,
        "EBIT": NaN,
        "Net Interest Income": NaN,
        "Interest Expense": NaN,
        "Interest Income": NaN,
        "Normalized Income": NaN,
        "Net Income From Continuing And Discontinued Operation": NaN,
        "Total Expenses": NaN,
        "Total Operating Income As Reported": NaN,
        "Diluted Average Shares": NaN,
        "Basic Average Shares": NaN,
        "Diluted EPS": NaN,
        "Basic EPS": NaN,
        "Diluted NI Availto Com Stockholders": NaN,
        "Net Income Common Stockholders": NaN,
        "Net Income": NaN,
        "Minority Interests": 0.0,
        "Net Income Including Noncontrolling Interests": NaN,
        "Net Income Continuous Operations": NaN,
        "Tax Provision": NaN,
        "Pretax Income": NaN,
        "Other Income Expense": NaN,
        "Other Non Operating Income Expenses": NaN,
        "Special Income Charges": NaN,
        "Restructuring And Mergern Acquisition": NaN,
        "Earnings From Equity Interest": NaN,
        "Gain On Sale Of Security": 10000000.0,
        "Net Non Operating Interest Income Expense": NaN,
        "Interest Expense Non Operating": NaN,
        "Interest Income Non Operating": NaN,
        "Operating Income": NaN,
        "Operating Expense": NaN,
        "Other Operating Expenses": 393000000.0,
        "Depreciation Amortization Depletion Income Statement": NaN,
        "Depreciation And Amortization In Income Statement": NaN,
        "Selling General And Administration": NaN,
        "Gross Profit": 882000000.0,
        "Cost Of Revenue": 393000000.0,
        "Total Revenue": NaN,
        "Operating Revenue": NaN
    },
    "2022-06-30": {
        "Tax Effect Of Unusual Items": -13886000.0,
        "Tax Rate For Calcs": 0.262,
        "Normalized EBITDA": 634000000.0,
        "Total Unusual Items": -53000000.0,
        "Total Unusual Items Excluding Goodwill": -53000000.0,
        "Net Income From Continuing Operation Net Minority Interest": 327000000.0,
        "Reconciled Depreciation": 81000000.0,
        "Reconciled Cost Of Revenue": 393000000.0,
        "EBITDA": 581000000.0,
        "EBIT": 500000000.0,
        "Net Interest Income": -55000000.0,
        "Interest Expense": 57000000.0,
        "Interest Income": 2000000.0,
        "Normalized Income": 366114000.0,
        "Net Income From Continuing And Discontinued Operation": 327000000.0,
        "Total Expenses": 842000000.0,
        "Total Operating Income As Reported": 508000000.0,
        "Diluted Average Shares": 184900000.0,
        "Basic Average Shares": 184100000.0,
        "Diluted EPS": 1.77,
        "Basic EPS": 1.78,
        "Diluted NI Availto Com Stockholders": 327000000.0,
        "Net Income Common Stockholders": 327000000.0,
        "Net Income": 327000000.0,
        "Net Income Including Noncontrolling Interests": 327000000.0,
        "Net Income Continuous Operations": 327000000.0,
        "Tax Provision": 116000000.0,
        "Pretax Income": 443000000.0,
        "Other Income Expense": -41000000.0,
        "Other Non Operating Income Expenses": 10000000.0,
        "Special Income Charges": -31000000.0,
        "Other Special Charges": NaN,
        "Restructuring And Mergern Acquisition": 31000000.0,
        "Earnings From Equity Interest": 2000000.0,
        "Gain On Sale Of Security": -22000000.0,
        "Net Non Operating Interest Income Expense": -55000000.0,
        "Interest Expense Non Operating": 57000000.0,
        "Interest Income Non Operating": 2000000.0,
        "Operating Income": 539000000.0,
        "Operating Expense": 449000000.0,
        "Other Operating Expenses": NaN,
        "Depreciation Amortization Depletion Income Statement": 81000000.0,
        "Depreciation And Amortization In Income Statement": 81000000.0,
        "Selling General And Administration": 368000000.0,
        "Selling And Marketing Expense": NaN,
        "Gross Profit": 988000000.0,
        "Cost Of Revenue": 393000000.0,
        "Total Revenue": 1381000000.0,
        "Operating Revenue": 1381000000.0
    },
    "2022-03-31": {
        "Diluted EPS": 2.68,
        "Total Revenue": NaN,
        "Gross Profit": NaN,
        "Operating Income": 656,
        "EBIT": 734,
        "Net Income": 498
    },
    "2021-12-31": {
        "Diluted EPS": 2.28,
        "Total Revenue": NaN,
        "Gross Profit": NaN,
        "Operating Income": 514,
        "EBIT": 591,
        "Net Income": 427
    },
    "2021-09-30": {
        "Diluted EPS": 2.53,
        "Total Revenue": NaN,
        "Gross Profit": NaN,
        "Operating Income": 676,
        "EBIT": 737,
        "Net Income": 474
    },
    "2021-06-30": {
        "Diluted EPS": 3.07,
        "Total Revenue": NaN,
        "Gross Profit": NaN,
        "Operating Income": 801,
        "EBIT": 861,
        "Net Income": 577
    },
    "2021-03-31": {
        "Diluted EPS": 3.9,
        "Total Revenue": NaN,
        "Gross Profit": NaN,
        "Operating Income": 853,
        "EBIT": 912,
        "Net Income": 736
    },
    "2020-12-31": {
        "Diluted EPS": 1.66,
        "Total Revenue": NaN,
        "Gross Profit": 881,
        "Operating Income": 444,
        "EBIT": 501,
        "Net Income": 314
    },
    "2020-09-30": {
        "Diluted EPS": 2.47,
        "Total Revenue": NaN,
        "Gross Profit": 992,
        "Operating Income": 642,
        "EBIT": 698,
        "Net Income": 467
    },
    "2020-06-30": {
        "Diluted EPS": 2.69,
        "Total Revenue": NaN,
        "Gross Profit": NaN,
        "Operating Income": 710,
        "EBIT": 768,
        "Net Income": 509
    },
    "2020-03-31": {
        "Diluted EPS": 2.57,
        "Total Revenue": NaN,
        "Gross Profit": 950,
        "Operating Income": 592,
        "EBIT": 641,
        "Net Income": 488
    },
    "2019-12-31": {
        "Diluted EPS": 1.88,
        "Total Revenue": NaN,
        "Gross Profit": 878,
        "Operating Income": 504,
        "EBIT": 554,
        "Net Income": 359
    },
    "2019-09-30": {
        "Diluted EPS": 1.99,
        "Total Revenue": NaN,
        "Gross Profit": 890,
        "Operating Income": 549,
        "EBIT": 597,
        "Net Income": 380
    },
    "2019-06-30": {
        "Diluted EPS": 1.62,
        "Total Revenue": NaN,
        "Gross Profit": 874,
        "Operating Income": 483,
        "EBIT": 535,
        "Net Income": 310
    },
    "2019-03-31": {
        "Diluted EPS": 1.93,
        "Total Revenue": NaN,
        "Gross Profit": 800,
        "Operating Income": 462,
        "EBIT": 512,
        "Net Income": 373
    },
    "2018-12-31": {
        "Diluted EPS": 1.29,
        "Total Revenue": NaN,
        "Gross Profit": 756,
        "Operating Income": 376,
        "EBIT": 425,
        "Net Income": 251
    },
    "2018-09-30": {
        "Diluted EPS": 1.59,
        "Total Revenue": NaN,
        "Gross Profit": 775,
        "Operating Income": 467,
        "EBIT": 513,
        "Net Income": 310
    },
    "2018-06-30": {
        "Diluted EPS": 1.94,
        "Total Revenue": NaN,
        "Gross Profit": 855,
        "Operating Income": 534,
        "EBIT": 582,
        "Net Income": 376
    },
    "2018-03-31": {
        "Diluted EPS": 1.92,
        "Total Revenue": NaN,
        "Gross Profit": 812,
        "Operating Income": 491,
        "EBIT": 540,
        "Net Income": 373
    },
    "2017-12-31": {
        "Diluted EPS": 0.13,
        "Total Revenue": NaN,
        "Gross Profit": 825,
        "Operating Income": 466,
        "EBIT": 515,
        "Net Income": 26
    },
    "2017-09-30": {
        "Diluted EPS": 1.63,
        "Total Revenue": NaN,
        "Gross Profit": 747,
        "Operating Income": 449,
        "EBIT": 492,
        "Net Income": 317
    },
    "2017-06-30": {
        "Diluted EPS": 1.61,
        "Total Revenue": NaN,
        "Gross Profit": 716,
        "Operating Income": 460,
        "EBIT": 493,
        "Net Income": 312
    },
    "2017-03-31": {
        "Diluted EPS": 1.78,
        "Total Revenue": 975,
        "Gross Profit": 700,
        "Operating Income": 447,
        "EBIT": 479,
        "Net Income": 346
    },
    "2016-12-31": {
        "Diluted EPS": -2.18,
        "Total Revenue": 942,
        "Gross Profit": 684,
        "Operating Income": -461,
        "EBIT": -428,
        "Net Income": -429
    },
    "2016-09-30": {
        "Diluted EPS": 1.31,
        "Total Revenue": 917,
        "Gross Profit": 664,
        "Operating Income": 398,
        "EBIT": 430,
        "Net Income": 255
    },
    "2016-06-30": {
        "Diluted EPS": 1.3,
        "Total Revenue": 929,
        "Gross Profit": 670,
        "Operating Income": 410,
        "EBIT": 441,
        "Net Income": 256
    },
    "2016-03-31": {
        "Diluted EPS": 0.93,
        "Total Revenue": 816,
        "Gross Profit": 567,
        "Operating Income": 304,
        "EBIT": 334,
        "Net Income": 184
    },
    "2015-12-31": {
        "Diluted EPS": 1.1,
        "Total Revenue": 866,
        "Gross Profit": 614,
        "Operating Income": 333,
        "EBIT": 362,
        "Net Income": 218
    },
    "2015-09-30": {
        "Diluted EPS": 1.14,
        "Total Revenue": 835,
        "Gross Profit": 599,
        "Operating Income": 350,
        "EBIT": 378,
        "Net Income": 232
    },
    "2015-06-30": {
        "Diluted EPS": 1.28,
        "Total Revenue": 918,
        "Gross Profit": 674,
        "Operating Income": 419,
        "EBIT": 447,
        "Net Income": 262
    },
    "2015-03-31": {
        "Diluted EPS": 1.11,
        "Total Revenue": 866,
        "Gross Profit": 621,
        "Operating Income": 371,
        "EBIT": 400,
        "Net Income": 230
    },
    "2014-12-31": {
        "Diluted EPS": 1.13,
        "Total Revenue": 878,
        "Gross Profit": 622,
        "Operating Income": 345,
        "EBIT": 372,
        "Net Income": 236
    },
    "2014-09-30": {
        "Diluted EPS": 1.0,
        "Total Revenue": 816,
        "Gross Profit": 579,
        "Operating Income": 350,
        "EBIT": 373,
        "Net Income": 215
    },
    "2014-06-30": {
        "Diluted EPS": 1.48,
        "Total Revenue": 874,
        "Gross Profit": 651,
        "Operating Income": 412,
        "EBIT": 434,
        "Net Income": 319
    },
    "2014-03-31": {
        "Diluted EPS": 1.0,
        "Total Revenue": 767,
        "Gross Profit": 551,
        "Operating Income": 333,
        "EBIT": 356,
        "Net Income": 218
    },
    "2013-12-31": {
        "Diluted EPS": 0.94,
        "Total Revenue": 779,
        "Gross Profit": 558,
        "Operating Income": 312,
        "EBIT": 335,
        "Net Income": 207
    },
    "2013-09-30": {
        "Diluted EPS": 0.83,
        "Total Revenue": 706,
        "Gross Profit": 502,
        "Operating Income": 292,
        "EBIT": 315,
        "Net Income": 184
    },
    "2013-06-30": {
        "Diluted EPS": 1.0,
        "Total Revenue": 756,
        "Gross Profit": 559,
        "Operating Income": 351,
        "EBIT": 374,
        "Net Income": 226
    },
    "2013-03-31": {
        "Diluted EPS": 0.83,
        "Total Revenue": 732,
        "Gross Profit": 531,
        "Operating Income": 280,
        "EBIT": 304,
        "Net Income": 188
    },
    "2012-12-31": {
        "Diluted EPS": 0.72,
        "Total Revenue": 754,
        "Gross Profit": 533,
        "Operating Income": 260,
        "EBIT": 284,
        "Net Income": 160
    },
    "2012-09-30": {
        "Diluted EPS": 0.81,
        "Total Revenue": 689,
        "Gross Profit": 481,
        "Operating Income": 270,
        "EBIT": 294,
        "Net Income": 184
    },
    "2012-06-30": {
        "Diluted EPS": 0.76,
        "Total Revenue": 641,
        "Gross Profit": 460,
        "Operating Income": 279,
        "EBIT": 301,
        "Net Income": 173
    },
    "2012-03-31": {
        "Diluted EPS": 0.76,
        "Total Revenue": 647,
        "Gross Profit": 461,
        "Operating Income": 269,
        "EBIT": 293,
        "Net Income": 174
    },
    "2011-12-31": {
        "Diluted EPS": 0.43,
        "Total Revenue": 567,
        "Gross Profit": 386,
        "Operating Income": 172,
        "EBIT": 193,
        "Net Income": 96
    },
    "2011-09-30": {
        "Diluted EPS": 0.57,
        "Total Revenue": 531,
        "Gross Profit": 360,
        "Operating Income": 196,
        "EBIT": 215,
        "Net Income": 131
    },
    "2011-06-30": {
        "Diluted EPS": 0.82,
        "Total Revenue": 605,
        "Gross Profit": 435,
        "Operating Income": 270,
        "EBIT": 292,
        "Net Income": 189
    },
    "2011-03-31": {
        "Diluted EPS": 0.67,
        "Total Revenue": 577,
        "Gross Profit": 416,
        "Operating Income": 250,
        "EBIT": 268,
        "Net Income": 156
    },
    "2010-12-31": {
        "Diluted EPS": 0.59,
        "Total Revenue": 564,
        "Gross Profit": 383,
        "Operating Income": 197,
        "EBIT": 214,
        "Net Income": 137
    },
    "2010-09-30": {
        "Diluted EPS": 0.58,
        "Total Revenue": 513,
        "Gross Profit": 360,
        "Operating Income": 189,
        "EBIT": 207,
        "Net Income": 136
    },
    "2010-06-30": {
        "Diluted EPS": 0.51,
        "Total Revenue": 478,
        "Gross Profit": 344,
        "Operating Income": 191,
        "EBIT": 206,
        "Net Income": 121
    },
    "2010-03-31": {
        "Diluted EPS": 0.47,
        "Total Revenue": 477,
        "Gross Profit": 341,
        "Operating Income": 197,
        "EBIT": 213,
        "Net Income": 113
    },
    "2009-12-31": {
        "Diluted EPS": 0.43,
        "Total Revenue": 486,
        "Gross Profit": 339,
        "Operating Income": 179,
        "EBIT": 196,
        "Net Income": 102
    },
    "2009-09-30": {
        "Diluted EPS": 0.42,
        "Total Revenue": 452,
        "Gross Profit": 317,
        "Operating Income": 173,
        "EBIT": 189,
        "Net Income": 101
    },
    "2009-06-30": {
        "Diluted EPS": 0.46,
        "Total Revenue": 451,
        "Gross Profit": 323,
        "Operating Income": 187,
        "EBIT": 203,
        "Net Income": 109
    },
    "2009-03-31": {
        "Diluted EPS": 0.38,
        "Total Revenue": 409,
        "Gross Profit": 287,
        "Operating Income": 149,
        "EBIT": 165,
        "Net Income": 90
    },
    "2023-09-30": {
        "Tax Effect Of Unusual Items": -4975000.0,
        "Tax Rate For Calcs": 0.199,
        "Normalized EBITDA": 692000000.0,
        "Total Unusual Items": -25000000.0,
        "Total Unusual Items Excluding Goodwill": -25000000.0,
        "Net Income From Continuing Operation Net Minority Interest": 389000000.0,
        "Reconciled Depreciation": 95000000.0,
        "Reconciled Cost Of Revenue": NaN,
        "EBITDA": 667000000.0,
        "EBIT": 572000000.0,
        "Net Interest Income": -66000000.0,
        "Interest Expense": 85000000.0,
        "Interest Income": 19000000.0,
        "Normalized Income": 409025000.0,
        "Net Income From Continuing And Discontinued Operation": 389000000.0,
        "Total Expenses": NaN,
        "Total Operating Income As Reported": 535000000.0,
        "Diluted Average Shares": 184000000.0,
        "Basic Average Shares": 183300000.0,
        "Diluted EPS": 2.11,
        "Basic EPS": 2.12,
        "Diluted NI Availto Com Stockholders": 389000000.0,
        "Net Income Common Stockholders": 389000000.0,
        "Net Income": 389000000.0,
        "Minority Interests": -1000000.0,
        "Net Income Including Noncontrolling Interests": 390000000.0,
        "Net Income Continuous Operations": 390000000.0,
        "Tax Provision": 97000000.0,
        "Pretax Income": 487000000.0,
        "Other Income Expense": NaN,
        "Other Non Operating Income Expenses": NaN,
        "Special Income Charges": -27000000.0,
        "Restructuring And Mergern Acquisition": 27000000.0,
        "Earnings From Equity Interest": 9000000.0,
        "Gain On Sale Of Security": 2000000.0,
        "Net Non Operating Interest Income Expense": -66000000.0,
        "Interest Expense Non Operating": 85000000.0,
        "Interest Income Non Operating": 19000000.0,
        "Operating Income": NaN,
        "Operating Expense": NaN,
        "Other Operating Expenses": 412000000.0,
        "Depreciation Amortization Depletion Income Statement": 95000000.0,
        "Depreciation And Amortization In Income Statement": 95000000.0,
        "Selling General And Administration": NaN,
        "General And Administrative Expense": 403000000.0,
        "Other Gand A": 403000000.0,
        "Salaries And Wages": -8000000.0,
        "Gross Profit": NaN,
        "Cost Of Revenue": NaN,
        "Total Revenue": 1472000000.0,
        "Operating Revenue": 1472000000.0
    },
    "2023-12-31": {
        "Tax Effect Of Unusual Items": NaN,
        "Tax Rate For Calcs": NaN,
        "Normalized EBITDA": NaN,
        "Total Unusual Items": NaN,
        "Total Unusual Items Excluding Goodwill": NaN,
        "Net Income From Continuing Operation Net Minority Interest": NaN,
        "Reconciled Depreciation": NaN,
        "Reconciled Cost Of Revenue": 421000000.0,
        "EBITDA": NaN,
        "EBIT": NaN,
        "Net Interest Income": NaN,
        "Interest Expense": NaN,
        "Interest Income": NaN,
        "Normalized Income": NaN,
        "Net Income From Continuing And Discontinued Operation": NaN,
        "Total Expenses": 946000000.0,
        "Total Operating Income As Reported": NaN,
        "Diluted Average Shares": 183600000.0,
        "Basic Average Shares": 182700000.0,
        "Diluted EPS": 1.85,
        "Basic EPS": 1.86,
        "Diluted NI Availto Com Stockholders": NaN,
        "Net Income Common Stockholders": NaN,
        "Net Income": NaN,
        "Minority Interests": NaN,
        "Net Income Including Noncontrolling Interests": NaN,
        "Net Income Continuous Operations": NaN,
        "Tax Provision": NaN,
        "Pretax Income": NaN,
        "Other Income Expense": -18000000.0,
        "Other Non Operating Income Expenses": 9000000.0,
        "Special Income Charges": NaN,
        "Restructuring And Mergern Acquisition": NaN,
        "Earnings From Equity Interest": NaN,
        "Gain On Sale Of Security": NaN,
        "Net Non Operating Interest Income Expense": NaN,
        "Interest Expense Non Operating": NaN,
        "Interest Income Non Operating": NaN,
        "Operating Income": 534000000.0,
        "Operating Expense": 525000000.0,
        "Other Operating Expenses": NaN,
        "Depreciation Amortization Depletion Income Statement": NaN,
        "Depreciation And Amortization In Income Statement": NaN,
        "Selling General And Administration": 428000000.0,
        "General And Administrative Expense": 428000000.0,
        "Other Gand A": 428000000.0,
        "Salaries And Wages": -9000000.0,
        "Gross Profit": 1059000000.0,
        "Cost Of Revenue": 421000000.0,
        "Total Revenue": NaN,
        "Operating Revenue": NaN
    },
    "2024-03-31": {
        "Tax Effect Of Unusual Items": -1165000.0,
        "Tax Rate For Calcs": 0.233,
        "Normalized EBITDA": 941000000.0,
        "Total Unusual Items": -5000000.0,
        "Total Unusual Items Excluding Goodwill": -5000000.0,
        "Net Income From Continuing Operation Net Minority Interest": 577000000.0,
        "Reconciled Depreciation": 100000000.0,
        "Reconciled Cost Of Revenue": 467000000.0,
        "EBITDA": 936000000.0,
        "EBIT": 836000000.0,
        "Net Interest Income": -62000000.0,
        "Interest Expense": 84000000.0,
        "Interest Income": 22000000.0,
        "Normalized Income": 580835000.0,
        "Net Income From Continuing And Discontinued Operation": 577000000.0,
        "Total Expenses": 980000000.0,
        "Total Operating Income As Reported": 801000000.0,
        "Diluted Average Shares": 183400000.0,
        "Basic Average Shares": 182600000.0,
        "Diluted EPS": 3.15,
        "Basic EPS": 3.16,
        "Diluted NI Availto Com Stockholders": 577000000.0,
        "Net Income Common Stockholders": 577000000.0,
        "Net Income": 577000000.0,
        "Minority Interests": NaN,
        "Net Income Including Noncontrolling Interests": 577000000.0,
        "Net Income Continuous Operations": 577000000.0,
        "Tax Provision": 175000000.0,
        "Pretax Income": 752000000.0,
        "Other Income Expense": 8000000.0,
        "Other Non Operating Income Expenses": 13000000.0,
        "Special Income Charges": -5000000.0,
        "Restructuring And Mergern Acquisition": 5000000.0,
        "Earnings From Equity Interest": 0.0,
        "Gain On Sale Of Security": NaN,
        "Net Non Operating Interest Income Expense": -62000000.0,
        "Interest Expense Non Operating": 84000000.0,
        "Interest Income Non Operating": 22000000.0,
        "Operating Income": 806000000.0,
        "Operating Expense": 513000000.0,
        "Other Operating Expenses": 467000000.0,
        "Depreciation Amortization Depletion Income Statement": 100000000.0,
        "Depreciation And Amortization In Income Statement": 100000000.0,
        "Selling General And Administration": 413000000.0,
        "General And Administrative Expense": 413000000.0,
        "Other Gand A": 413000000.0,
        "Salaries And Wages": -8000000.0,
        "Gross Profit": 1319000000.0,
        "Cost Of Revenue": 467000000.0,
        "Total Revenue": 1786000000.0,
        "Operating Revenue": 1786000000.0
    },
    "2024-06-30": {
        "Tax Effect Of Unusual Items": -3696000.0,
        "Tax Rate For Calcs": 0.231,
        "Normalized EBITDA": 931000000.0,
        "Total Unusual Items": -16000000.0,
        "Total Unusual Items Excluding Goodwill": -16000000.0,
        "Net Income From Continuing Operation Net Minority Interest": 552000000.0,
        "Reconciled Depreciation": 110000000.0,
        "Reconciled Cost Of Revenue": 469000000.0,
        "EBITDA": 915000000.0,
        "EBIT": 805000000.0,
        "Net Interest Income": -63000000.0,
        "Interest Expense": 86000000.0,
        "Interest Income": 23000000.0,
        "Normalized Income": 564304000.0,
        "Net Income From Continuing And Discontinued Operation": 552000000.0,
        "Total Expenses": 1025000000.0,
        "Total Operating Income As Reported": 775000000.0,
        "Diluted Average Shares": 183000000.0,
        "Basic Average Shares": 182300000.0,
        "Diluted EPS": 3.02,
        "Basic EPS": 3.03,
        "Diluted NI Availto Com Stockholders": 552000000.0,
        "Net Income Common Stockholders": 552000000.0,
        "Net Income": 552000000.0,
        "Minority Interests": -1000000.0,
        "Net Income Including Noncontrolling Interests": 553000000.0,
        "Net Income Continuous Operations": 553000000.0,
        "Tax Provision": 166000000.0,
        "Pretax Income": 719000000.0,
        "Other Income Expense": -10000000.0,
        "Other Non Operating Income Expenses": 4000000.0,
        "Special Income Charges": -17000000.0,
        "Restructuring And Mergern Acquisition": 17000000.0,
        "Earnings From Equity Interest": 2000000.0,
        "Gain On Sale Of Security": 1000000.0,
        "Net Non Operating Interest Income Expense": -63000000.0,
        "Interest Expense Non Operating": 86000000.0,
        "Interest Income Non Operating": 23000000.0,
        "Operating Income": 792000000.0,
        "Operating Expense": 556000000.0,
        "Other Operating Expenses": 469000000.0,
        "Depreciation Amortization Depletion Income Statement": 110000000.0,
        "Depreciation And Amortization In Income Statement": 110000000.0,
        "Selling General And Administration": 446000000.0,
        "General And Administrative Expense": 446000000.0,
        "Other Gand A": 446000000.0,
        "Salaries And Wages": -8000000.0,
        "Gross Profit": 1348000000.0,
        "Cost Of Revenue": 469000000.0,
        "Total Revenue": 1817000000.0,
        "Operating Revenue": 1817000000.0
    },
    "2024-09-30": {
        "Tax Effect Of Unusual Items": -4080000.0,
        "Tax Rate For Calcs": 0.24,
        "Normalized EBITDA": 916000000.0,
        "Total Unusual Items": -17000000.0,
        "Total Unusual Items Excluding Goodwill": -17000000.0,
        "Net Income From Continuing Operation Net Minority Interest": 534000000.0,
        "Reconciled Depreciation": 108000000.0,
        "Reconciled Cost Of Revenue": 512000000.0,
        "EBITDA": 899000000.0,
        "EBIT": 791000000.0,
        "Net Interest Income": -60000000.0,
        "Interest Expense": 88000000.0,
        "Interest Income": 28000000.0,
        "Normalized Income": 546920000.0,
        "Net Income From Continuing And Discontinued Operation": 534000000.0,
        "Total Expenses": 1054000000.0,
        "Total Operating Income As Reported": 738000000.0,
        "Diluted Average Shares": 182500000.0,
        "Basic Average Shares": 181700000.0,
        "Diluted EPS": 2.93,
        "Basic EPS": 2.94,
        "Diluted NI Availto Com Stockholders": 534000000.0,
        "Net Income Common Stockholders": 534000000.0,
        "Net Income": 534000000.0,
        "Minority Interests": 0.0,
        "Net Income Including Noncontrolling Interests": 534000000.0,
        "Net Income Continuous Operations": 534000000.0,
        "Tax Provision": 169000000.0,
        "Pretax Income": 703000000.0,
        "Other Income Expense": 4000000.0,
        "Other Non Operating Income Expenses": 6000000.0,
        "Special Income Charges": -21000000.0,
        "Restructuring And Mergern Acquisition": 21000000.0,
        "Earnings From Equity Interest": 15000000.0,
        "Gain On Sale Of Security": 4000000.0,
        "Net Non Operating Interest Income Expense": -60000000.0,
        "Interest Expense Non Operating": 88000000.0,
        "Interest Income Non Operating": 28000000.0,
        "Operating Income": 759000000.0,
        "Operating Expense": 542000000.0,
        "Other Operating Expenses": 512000000.0,
        "Depreciation Amortization Depletion Income Statement": 108000000.0,
        "Depreciation And Amortization In Income Statement": 108000000.0,
        "Selling General And Administration": 434000000.0,
        "General And Administrative Expense": NaN,
        "Other Gand A": NaN,
        "Salaries And Wages": NaN,
        "Gross Profit": 1301000000.0,
        "Cost Of Revenue": 512000000.0,
        "Total Revenue": 1813000000.0,
        "Operating Revenue": 1813000000.0
    },
    "2024-12-31": {
        "Tax Effect Of Unusual Items": -12628571.428571,
        "Tax Rate For Calcs": 0.247619,
        "Normalized EBITDA": 770000000.0,
        "Total Unusual Items": -51000000.0,
        "Total Unusual Items Excluding Goodwill": -51000000.0,
        "Net Income From Continuing Operation Net Minority Interest": 395000000.0,
        "Reconciled Depreciation": 113000000.0,
        "Reconciled Cost Of Revenue": 497000000.0,
        "EBITDA": 719000000.0,
        "EBIT": 606000000.0,
        "Net Interest Income": -52000000.0,
        "Interest Expense": 81000000.0,
        "Interest Income": 29000000.0,
        "Normalized Income": 433371428.571429,
        "Net Income From Continuing And Discontinued Operation": 395000000.0,
        "Total Expenses": 1052000000.0,
        "Total Operating Income As Reported": 561000000.0,
        "Diluted Average Shares": NaN,
        "Basic Average Shares": NaN,
        "Diluted EPS": NaN,
        "Basic EPS": NaN,
        "Diluted NI Availto Com Stockholders": 395000000.0,
        "Net Income Common Stockholders": 395000000.0,
        "Net Income": 395000000.0,
        "Minority Interests": 0.0,
        "Net Income Including Noncontrolling Interests": 395000000.0,
        "Net Income Continuous Operations": 395000000.0,
        "Tax Provision": 130000000.0,
        "Pretax Income": 525000000.0,
        "Other Income Expense": -43000000.0,
        "Other Non Operating Income Expenses": 3000000.0,
        "Special Income Charges": -59000000.0,
        "Restructuring And Mergern Acquisition": 59000000.0,
        "Earnings From Equity Interest": 5000000.0,
        "Gain On Sale Of Security": 8000000.0,
        "Net Non Operating Interest Income Expense": -52000000.0,
        "Interest Expense Non Operating": 81000000.0,
        "Interest Income Non Operating": 29000000.0,
        "Operating Income": 620000000.0,
        "Operating Expense": 555000000.0,
        "Other Operating Expenses": NaN,
        "Depreciation Amortization Depletion Income Statement": 113000000.0,
        "Depreciation And Amortization In Income Statement": 113000000.0,
        "Selling General And Administration": 442000000.0,
        "General And Administrative Expense": NaN,
        "Other Gand A": NaN,
        "Salaries And Wages": NaN,
        "Gross Profit": 1175000000.0,
        "Cost Of Revenue": 497000000.0,
        "Total Revenue": 1672000000.0,
        "Operating Revenue": 1672000000.0
    }
}