{
    "2023-06-30": {
        "Tax Effect Of Unusual Items": NaN,
        "Tax Rate For Calcs": NaN,
        "Normalized EBITDA": NaN,
        "Net Income From Continuing Operation Net Minority Interest": NaN,
        "Reconciled Depreciation": NaN,
        "Reconciled Cost Of Revenue": NaN,
        "EBITDA": NaN,
        "EBIT": NaN,
        "Net Interest Income": NaN,
        "Interest Expense": 780000.0,
        "Normalized Income": NaN,
        "Net Income From Continuing And Discontinued Operation": NaN,
        "Total Expenses": NaN,
        "Total Operating Income As Reported": NaN,
        "Diluted Average Shares": NaN,
        "Basic Average Shares": NaN,
        "Diluted EPS": NaN,
        "Basic EPS": NaN,
        "Diluted NI Availto Com Stockholders": NaN,
        "Net Income Common Stockholders": NaN,
        "Net Income": NaN,
        "Net Income Including Noncontrolling Interests": NaN,
        "Net Income Continuous Operations": NaN,
        "Tax Provision": NaN,
        "Pretax Income": NaN,
        "Net Non Operating Interest Income Expense": NaN,
        "Total Other Finance Cost": NaN,
        "Interest Expense Non Operating": 780000.0,
        "Operating Income": NaN,
        "Operating Expense": NaN,
        "Other Operating Expenses": NaN,
        "Depreciation Amortization Depletion Income Statement": NaN,
        "Depreciation And Amortization In Income Statement": NaN,
        "Selling General And Administration": NaN,
        "Gross Profit": NaN,
        "Cost Of Revenue": NaN,
        "Total Revenue": NaN,
        "Operating Revenue": NaN
    },
    "2023-03-31": {
        "Tax Effect Of Unusual Items": NaN,
        "Tax Rate For Calcs": NaN,
        "Normalized EBITDA": NaN,
        "Net Income From Continuing Operation Net Minority Interest": NaN,
        "Reconciled Depreciation": NaN,
        "Reconciled Cost Of Revenue": NaN,
        "EBITDA": NaN,
        "EBIT": NaN,
        "Net Interest Income": NaN,
        "Interest Expense": NaN,
        "Normalized Income": NaN,
        "Net Income From Continuing And Discontinued Operation": NaN,
        "Total Expenses": NaN,
        "Total Operating Income As Reported": NaN,
        "Diluted Average Shares": NaN,
        "Basic Average Shares": NaN,
        "Diluted EPS": NaN,
        "Basic EPS": NaN,
        "Diluted NI Availto Com Stockholders": NaN,
        "Net Income Common Stockholders": NaN,
        "Net Income": NaN,
        "Net Income Including Noncontrolling Interests": NaN,
        "Net Income Continuous Operations": NaN,
        "Tax Provision": NaN,
        "Pretax Income": NaN,
        "Net Non Operating Interest Income Expense": NaN,
        "Total Other Finance Cost": 587000.0,
        "Interest Expense Non Operating": NaN,
        "Operating Income": NaN,
        "Operating Expense": NaN,
        "Other Operating Expenses": NaN,
        "Depreciation Amortization Depletion Income Statement": NaN,
        "Depreciation And Amortization In Income Statement": NaN,
        "Selling General And Administration": NaN,
        "Gross Profit": NaN,
        "Cost Of Revenue": NaN,
        "Total Revenue": NaN,
        "Operating Revenue": NaN
    },
    "2022-12-31": {
        "Tax Effect Of Unusual Items": NaN,
        "Tax Rate For Calcs": NaN,
        "Normalized EBITDA": NaN,
        "Net Income From Continuing Operation Net Minority Interest": NaN,
        "Reconciled Depreciation": NaN,
        "Reconciled Cost Of Revenue": NaN,
        "EBITDA": NaN,
        "EBIT": NaN,
        "Net Interest Income": NaN,
        "Interest Expense": 200000.0,
        "Normalized Income": NaN,
        "Net Income From Continuing And Discontinued Operation": NaN,
        "Total Expenses": NaN,
        "Total Operating Income As Reported": NaN,
        "Diluted Average Shares": NaN,
        "Basic Average Shares": NaN,
        "Diluted EPS": NaN,
        "Basic EPS": NaN,
        "Diluted NI Availto Com Stockholders": NaN,
        "Net Income Common Stockholders": NaN,
        "Net Income": NaN,
        "Net Income Including Noncontrolling Interests": NaN,
        "Net Income Continuous Operations": NaN,
        "Tax Provision": NaN,
        "Pretax Income": NaN,
        "Net Non Operating Interest Income Expense": NaN,
        "Total Other Finance Cost": NaN,
        "Interest Expense Non Operating": 200000.0,
        "Operating Income": NaN,
        "Operating Expense": NaN,
        "Other Operating Expenses": NaN,
        "Depreciation Amortization Depletion Income Statement": NaN,
        "Depreciation And Amortization In Income Statement": NaN,
        "Selling General And Administration": NaN,
        "Gross Profit": NaN,
        "Cost Of Revenue": NaN,
        "Total Revenue": NaN,
        "Operating Revenue": NaN
    },
    "2022-09-30": {
        "Tax Effect Of Unusual Items": 0.0,
        "Tax Rate For Calcs": 0.225244,
        "Normalized EBITDA": 47539000.0,
        "Net Income From Continuing Operation Net Minority Interest": 27493000.0,
        "Reconciled Depreciation": 11183000.0,
        "Reconciled Cost Of Revenue": 57639000.0,
        "EBITDA": 47539000.0,
        "EBIT": 36356000.0,
        "Net Interest Income": -870000.0,
        "Interest Expense": 870000.0,
        "Normalized Income": 27493000.0,
        "Net Income From Continuing And Discontinued Operation": 27493000.0,
        "Total Expenses": 97371000.0,
        "Total Operating Income As Reported": 36356000.0,
        "Diluted Average Shares": 19503000.0,
        "Basic Average Shares": 18999000.0,
        "Diluted EPS": 1.41,
        "Basic EPS": 1.45,
        "Diluted NI Availto Com Stockholders": 27493000.0,
        "Net Income Common Stockholders": 27493000.0,
        "Net Income": 27493000.0,
        "Net Income Including Noncontrolling Interests": 27493000.0,
        "Net Income Continuous Operations": 27493000.0,
        "Tax Provision": 7993000.0,
        "Pretax Income": 35486000.0,
        "Net Non Operating Interest Income Expense": -870000.0,
        "Interest Expense Non Operating": 870000.0,
        "Operating Income": 36356000.0,
        "Operating Expense": 39732000.0,
        "Other Operating Expenses": 2898000.0,
        "Depreciation Amortization Depletion Income Statement": 11183000.0,
        "Depreciation And Amortization In Income Statement": 11183000.0,
        "Selling General And Administration": 25651000.0,
        "Gross Profit": 76088000.0,
        "Cost Of Revenue": 57639000.0,
        "Total Revenue": 133727000.0,
        "Operating Revenue": 129006000.0
    },
    "2022-06-30": {
        "Tax Effect Of Unusual Items": 0.0,
        "Tax Rate For Calcs": 0.221385,
        "Normalized EBITDA": 36207000.0,
        "Net Income From Continuing Operation Net Minority Interest": 19435000.0,
        "Reconciled Depreciation": 10546000.0,
        "Reconciled Cost Of Revenue": 53756000.0,
        "EBITDA": 36207000.0,
        "EBIT": 25661000.0,
        "Net Interest Income": -700000.0,
        "Interest Expense": 700000.0,
        "Normalized Income": 19435000.0,
        "Net Income From Continuing And Discontinued Operation": 19435000.0,
        "Total Expenses": 89628000.0,
        "Total Operating Income As Reported": 25661000.0,
        "Diluted Average Shares": 19582000.0,
        "Basic Average Shares": 18987000.0,
        "Diluted EPS": 0.99,
        "Basic EPS": 1.02,
        "Diluted NI Availto Com Stockholders": 19435000.0,
        "Net Income Common Stockholders": 19435000.0,
        "Net Income": 19435000.0,
        "Net Income Including Noncontrolling Interests": 19435000.0,
        "Net Income Continuous Operations": 19435000.0,
        "Tax Provision": 5526000.0,
        "Pretax Income": 24961000.0,
        "Net Non Operating Interest Income Expense": -700000.0,
        "Interest Expense Non Operating": 700000.0,
        "Operating Income": 25661000.0,
        "Operating Expense": 35872000.0,
        "Other Operating Expenses": 2229000.0,
        "Depreciation Amortization Depletion Income Statement": 10546000.0,
        "Depreciation And Amortization In Income Statement": 10546000.0,
        "Selling General And Administration": 23097000.0,
        "Gross Profit": 61533000.0,
        "Cost Of Revenue": 53756000.0,
        "Total Revenue": 115289000.0,
        "Operating Revenue": 110621000.0
    },
    "2022-03-31": {
        "Diluted EPS": 0.92,
        "Total Revenue": 108,
        "Gross Profit": 57,
        "Operating Income": 21,
        "EBIT": 32,
        "Net Income": 18
    },
    "2021-12-31": {
        "Diluted EPS": 1.03,
        "Total Revenue": 111,
        "Gross Profit": 60,
        "Operating Income": 26,
        "EBIT": 36,
        "Net Income": 20
    },
    "2021-09-30": {
        "Diluted EPS": 1.15,
        "Total Revenue": 112,
        "Gross Profit": 61,
        "Operating Income": 29,
        "EBIT": 39,
        "Net Income": 22
    },
    "2021-06-30": {
        "Diluted EPS": 0.93,
        "Total Revenue": 98,
        "Gross Profit": 55,
        "Operating Income": 24,
        "EBIT": 33,
        "Net Income": 18
    },
    "2021-03-31": {
        "Diluted EPS": 0.42,
        "Total Revenue": 75,
        "Gross Profit": 41,
        "Operating Income": 11,
        "EBIT": 21,
        "Net Income": 8
    },
    "2020-12-31": {
        "Diluted EPS": 0.81,
        "Total Revenue": 58,
        "Gross Profit": 31,
        "Operating Income": 5,
        "EBIT": 11,
        "Net Income": 15
    },
    "2020-09-30": {
        "Diluted EPS": 0.57,
        "Total Revenue": 60,
        "Gross Profit": 36,
        "Operating Income": 13,
        "EBIT": 18,
        "Net Income": 11
    },
    "2020-06-30": {
        "Diluted EPS": -0.24,
        "Total Revenue": 15,
        "Gross Profit": 8,
        "Operating Income": -5,
        "EBIT": -2,
        "Net Income": -4
    },
    "2020-03-31": {
        "Diluted EPS": 0.11,
        "Total Revenue": 51,
        "Gross Profit": 24,
        "Operating Income": 2,
        "EBIT": 6,
        "Net Income": 2
    },
    "2019-12-31": {
        "Diluted EPS": 0.32,
        "Total Revenue": 62,
        "Gross Profit": 31,
        "Operating Income": 8,
        "EBIT": 12,
        "Net Income": 6
    },
    "2019-09-30": {
        "Diluted EPS": 0.5,
        "Total Revenue": 66,
        "Gross Profit": 34,
        "Operating Income": 12,
        "EBIT": 15,
        "Net Income": 9
    },
    "2019-06-30": {
        "Diluted EPS": 0.5,
        "Total Revenue": 63,
        "Gross Profit": 32,
        "Operating Income": 12,
        "EBIT": 15,
        "Net Income": 9
    },
    "2019-03-31": {
        "Diluted EPS": 0.38,
        "Total Revenue": 59,
        "Gross Profit": 29,
        "Operating Income": 9,
        "EBIT": 12,
        "Net Income": 7
    },
    "2018-12-31": {
        "Diluted EPS": 0.39,
        "Total Revenue": 60,
        "Gross Profit": 30,
        "Operating Income": 9,
        "EBIT": 13,
        "Net Income": 7
    },
    "2018-09-30": {
        "Diluted EPS": 0.58,
        "Total Revenue": 64,
        "Gross Profit": 34,
        "Operating Income": 14,
        "EBIT": 18,
        "Net Income": 11
    },
    "2018-06-30": {
        "Diluted EPS": 0.5,
        "Total Revenue": 60,
        "Gross Profit": 31,
        "Operating Income": 11,
        "EBIT": 15,
        "Net Income": 9
    },
    "2018-03-31": {
        "Diluted EPS": 0.36,
        "Total Revenue": 56,
        "Gross Profit": 27,
        "Operating Income": 9,
        "EBIT": 12,
        "Net Income": 7
    },
    "2017-12-31": {
        "Diluted EPS": 0.23,
        "Total Revenue": 56,
        "Gross Profit": 28,
        "Operating Income": 8,
        "EBIT": 12,
        "Net Income": 4
    },
    "2017-09-30": {
        "Diluted EPS": 0.49,
        "Total Revenue": 63,
        "Gross Profit": 33,
        "Operating Income": 13,
        "EBIT": 17,
        "Net Income": 9
    },
    "2017-06-30": {
        "Diluted EPS": 0.4,
        "Total Revenue": 58,
        "Gross Profit": 30,
        "Operating Income": 12,
        "EBIT": 15,
        "Net Income": 7
    },
    "2017-03-31": {
        "Diluted EPS": 0.27,
        "Total Revenue": 53,
        "Gross Profit": 26,
        "Operating Income": 8,
        "EBIT": 12,
        "Net Income": 5
    },
    "2016-12-31": {
        "Diluted EPS": 0.36,
        "Total Revenue": 56,
        "Gross Profit": 30,
        "Operating Income": 10,
        "EBIT": 14,
        "Net Income": 6
    },
    "2016-09-30": {
        "Diluted EPS": 0.45,
        "Total Revenue": 57,
        "Gross Profit": 30,
        "Operating Income": 12,
        "EBIT": 16,
        "Net Income": 8
    },
    "2016-06-30": {
        "Diluted EPS": 0.32,
        "Total Revenue": 55,
        "Gross Profit": 28,
        "Operating Income": 9,
        "EBIT": 13,
        "Net Income": 6
    },
    "2016-03-31": {
        "Diluted EPS": 0.26,
        "Total Revenue": 50,
        "Gross Profit": 24,
        "Operating Income": 7,
        "EBIT": 11,
        "Net Income": 5
    },
    "2015-12-31": {
        "Diluted EPS": 0.29,
        "Total Revenue": 51,
        "Gross Profit": 26,
        "Operating Income": 8,
        "EBIT": 12,
        "Net Income": 5
    },
    "2015-09-30": {
        "Diluted EPS": 0.37,
        "Total Revenue": 54,
        "Gross Profit": 28,
        "Operating Income": 10,
        "EBIT": 14,
        "Net Income": 6
    },
    "2015-06-30": {
        "Diluted EPS": 0.29,
        "Total Revenue": 50,
        "Gross Profit": 25,
        "Operating Income": 8,
        "EBIT": 12,
        "Net Income": 5
    },
    "2015-03-31": {
        "Diluted EPS": 0.24,
        "Total Revenue": 47,
        "Gross Profit": 23,
        "Operating Income": 6,
        "EBIT": 11,
        "Net Income": 4
    },
    "2014-12-31": {
        "Diluted EPS": 0.22,
        "Total Revenue": 46,
        "Gross Profit": 22,
        "Operating Income": 5,
        "EBIT": 9,
        "Net Income": 4
    },
    "2014-09-30": {
        "Diluted EPS": 0.24,
        "Total Revenue": 49,
        "Gross Profit": 25,
        "Operating Income": 7,
        "EBIT": 11,
        "Net Income": 4
    },
    "2014-06-30": {
        "Diluted EPS": 0.18,
        "Total Revenue": 48,
        "Gross Profit": 25,
        "Operating Income": 5,
        "EBIT": 10,
        "Net Income": 3
    },
    "2014-03-31": {
        "Diluted EPS": 0.19,
        "Total Revenue": 46,
        "Gross Profit": 23,
        "Operating Income": 5,
        "EBIT": 10,
        "Net Income": 3
    },
    "2013-12-31": {
        "Diluted EPS": 0.11,
        "Total Revenue": 45,
        "Gross Profit": 22,
        "Operating Income": 4,
        "EBIT": 8,
        "Net Income": 2
    },
    "2013-09-30": {
        "Diluted EPS": 0.32,
        "Total Revenue": 49,
        "Gross Profit": 26,
        "Operating Income": 9,
        "EBIT": 13,
        "Net Income": 6
    },
    "2013-06-30": {
        "Diluted EPS": 0.37,
        "Total Revenue": 50,
        "Gross Profit": 27,
        "Operating Income": 10,
        "EBIT": 15,
        "Net Income": 6
    },
    "2013-03-31": {
        "Diluted EPS": 0.26,
        "Total Revenue": 46,
        "Gross Profit": 24,
        "Operating Income": 7,
        "EBIT": 12,
        "Net Income": 4
    },
    "2012-12-31": {
        "Diluted EPS": 0.09,
        "Total Revenue": 40,
        "Gross Profit": 19,
        "Operating Income": 3,
        "EBIT": 7,
        "Net Income": 1
    },
    "2012-09-30": {
        "Diluted EPS": 0.25,
        "Total Revenue": 46,
        "Gross Profit": 24,
        "Operating Income": 7,
        "EBIT": 12,
        "Net Income": 4
    },
    "2012-06-30": {
        "Diluted EPS": 0.11,
        "Total Revenue": 42,
        "Gross Profit": 22,
        "Operating Income": 3,
        "EBIT": 8,
        "Net Income": 2
    },
    "2012-03-31": {
        "Diluted EPS": 0.1,
        "Total Revenue": 35,
        "Gross Profit": 18,
        "Operating Income": 3,
        "EBIT": 6,
        "Net Income": 2
    },
    "2011-12-31": {
        "Diluted EPS": 0.04,
        "Total Revenue": 28,
        "Gross Profit": 11,
        "Operating Income": 1,
        "EBIT": 5,
        "Net Income": 1
    },
    "2011-09-30": {
        "Diluted EPS": 0.0,
        "Total Revenue": 36,
        "Gross Profit": 19,
        "Operating Income": 0,
        "EBIT": 4,
        "Net Income": 0
    },
    "2011-06-30": {
        "Diluted EPS": 0.22,
        "Total Revenue": 37,
        "Gross Profit": 20,
        "Operating Income": 6,
        "EBIT": 9,
        "Net Income": 4
    },
    "2011-03-31": {
        "Diluted EPS": 0.09,
        "Total Revenue": 33,
        "Gross Profit": 17,
        "Operating Income": 3,
        "EBIT": 6,
        "Net Income": 2
    },
    "2010-12-31": {
        "Diluted EPS": 0.03,
        "Total Revenue": 34,
        "Gross Profit": 17,
        "Operating Income": 1,
        "EBIT": 4,
        "Net Income": 0
    },
    "2010-09-30": {
        "Diluted EPS": 0.17,
        "Total Revenue": 38,
        "Gross Profit": 21,
        "Operating Income": 4,
        "EBIT": 8,
        "Net Income": 3
    },
    "2010-06-30": {
        "Diluted EPS": 0.16,
        "Total Revenue": 36,
        "Gross Profit": 20,
        "Operating Income": 4,
        "EBIT": 8,
        "Net Income": 3
    },
    "2010-03-31": {
        "Diluted EPS": 0.15,
        "Total Revenue": 34,
        "Gross Profit": 19,
        "Operating Income": 4,
        "EBIT": 8,
        "Net Income": 2
    },
    "2009-12-31": {
        "Diluted EPS": 0.0,
        "Total Revenue": 32,
        "Gross Profit": 17,
        "Operating Income": 0,
        "EBIT": 4,
        "Net Income": 0
    },
    "2009-09-30": {
        "Diluted EPS": 0.13,
        "Total Revenue": 35,
        "Gross Profit": 19,
        "Operating Income": 4,
        "EBIT": 7,
        "Net Income": 2
    },
    "2009-06-30": {
        "Diluted EPS": 0.11,
        "Total Revenue": 34,
        "Gross Profit": 19,
        "Operating Income": 3,
        "EBIT": 6,
        "Net Income": 2
    },
    "2009-03-31": {
        "Diluted EPS": 0.06,
        "Total Revenue": 33,
        "Gross Profit": 17,
        "Operating Income": 2,
        "EBIT": 5,
        "Net Income": 1
    },
    "2023-09-30": {
        "Tax Effect Of Unusual Items": NaN,
        "Tax Rate For Calcs": NaN,
        "Normalized EBITDA": NaN,
        "Net Income From Continuing Operation Net Minority Interest": NaN,
        "Reconciled Depreciation": NaN,
        "Reconciled Cost Of Revenue": NaN,
        "EBITDA": NaN,
        "EBIT": NaN,
        "Net Interest Income": NaN,
        "Interest Expense": 369000.0,
        "Normalized Income": NaN,
        "Net Income From Continuing And Discontinued Operation": NaN,
        "Total Expenses": NaN,
        "Total Operating Income As Reported": NaN,
        "Diluted Average Shares": NaN,
        "Basic Average Shares": NaN,
        "Diluted EPS": NaN,
        "Basic EPS": NaN,
        "Diluted NI Availto Com Stockholders": NaN,
        "Net Income Common Stockholders": NaN,
        "Net Income": NaN,
        "Net Income Including Noncontrolling Interests": NaN,
        "Net Income Continuous Operations": NaN,
        "Tax Provision": NaN,
        "Pretax Income": NaN,
        "Net Non Operating Interest Income Expense": NaN,
        "Total Other Finance Cost": NaN,
        "Interest Expense Non Operating": 369000.0,
        "Operating Income": NaN,
        "Operating Expense": NaN,
        "Other Operating Expenses": NaN,
        "Depreciation Amortization Depletion Income Statement": NaN,
        "Depreciation And Amortization In Income Statement": NaN,
        "Selling General And Administration": NaN,
        "Gross Profit": NaN,
        "Cost Of Revenue": NaN,
        "Total Revenue": NaN,
        "Operating Revenue": NaN
    },
    "2023-12-31": {
        "Tax Effect Of Unusual Items": NaN,
        "Tax Rate For Calcs": NaN,
        "Normalized EBITDA": NaN,
        "Net Income From Continuing Operation Net Minority Interest": NaN,
        "Reconciled Depreciation": NaN,
        "Reconciled Cost Of Revenue": NaN,
        "EBITDA": NaN,
        "EBIT": NaN,
        "Net Interest Income": NaN,
        "Interest Expense": -111000.0,
        "Interest Income": NaN,
        "Normalized Income": NaN,
        "Net Income From Continuing And Discontinued Operation": NaN,
        "Total Expenses": NaN,
        "Total Operating Income As Reported": NaN,
        "Diluted Average Shares": NaN,
        "Basic Average Shares": NaN,
        "Diluted EPS": NaN,
        "Basic EPS": NaN,
        "Diluted NI Availto Com Stockholders": NaN,
        "Net Income Common Stockholders": NaN,
        "Net Income": NaN,
        "Net Income Including Noncontrolling Interests": NaN,
        "Net Income Continuous Operations": NaN,
        "Tax Provision": NaN,
        "Pretax Income": NaN,
        "Net Non Operating Interest Income Expense": NaN,
        "Total Other Finance Cost": NaN,
        "Interest Expense Non Operating": -111000.0,
        "Interest Income Non Operating": NaN,
        "Operating Income": NaN,
        "Operating Expense": NaN,
        "Other Operating Expenses": NaN,
        "Depreciation Amortization Depletion Income Statement": NaN,
        "Depreciation And Amortization In Income Statement": NaN,
        "Selling General And Administration": NaN,
        "Gross Profit": NaN,
        "Cost Of Revenue": NaN,
        "Total Revenue": NaN,
        "Operating Revenue": NaN
    },
    "2024-03-31": {
        "Tax Effect Of Unusual Items": NaN,
        "Tax Rate For Calcs": NaN,
        "Normalized EBITDA": NaN,
        "Net Income From Continuing Operation Net Minority Interest": NaN,
        "Reconciled Depreciation": NaN,
        "Reconciled Cost Of Revenue": NaN,
        "EBITDA": NaN,
        "EBIT": NaN,
        "Net Interest Income": NaN,
        "Interest Expense": NaN,
        "Interest Income": NaN,
        "Normalized Income": NaN,
        "Net Income From Continuing And Discontinued Operation": NaN,
        "Total Expenses": NaN,
        "Total Operating Income As Reported": NaN,
        "Diluted Average Shares": NaN,
        "Basic Average Shares": NaN,
        "Diluted EPS": NaN,
        "Basic EPS": NaN,
        "Diluted NI Availto Com Stockholders": NaN,
        "Net Income Common Stockholders": NaN,
        "Net Income": NaN,
        "Net Income Including Noncontrolling Interests": NaN,
        "Net Income Continuous Operations": NaN,
        "Tax Provision": NaN,
        "Pretax Income": NaN,
        "Net Non Operating Interest Income Expense": NaN,
        "Total Other Finance Cost": -7000.0,
        "Interest Expense Non Operating": NaN,
        "Interest Income Non Operating": NaN,
        "Operating Income": NaN,
        "Operating Expense": NaN,
        "Other Operating Expenses": NaN,
        "Depreciation Amortization Depletion Income Statement": NaN,
        "Depreciation And Amortization In Income Statement": NaN,
        "Selling General And Administration": NaN,
        "Gross Profit": NaN,
        "Cost Of Revenue": NaN,
        "Total Revenue": NaN,
        "Operating Revenue": NaN
    },
    "2024-06-30": {
        "Tax Effect Of Unusual Items": 0.0,
        "Tax Rate For Calcs": 0.225923,
        "Normalized EBITDA": 41917000.0,
        "Net Income From Continuing Operation Net Minority Interest": 22682000.0,
        "Reconciled Depreciation": 12404000.0,
        "Reconciled Cost Of Revenue": 59795000.0,
        "EBITDA": 41917000.0,
        "EBIT": 29513000.0,
        "Net Interest Income": -211000.0,
        "Interest Expense": 211000.0,
        "Interest Income": NaN,
        "Normalized Income": 22682000.0,
        "Net Income From Continuing And Discontinued Operation": 22682000.0,
        "Total Expenses": 98630000.0,
        "Total Operating Income As Reported": 29513000.0,
        "Diluted Average Shares": 19090000.0,
        "Basic Average Shares": 18731000.0,
        "Diluted EPS": 1.19,
        "Basic EPS": 1.21,
        "Diluted NI Availto Com Stockholders": 22682000.0,
        "Net Income Common Stockholders": 22682000.0,
        "Net Income": 22682000.0,
        "Net Income Including Noncontrolling Interests": 22682000.0,
        "Net Income Continuous Operations": 22682000.0,
        "Tax Provision": 6620000.0,
        "Pretax Income": 29302000.0,
        "Net Non Operating Interest Income Expense": -211000.0,
        "Total Other Finance Cost": NaN,
        "Interest Expense Non Operating": 211000.0,
        "Interest Income Non Operating": NaN,
        "Operating Income": 29513000.0,
        "Operating Expense": 38835000.0,
        "Other Operating Expenses": 233000.0,
        "Depreciation Amortization Depletion Income Statement": 12404000.0,
        "Depreciation And Amortization In Income Statement": 12404000.0,
        "Selling General And Administration": 26198000.0,
        "Gross Profit": 68348000.0,
        "Cost Of Revenue": 59795000.0,
        "Total Revenue": 128143000.0,
        "Operating Revenue": 122550000.0
    },
    "2024-09-30": {
        "Tax Effect Of Unusual Items": 0.0,
        "Tax Rate For Calcs": 0.214363,
        "Normalized EBITDA": 48380000.0,
        "Net Income From Continuing Operation Net Minority Interest": 27601000.0,
        "Reconciled Depreciation": 13103000.0,
        "Reconciled Cost Of Revenue": 62091000.0,
        "EBITDA": 48380000.0,
        "EBIT": 35277000.0,
        "Net Interest Income": -145000.0,
        "Interest Expense": 145000.0,
        "Interest Income": NaN,
        "Normalized Income": 27601000.0,
        "Net Income From Continuing And Discontinued Operation": 27601000.0,
        "Total Expenses": 102596000.0,
        "Total Operating Income As Reported": 35277000.0,
        "Diluted Average Shares": 18746000.0,
        "Basic Average Shares": 18404000.0,
        "Diluted EPS": 1.47,
        "Basic EPS": 1.5,
        "Diluted NI Availto Com Stockholders": 27601000.0,
        "Net Income Common Stockholders": 27601000.0,
        "Net Income": 27601000.0,
        "Net Income Including Noncontrolling Interests": 27601000.0,
        "Net Income Continuous Operations": 27601000.0,
        "Tax Provision": 7531000.0,
        "Pretax Income": 35132000.0,
        "Net Non Operating Interest Income Expense": -145000.0,
        "Total Other Finance Cost": NaN,
        "Interest Expense Non Operating": 145000.0,
        "Interest Income Non Operating": NaN,
        "Operating Income": 35277000.0,
        "Operating Expense": 40505000.0,
        "Other Operating Expenses": 225000.0,
        "Depreciation Amortization Depletion Income Statement": 13103000.0,
        "Depreciation And Amortization In Income Statement": 13103000.0,
        "Selling General And Administration": 27177000.0,
        "Gross Profit": 75782000.0,
        "Cost Of Revenue": 62091000.0,
        "Total Revenue": 137873000.0,
        "Operating Revenue": 130837000.0
    },
    "2024-12-31": {
        "Tax Effect Of Unusual Items": 0.0,
        "Tax Rate For Calcs": 0.21,
        "Normalized EBITDA": 17268000.0,
        "Net Income From Continuing Operation Net Minority Interest": 4211000.0,
        "Reconciled Depreciation": 13365000.0,
        "Reconciled Cost Of Revenue": 61671000.0,
        "EBITDA": 17268000.0,
        "EBIT": 3903000.0,
        "Net Interest Income": 245000.0,
        "Interest Expense": -245000.0,
        "Interest Income": NaN,
        "Normalized Income": 4211000.0,
        "Net Income From Continuing And Discontinued Operation": 4211000.0,
        "Total Expenses": 130610000.0,
        "Total Operating Income As Reported": 3903000.0,
        "Diluted Average Shares": 18758000.0,
        "Basic Average Shares": 18402000.0,
        "Diluted EPS": 1.36,
        "Basic EPS": 1.39,
        "Diluted NI Availto Com Stockholders": 4211000.0,
        "Net Income Common Stockholders": 4211000.0,
        "Net Income": 4211000.0,
        "Net Income Including Noncontrolling Interests": 4211000.0,
        "Net Income Continuous Operations": 4211000.0,
        "Tax Provision": -63000.0,
        "Pretax Income": 4148000.0,
        "Net Non Operating Interest Income Expense": 245000.0,
        "Total Other Finance Cost": NaN,
        "Interest Expense Non Operating": -245000.0,
        "Interest Income Non Operating": NaN,
        "Operating Income": 3903000.0,
        "Operating Expense": 68939000.0,
        "Other Operating Expenses": 27737000.0,
        "Depreciation Amortization Depletion Income Statement": 13365000.0,
        "Depreciation And Amortization In Income Statement": 13365000.0,
        "Selling General And Administration": 27837000.0,
        "Gross Profit": 72842000.0,
        "Cost Of Revenue": 61671000.0,
        "Total Revenue": 134513000.0,
        "Operating Revenue": 127884000.0
    },
    "2025-03-31": {
        "Tax Effect Of Unusual Items": 0.0,
        "Tax Rate For Calcs": 0.225,
        "Normalized EBITDA": 38533000.0,
        "Net Income From Continuing Operation Net Minority Interest": 19864000.0,
        "Reconciled Depreciation": 13215000.0,
        "Reconciled Cost Of Revenue": 59200000.0,
        "EBITDA": 38533000.0,
        "EBIT": 25318000.0,
        "Net Interest Income": 316000.0,
        "Interest Expense": NaN,
        "Interest Income": NaN,
        "Normalized Income": 19864000.0,
        "Net Income From Continuing And Discontinued Operation": 19864000.0,
        "Total Expenses": 100076000.0,
        "Total Operating Income As Reported": 25318000.0,
        "Diluted Average Shares": 18829000.0,
        "Basic Average Shares": 18451000.0,
        "Diluted EPS": 1.05,
        "Basic EPS": 1.08,
        "Diluted NI Availto Com Stockholders": 19864000.0,
        "Net Income Common Stockholders": 19864000.0,
        "Net Income": 19864000.0,
        "Net Income Including Noncontrolling Interests": 19864000.0,
        "Net Income Continuous Operations": 19864000.0,
        "Tax Provision": 5770000.0,
        "Pretax Income": 25634000.0,
        "Net Non Operating Interest Income Expense": 316000.0,
        "Total Other Finance Cost": -316000.0,
        "Interest Expense Non Operating": NaN,
        "Interest Income Non Operating": NaN,
        "Operating Income": 25318000.0,
        "Operating Expense": 40876000.0,
        "Other Operating Expenses": 471000.0,
        "Depreciation Amortization Depletion Income Statement": 13215000.0,
        "Depreciation And Amortization In Income Statement": 13215000.0,
        "Selling General And Administration": 27190000.0,
        "Gross Profit": 66194000.0,
        "Cost Of Revenue": 59200000.0,
        "Total Revenue": 125394000.0,
        "Operating Revenue": 119625000.0
    },
    "2025-06-30": {
        "Tax Effect Of Unusual Items": 0.0,
        "Tax Rate For Calcs": 0.234706,
        "Normalized EBITDA": 48470000.0,
        "Net Income From Continuing Operation Net Minority Interest": 27008000.0,
        "Reconciled Depreciation": 13571000.0,
        "Reconciled Cost Of Revenue": 60714000.0,
        "EBITDA": 48470000.0,
        "EBIT": 34899000.0,
        "Net Interest Income": 392000.0,
        "Interest Expense": NaN,
        "Interest Income": 392000.0,
        "Normalized Income": 27008000.0,
        "Net Income From Continuing And Discontinued Operation": 27008000.0,
        "Total Expenses": 102015000.0,
        "Total Operating Income As Reported": 34899000.0,
        "Diluted Average Shares": 18723000.0,
        "Basic Average Shares": 18383000.0,
        "Diluted EPS": 1.44,
        "Basic EPS": 1.47,
        "Diluted NI Availto Com Stockholders": 27008000.0,
        "Net Income Common Stockholders": 27008000.0,
        "Net Income": 27008000.0,
        "Net Income Including Noncontrolling Interests": 27008000.0,
        "Net Income Continuous Operations": 27008000.0,
        "Tax Provision": 8283000.0,
        "Pretax Income": 35291000.0,
        "Net Non Operating Interest Income Expense": 392000.0,
        "Total Other Finance Cost": NaN,
        "Interest Expense Non Operating": NaN,
        "Interest Income Non Operating": 392000.0,
        "Operating Income": 34899000.0,
        "Operating Expense": 41301000.0,
        "Other Operating Expenses": 944000.0,
        "Depreciation Amortization Depletion Income Statement": 13571000.0,
        "Depreciation And Amortization In Income Statement": 13571000.0,
        "Selling General And Administration": 26786000.0,
        "Gross Profit": 76200000.0,
        "Cost Of Revenue": 60714000.0,
        "Total Revenue": 136914000.0,
        "Operating Revenue": 130890000.0
    }
}