{
    "2023-03-31": {
        "Tax Effect Of Unusual Items": 0.0,
        "Tax Rate For Calcs": 0.27,
        "Net Income From Continuing Operation Net Minority Interest": -45288000.0,
        "Reconciled Depreciation": 17411000.0,
        "EBIT": -57147000.0,
        "Net Interest Income": -4931000.0,
        "Interest Expense": 4931000.0,
        "Normalized Income": -45288000.0,
        "Net Income From Continuing And Discontinued Operation": -45288000.0,
        "Total Expenses": 1168657000.0,
        "Diluted Average Shares": 55371000.0,
        "Basic Average Shares": 55371000.0,
        "Diluted EPS": -0.82,
        "Basic EPS": -0.82,
        "Diluted NI Availto Com Stockholders": -45288000.0,
        "Net Income Common Stockholders": -45288000.0,
        "Net Income": -45288000.0,
        "Net Income Including Noncontrolling Interests": -45288000.0,
        "Net Income Continuous Operations": -45288000.0,
        "Tax Provision": -16790000.0,
        "Pretax Income": -62078000.0,
        "Other Income Expense": 894000.0,
        "Net Non Operating Interest Income Expense": -4931000.0,
        "Interest Expense Non Operating": 4931000.0,
        "Other Operating Expenses": 69690000.0,
        "Total Revenue": 1106579000.0,
        "Operating Revenue": 1106579000.0,
        "Loss Adjustment Expense": 929529000.0,
        "Net Policyholder Benefits And Claims": 929529000.0
    },
    "2022-12-31": {
        "Tax Effect Of Unusual Items": 0.0,
        "Tax Rate For Calcs": 0.21,
        "Net Income From Continuing Operation Net Minority Interest": -6770000.0,
        "Reconciled Depreciation": 17743000.0,
        "EBIT": -12932000.0,
        "Net Interest Income": -4410000.0,
        "Interest Expense": 4410000.0,
        "Normalized Income": -6770000.0,
        "Net Income From Continuing And Discontinued Operation": -6770000.0,
        "Total Expenses": 1169035000.0,
        "Diluted Average Shares": 55371000.0,
        "Basic Average Shares": 55371000.0,
        "Diluted EPS": -0.12,
        "Basic EPS": -0.12,
        "Diluted NI Availto Com Stockholders": -6770000.0,
        "Net Income Common Stockholders": -6770000.0,
        "Net Income": -6770000.0,
        "Net Income Including Noncontrolling Interests": -6770000.0,
        "Net Income Continuous Operations": -6770000.0,
        "Tax Provision": -10572000.0,
        "Pretax Income": -17342000.0,
        "Other Income Expense": 3167000.0,
        "Net Non Operating Interest Income Expense": -4410000.0,
        "Interest Expense Non Operating": 4410000.0,
        "Other Operating Expenses": 71413000.0,
        "Total Revenue": 1151693000.0,
        "Operating Revenue": 1151693000.0
    },
    "2022-09-30": {
        "Tax Effect Of Unusual Items": 0.0,
        "Tax Rate For Calcs": 0.226,
        "Net Income From Continuing Operation Net Minority Interest": -98303000.0,
        "Reconciled Depreciation": 18948000.0,
        "EBIT": -124630000.0,
        "Net Interest Income": -4273000.0,
        "Interest Expense": 4273000.0,
        "Normalized Income": -98303000.0,
        "Net Income From Continuing And Discontinued Operation": -98303000.0,
        "Total Expenses": 1029190000.0,
        "Diluted Average Shares": 55371000.0,
        "Basic Average Shares": 55371000.0,
        "Diluted EPS": -1.78,
        "Basic EPS": -1.78,
        "Diluted NI Availto Com Stockholders": -98303000.0,
        "Net Income Common Stockholders": -98303000.0,
        "Net Income": -98303000.0,
        "Net Income Including Noncontrolling Interests": -98303000.0,
        "Net Income Continuous Operations": -98303000.0,
        "Tax Provision": -30600000.0,
        "Pretax Income": -128903000.0,
        "Other Income Expense": 2998000.0,
        "Net Non Operating Interest Income Expense": -4273000.0,
        "Interest Expense Non Operating": 4273000.0,
        "Other Operating Expenses": 68585000.0,
        "Total Revenue": 900287000.0,
        "Operating Revenue": 900287000.0
    },
    "2022-06-30": {
        "Tax Effect Of Unusual Items": 0.0,
        "Tax Rate For Calcs": 0.224,
        "Net Income From Continuing Operation Net Minority Interest": -210681000.0,
        "Reconciled Depreciation": 23446000.0,
        "EBIT": -267066000.0,
        "Net Interest Income": -4274000.0,
        "Interest Expense": 4274000.0,
        "Normalized Income": -210681000.0,
        "Net Income From Continuing And Discontinued Operation": -210681000.0,
        "Total Expenses": 1056965000.0,
        "Diluted Average Shares": 55371000.0,
        "Basic Average Shares": 55371000.0,
        "Diluted EPS": -3.8,
        "Basic EPS": -3.8,
        "Diluted NI Availto Com Stockholders": -210681000.0,
        "Net Income Common Stockholders": -210681000.0,
        "Net Income": -210681000.0,
        "Net Income Including Noncontrolling Interests": -210681000.0,
        "Net Income Continuous Operations": -210681000.0,
        "Tax Provision": -60659000.0,
        "Pretax Income": -271340000.0,
        "Other Income Expense": 1496000.0,
        "Net Non Operating Interest Income Expense": -4274000.0,
        "Interest Expense Non Operating": 4274000.0,
        "Other Operating Expenses": 69430000.0,
        "Total Revenue": 785625000.0,
        "Operating Revenue": 785625000.0
    },
    "2023-06-30": {
        "Tax Effect Of Unusual Items": 0.0,
        "Tax Rate For Calcs": 0.321,
        "Net Income From Continuing Operation Net Minority Interest": -41543000.0,
        "Reconciled Depreciation": 18506000.0,
        "EBIT": -55661000.0,
        "Net Interest Income": -5549000.0,
        "Interest Expense": 5549000.0,
        "Normalized Income": -41543000.0,
        "Net Income From Continuing And Discontinued Operation": -41543000.0,
        "Total Expenses": 1144437000.0,
        "Diluted Average Shares": 55371000.0,
        "Basic Average Shares": 55371000.0,
        "Diluted EPS": -0.75,
        "Basic EPS": -0.75,
        "Diluted NI Availto Com Stockholders": -41543000.0,
        "Net Income Common Stockholders": -41543000.0,
        "Net Income": -41543000.0,
        "Net Income Including Noncontrolling Interests": -41543000.0,
        "Net Income Continuous Operations": -41543000.0,
        "Tax Provision": -19667000.0,
        "Pretax Income": -61210000.0,
        "Other Income Expense": 10186000.0,
        "Net Non Operating Interest Income Expense": -5549000.0,
        "Interest Expense Non Operating": 5549000.0,
        "Other Operating Expenses": 68341000.0,
        "Total Revenue": 1083227000.0,
        "Operating Revenue": 1083227000.0,
        "Loss Adjustment Expense": 897810000.0,
        "Net Policyholder Benefits And Claims": 897810000.0
    },
    "2022-03-31": {
        "Diluted EPS": -3.56,
        "Total Revenue": 805,
        "Gross Profit": -179,
        "Operating Income": -249,
        "EBIT": -227,
        "Net Income": -197
    },
    "2021-12-31": {
        "Diluted EPS": 0.56,
        "Total Revenue": NaN,
        "Gross Profit": 106,
        "Operating Income": 39,
        "EBIT": 61,
        "Net Income": 30
    },
    "2021-09-30": {
        "Diluted EPS": 0.02,
        "Total Revenue": 932,
        "Gross Profit": 81,
        "Operating Income": 1,
        "EBIT": 21,
        "Net Income": 1
    },
    "2021-06-30": {
        "Diluted EPS": 1.97,
        "Total Revenue": NaN,
        "Gross Profit": 211,
        "Operating Income": 140,
        "EBIT": 159,
        "Net Income": 109
    },
    "2021-03-31": {
        "Diluted EPS": 1.93,
        "Total Revenue": 993,
        "Gross Profit": 202,
        "Operating Income": 137,
        "EBIT": 154,
        "Net Income": 107
    },
    "2020-12-31": {
        "Diluted EPS": 3.01,
        "Total Revenue": NaN,
        "Gross Profit": 278,
        "Operating Income": 211,
        "EBIT": 229,
        "Net Income": 167
    },
    "2020-09-30": {
        "Diluted EPS": 2.15,
        "Total Revenue": 999,
        "Gross Profit": 223,
        "Operating Income": 151,
        "EBIT": 169,
        "Net Income": 119
    },
    "2020-06-30": {
        "Diluted EPS": 4.12,
        "Total Revenue": NaN,
        "Gross Profit": 361,
        "Operating Income": 290,
        "EBIT": 307,
        "Net Income": 228
    },
    "2020-03-31": {
        "Diluted EPS": -2.51,
        "Total Revenue": 708,
        "Gross Profit": -100,
        "Operating Income": -176,
        "EBIT": -160,
        "Net Income": -139
    },
    "2019-12-31": {
        "Diluted EPS": 0.58,
        "Total Revenue": 988,
        "Gross Profit": 96,
        "Operating Income": 33,
        "EBIT": 50,
        "Net Income": 32
    },
    "2019-09-30": {
        "Diluted EPS": 1.25,
        "Total Revenue": 987,
        "Gross Profit": 155,
        "Operating Income": 85,
        "EBIT": 101,
        "Net Income": 69
    },
    "2019-06-30": {
        "Diluted EPS": 1.5,
        "Total Revenue": 979,
        "Gross Profit": 174,
        "Operating Income": 106,
        "EBIT": 122,
        "Net Income": 83
    },
    "2019-03-31": {
        "Diluted EPS": 2.45,
        "Total Revenue": NaN,
        "Gross Profit": 239,
        "Operating Income": 171,
        "EBIT": 187,
        "Net Income": 136
    },
    "2018-12-31": {
        "Diluted EPS": -1.48,
        "Total Revenue": 817,
        "Gross Profit": -56,
        "Operating Income": -110,
        "EBIT": -95,
        "Net Income": -82
    },
    "2018-09-30": {
        "Diluted EPS": 1.06,
        "Total Revenue": 895,
        "Gross Profit": 138,
        "Operating Income": 75,
        "EBIT": 90,
        "Net Income": 59
    },
    "2018-06-30": {
        "Diluted EPS": 1.09,
        "Total Revenue": 885,
        "Gross Profit": 138,
        "Operating Income": 78,
        "EBIT": 92,
        "Net Income": 60
    },
    "2018-03-31": {
        "Diluted EPS": -0.77,
        "Total Revenue": 783,
        "Gross Profit": 10,
        "Operating Income": -55,
        "EBIT": -41,
        "Net Income": -43
    },
    "2017-12-31": {
        "Diluted EPS": 0.36,
        "Total Revenue": 857,
        "Gross Profit": 64,
        "Operating Income": 14,
        "EBIT": 28,
        "Net Income": 20
    },
    "2017-09-30": {
        "Diluted EPS": 0.84,
        "Total Revenue": 858,
        "Gross Profit": 127,
        "Operating Income": 62,
        "EBIT": 77,
        "Net Income": 46
    },
    "2017-06-30": {
        "Diluted EPS": 0.93,
        "Total Revenue": 853,
        "Gross Profit": 126,
        "Operating Income": 73,
        "EBIT": 87,
        "Net Income": 52
    },
    "2017-03-31": {
        "Diluted EPS": 0.49,
        "Total Revenue": 848,
        "Gross Profit": 98,
        "Operating Income": 33,
        "EBIT": 46,
        "Net Income": 27
    },
    "2016-12-31": {
        "Diluted EPS": -0.47,
        "Total Revenue": 738,
        "Gross Profit": 7,
        "Operating Income": -50,
        "EBIT": -37,
        "Net Income": -26
    },
    "2016-09-30": {
        "Diluted EPS": 0.49,
        "Total Revenue": 808,
        "Gross Profit": 92,
        "Operating Income": 33,
        "EBIT": 46,
        "Net Income": 27
    },
    "2016-06-30": {
        "Diluted EPS": 0.88,
        "Total Revenue": 858,
        "Gross Profit": 123,
        "Operating Income": 65,
        "EBIT": 78,
        "Net Income": 49
    },
    "2016-03-31": {
        "Diluted EPS": 0.42,
        "Total Revenue": 824,
        "Gross Profit": 88,
        "Operating Income": 27,
        "EBIT": 40,
        "Net Income": 23
    },
    "2015-12-31": {
        "Diluted EPS": 0.43,
        "Total Revenue": 786,
        "Gross Profit": 85,
        "Operating Income": 25,
        "EBIT": 35,
        "Net Income": 23
    },
    "2015-09-30": {
        "Diluted EPS": 0.28,
        "Total Revenue": 752,
        "Gross Profit": 74,
        "Operating Income": 13,
        "EBIT": 25,
        "Net Income": 15
    },
    "2015-06-30": {
        "Diluted EPS": 0.17,
        "Total Revenue": 726,
        "Gross Profit": 70,
        "Operating Income": 5,
        "EBIT": 18,
        "Net Income": 10
    },
    "2015-03-31": {
        "Diluted EPS": 0.47,
        "Total Revenue": 745,
        "Gross Profit": 96,
        "Operating Income": 31,
        "EBIT": 43,
        "Net Income": 26
    },
    "2014-12-31": {
        "Diluted EPS": -0.39,
        "Total Revenue": 722,
        "Gross Profit": 56,
        "Operating Income": -27,
        "EBIT": -15,
        "Net Income": -21
    },
    "2014-09-30": {
        "Diluted EPS": 0.57,
        "Total Revenue": 720,
        "Gross Profit": 96,
        "Operating Income": 38,
        "EBIT": 49,
        "Net Income": 31
    },
    "2014-06-30": {
        "Diluted EPS": 1.73,
        "Total Revenue": 807,
        "Gross Profit": 191,
        "Operating Income": 137,
        "EBIT": 150,
        "Net Income": 95
    },
    "2014-03-31": {
        "Diluted EPS": 1.32,
        "Total Revenue": 763,
        "Gross Profit": 157,
        "Operating Income": 103,
        "EBIT": 113,
        "Net Income": 73
    },
    "2013-12-31": {
        "Diluted EPS": 0.28,
        "Total Revenue": 710,
        "Gross Profit": 65,
        "Operating Income": 12,
        "EBIT": 22,
        "Net Income": 15
    },
    "2013-09-30": {
        "Diluted EPS": 0.72,
        "Total Revenue": 729,
        "Gross Profit": 109,
        "Operating Income": 55,
        "EBIT": 65,
        "Net Income": 40
    },
    "2013-06-30": {
        "Diluted EPS": -0.17,
        "Total Revenue": 643,
        "Gross Profit": 29,
        "Operating Income": -25,
        "EBIT": -14,
        "Net Income": -9
    },
    "2013-03-31": {
        "Diluted EPS": 1.21,
        "Total Revenue": 740,
        "Gross Profit": 149,
        "Operating Income": 91,
        "EBIT": 103,
        "Net Income": 66
    },
    "2012-12-31": {
        "Diluted EPS": -0.32,
        "Total Revenue": 681,
        "Gross Profit": 14,
        "Operating Income": -39,
        "EBIT": -30,
        "Net Income": -17
    },
    "2012-09-30": {
        "Diluted EPS": 1.21,
        "Total Revenue": 732,
        "Gross Profit": 142,
        "Operating Income": 92,
        "EBIT": 104,
        "Net Income": 66
    },
    "2012-06-30": {
        "Diluted EPS": -0.1,
        "Total Revenue": 648,
        "Gross Profit": 33,
        "Operating Income": -18,
        "EBIT": -7,
        "Net Income": -5
    },
    "2012-03-31": {
        "Diluted EPS": 1.34,
        "Total Revenue": 723,
        "Gross Profit": 155,
        "Operating Income": 102,
        "EBIT": 113,
        "Net Income": 73
    },
    "2011-12-31": {
        "Diluted EPS": 1.46,
        "Total Revenue": 749,
        "Gross Profit": 161,
        "Operating Income": 112,
        "EBIT": 122,
        "Net Income": 79
    },
    "2011-09-30": {
        "Diluted EPS": -0.07,
        "Total Revenue": 616,
        "Gross Profit": 36,
        "Operating Income": -17,
        "EBIT": -5,
        "Net Income": -4
    },
    "2011-06-30": {
        "Diluted EPS": 1.04,
        "Total Revenue": 707,
        "Gross Profit": 132,
        "Operating Income": 77,
        "EBIT": 89,
        "Net Income": 57
    },
    "2011-03-31": {
        "Diluted EPS": 1.06,
        "Total Revenue": 706,
        "Gross Profit": 137,
        "Operating Income": 79,
        "EBIT": 90,
        "Net Income": 58
    },
    "2010-12-31": {
        "Diluted EPS": -0.43,
        "Total Revenue": 656,
        "Gross Profit": 15,
        "Operating Income": -48,
        "EBIT": -36,
        "Net Income": -24
    },
    "2010-09-30": {
        "Diluted EPS": 1.77,
        "Total Revenue": 767,
        "Gross Profit": 201,
        "Operating Income": 137,
        "EBIT": 151,
        "Net Income": 97
    },
    "2010-06-30": {
        "Diluted EPS": 0.32,
        "Total Revenue": 654,
        "Gross Profit": 88,
        "Operating Income": 17,
        "EBIT": 25,
        "Net Income": 18
    },
    "2010-03-31": {
        "Diluted EPS": 1.12,
        "Total Revenue": 700,
        "Gross Profit": 140,
        "Operating Income": 83,
        "EBIT": 91,
        "Net Income": 61
    },
    "2009-12-31": {
        "Diluted EPS": 0.65,
        "Total Revenue": 677,
        "Gross Profit": 102,
        "Operating Income": 43,
        "EBIT": 54,
        "Net Income": 34
    },
    "2009-09-30": {
        "Diluted EPS": 2.85,
        "Total Revenue": 861,
        "Gross Profit": 285,
        "Operating Income": 231,
        "EBIT": 242,
        "Net Income": 158
    },
    "2009-06-30": {
        "Diluted EPS": 2.07,
        "Total Revenue": 796,
        "Gross Profit": 214,
        "Operating Income": 163,
        "EBIT": 174,
        "Net Income": 114
    },
    "2009-03-31": {
        "Diluted EPS": 1.75,
        "Total Revenue": 787,
        "Gross Profit": 195,
        "Operating Income": 142,
        "EBIT": 151,
        "Net Income": 97
    },
    "2023-09-30": {
        "Tax Effect Of Unusual Items": NaN,
        "Tax Rate For Calcs": NaN,
        "Net Income From Continuing Operation Net Minority Interest": NaN,
        "Reconciled Depreciation": NaN,
        "EBIT": NaN,
        "Net Interest Income": NaN,
        "Interest Expense": NaN,
        "Normalized Income": NaN,
        "Net Income From Continuing And Discontinued Operation": NaN,
        "Total Expenses": NaN,
        "Diluted Average Shares": 55371000.0,
        "Basic Average Shares": 55371000.0,
        "Diluted EPS": -0.15,
        "Basic EPS": -0.15,
        "Diluted NI Availto Com Stockholders": NaN,
        "Net Income Common Stockholders": NaN,
        "Net Income": NaN,
        "Net Income Including Noncontrolling Interests": NaN,
        "Net Income Continuous Operations": NaN,
        "Tax Provision": NaN,
        "Pretax Income": NaN,
        "Other Income Expense": NaN,
        "Net Non Operating Interest Income Expense": NaN,
        "Interest Expense Non Operating": NaN,
        "Other Operating Expenses": NaN,
        "Total Revenue": NaN,
        "Operating Revenue": NaN,
        "Loss Adjustment Expense": NaN,
        "Net Policyholder Benefits And Claims": NaN
    },
    "2023-12-31": {
        "Tax Effect Of Unusual Items": 0.0,
        "Tax Rate For Calcs": 0.195638,
        "Net Income From Continuing Operation Net Minority Interest": 191394000.0,
        "Reconciled Depreciation": 18086000.0,
        "EBIT": 245716000.0,
        "Net Interest Income": -7771000.0,
        "Interest Expense": 7771000.0,
        "Normalized Income": 191394000.0,
        "Net Income From Continuing And Discontinued Operation": 191394000.0,
        "Total Expenses": 1136688000.0,
        "Diluted Average Shares": 55371000.0,
        "Basic Average Shares": 55371000.0,
        "Diluted EPS": 3.46,
        "Basic EPS": 3.46,
        "Diluted NI Availto Com Stockholders": 191394000.0,
        "Net Income Common Stockholders": 191394000.0,
        "Net Income": 191394000.0,
        "Net Income Including Noncontrolling Interests": 191394000.0,
        "Net Income Continuous Operations": 191394000.0,
        "Tax Provision": 46551000.0,
        "Pretax Income": 237945000.0,
        "Other Income Expense": 4609000.0,
        "Net Non Operating Interest Income Expense": -7771000.0,
        "Interest Expense Non Operating": 7771000.0,
        "Other Operating Expenses": 72433000.0,
        "Total Revenue": 1374633000.0,
        "Operating Revenue": 1374633000.0,
        "Loss Adjustment Expense": 866772000.0,
        "Net Policyholder Benefits And Claims": 866772000.0
    },
    "2024-03-31": {
        "Tax Effect Of Unusual Items": 0.0,
        "Tax Rate For Calcs": 0.17662,
        "Net Income From Continuing Operation Net Minority Interest": 73462000.0,
        "Reconciled Depreciation": 17337000.0,
        "EBIT": 96993000.0,
        "Net Interest Income": -7773000.0,
        "Interest Expense": 7773000.0,
        "Normalized Income": 73462000.0,
        "Net Income From Continuing And Discontinued Operation": 73462000.0,
        "Total Expenses": 1184865000.0,
        "Diluted Average Shares": 55372000.0,
        "Basic Average Shares": 55371000.0,
        "Diluted EPS": 1.33,
        "Basic EPS": 1.33,
        "Diluted NI Availto Com Stockholders": 73462000.0,
        "Net Income Common Stockholders": 73462000.0,
        "Net Income": 73462000.0,
        "Net Income Including Noncontrolling Interests": 73462000.0,
        "Net Income Continuous Operations": 73462000.0,
        "Tax Provision": 15758000.0,
        "Pretax Income": 89220000.0,
        "Other Income Expense": 4196000.0,
        "Net Non Operating Interest Income Expense": -7773000.0,
        "Interest Expense Non Operating": 7773000.0,
        "Other Operating Expenses": 77087000.0,
        "Total Revenue": 1274085000.0,
        "Operating Revenue": 1274085000.0,
        "Loss Adjustment Expense": 903965000.0,
        "Net Policyholder Benefits And Claims": 903965000.0
    },
    "2024-06-30": {
        "Tax Effect Of Unusual Items": 0.0,
        "Tax Rate For Calcs": 0.167,
        "Net Income From Continuing Operation Net Minority Interest": 62568000.0,
        "Reconciled Depreciation": 17401000.0,
        "EBIT": 82896000.0,
        "Net Interest Income": -7799000.0,
        "Interest Expense": 7799000.0,
        "Normalized Income": 62568000.0,
        "Net Income From Continuing And Discontinued Operation": 62568000.0,
        "Total Expenses": 1229897000.0,
        "Diluted Average Shares": 55375000.0,
        "Basic Average Shares": 55371000.0,
        "Diluted EPS": 1.13,
        "Basic EPS": 1.13,
        "Diluted NI Availto Com Stockholders": 62568000.0,
        "Net Income Common Stockholders": 62568000.0,
        "Net Income": 62568000.0,
        "Net Income Including Noncontrolling Interests": 62568000.0,
        "Net Income Continuous Operations": 62568000.0,
        "Tax Provision": 12529000.0,
        "Pretax Income": 75097000.0,
        "Other Income Expense": -2899000.0,
        "Net Non Operating Interest Income Expense": -7799000.0,
        "Interest Expense Non Operating": 7799000.0,
        "Other Operating Expenses": 81702000.0,
        "Total Revenue": 1304994000.0,
        "Operating Revenue": 1304994000.0,
        "Loss Adjustment Expense": 936714000.0,
        "Net Policyholder Benefits And Claims": 936714000.0
    },
    "2024-09-30": {
        "Tax Effect Of Unusual Items": 0.0,
        "Tax Rate For Calcs": 0.196,
        "Net Income From Continuing Operation Net Minority Interest": 230856000.0,
        "Reconciled Depreciation": 19106000.0,
        "EBIT": 294781000.0,
        "Net Interest Income": -7717000.0,
        "Interest Expense": 7717000.0,
        "Normalized Income": 230856000.0,
        "Net Income From Continuing And Discontinued Operation": 230856000.0,
        "Total Expenses": 1243310000.0,
        "Diluted Average Shares": 55376000.0,
        "Basic Average Shares": 55371000.0,
        "Diluted EPS": 4.17,
        "Basic EPS": 4.17,
        "Diluted NI Availto Com Stockholders": 230856000.0,
        "Net Income Common Stockholders": 230856000.0,
        "Net Income": 230856000.0,
        "Net Income Including Noncontrolling Interests": 230856000.0,
        "Net Income Continuous Operations": 230856000.0,
        "Tax Provision": 56208000.0,
        "Pretax Income": 287064000.0,
        "Other Income Expense": 22538000.0,
        "Net Non Operating Interest Income Expense": -7717000.0,
        "Interest Expense Non Operating": 7717000.0,
        "Other Operating Expenses": 86861000.0,
        "Total Revenue": 1530374000.0,
        "Operating Revenue": 1530374000.0,
        "Loss Adjustment Expense": 918439000.0,
        "Net Policyholder Benefits And Claims": 918439000.0
    },
    "2024-12-31": {
        "Tax Effect Of Unusual Items": 0.0,
        "Tax Rate For Calcs": 0.18163,
        "Net Income From Continuing Operation Net Minority Interest": 101067000.0,
        "Reconciled Depreciation": 19589000.0,
        "EBIT": 131034000.0,
        "Net Interest Income": -7536000.0,
        "Interest Expense": 7536000.0,
        "Normalized Income": 101067000.0,
        "Net Income From Continuing And Discontinued Operation": 101067000.0,
        "Total Expenses": 1242681000.0,
        "Diluted Average Shares": 55382000.0,
        "Basic Average Shares": 55378000.0,
        "Diluted EPS": 1.82,
        "Basic EPS": 1.83,
        "Diluted NI Availto Com Stockholders": 101067000.0,
        "Net Income Common Stockholders": 101067000.0,
        "Net Income": 101067000.0,
        "Net Income Including Noncontrolling Interests": 101067000.0,
        "Net Income Continuous Operations": 101067000.0,
        "Tax Provision": 22431000.0,
        "Pretax Income": 123498000.0,
        "Other Income Expense": 7680000.0,
        "Net Non Operating Interest Income Expense": -7536000.0,
        "Interest Expense Non Operating": 7536000.0,
        "Other Operating Expenses": 81506000.0,
        "Total Revenue": 1366179000.0,
        "Operating Revenue": 1366179000.0,
        "Loss Adjustment Expense": 925394000.0,
        "Net Policyholder Benefits And Claims": 925394000.0
    },
    "2025-03-31": {
        "Tax Effect Of Unusual Items": 0.0,
        "Tax Rate For Calcs": 0.239,
        "Net Income From Continuing Operation Net Minority Interest": -108327000.0,
        "Reconciled Depreciation": 17244000.0,
        "EBIT": -135107000.0,
        "Net Interest Income": -7189000.0,
        "Interest Expense": 7189000.0,
        "Normalized Income": -108327000.0,
        "Net Income From Continuing And Discontinued Operation": -108327000.0,
        "Total Expenses": 1536175000.0,
        "Diluted Average Shares": 55389000.0,
        "Basic Average Shares": 55389000.0,
        "Diluted EPS": -1.96,
        "Basic EPS": -1.96,
        "Diluted NI Availto Com Stockholders": -108327000.0,
        "Net Income Common Stockholders": -108327000.0,
        "Net Income": -108327000.0,
        "Net Income Including Noncontrolling Interests": -108327000.0,
        "Net Income Continuous Operations": -108327000.0,
        "Tax Provision": -33969000.0,
        "Pretax Income": -142296000.0,
        "Other Income Expense": 6010000.0,
        "Net Non Operating Interest Income Expense": -7189000.0,
        "Interest Expense Non Operating": 7189000.0,
        "Other Operating Expenses": 79453000.0,
        "Total Revenue": 1393879000.0,
        "Operating Revenue": 1393879000.0,
        "Loss Adjustment Expense": 1220813000.0,
        "Net Policyholder Benefits And Claims": 1220813000.0
    },
    "2025-06-30": {
        "Tax Effect Of Unusual Items": 0.0,
        "Tax Rate For Calcs": 0.195,
        "Net Income From Continuing Operation Net Minority Interest": 166472000.0,
        "Reconciled Depreciation": 17702000.0,
        "EBIT": 213943000.0,
        "Net Interest Income": -7195000.0,
        "Interest Expense": 7195000.0,
        "Normalized Income": 166472000.0,
        "Net Income From Continuing And Discontinued Operation": 166472000.0,
        "Total Expenses": 1271137000.0,
        "Diluted Average Shares": 55389000.0,
        "Basic Average Shares": 55389000.0,
        "Diluted EPS": 3.01,
        "Basic EPS": 3.01,
        "Diluted NI Availto Com Stockholders": 166472000.0,
        "Net Income Common Stockholders": 166472000.0,
        "Net Income": 166472000.0,
        "Net Income Including Noncontrolling Interests": 166472000.0,
        "Net Income Continuous Operations": 166472000.0,
        "Tax Provision": 40276000.0,
        "Pretax Income": 206748000.0,
        "Other Income Expense": 8908000.0,
        "Net Non Operating Interest Income Expense": -7195000.0,
        "Interest Expense Non Operating": 7195000.0,
        "Other Operating Expenses": 96025000.0,
        "Total Revenue": 1477885000.0,
        "Operating Revenue": 1477885000.0,
        "Loss Adjustment Expense": 940037000.0,
        "Net Policyholder Benefits And Claims": 940037000.0
    },
    "2025-09-30": {
        "Tax Effect Of Unusual Items": 0.0,
        "Tax Rate For Calcs": 0.2,
        "Net Income From Continuing Operation Net Minority Interest": 280403000.0,
        "Reconciled Depreciation": 18774000.0,
        "EBIT": 357499000.0,
        "Net Interest Income": -7181000.0,
        "Interest Expense": 7181000.0,
        "Normalized Income": 280403000.0,
        "Net Income From Continuing And Discontinued Operation": 280403000.0,
        "Total Expenses": 1234608000.0,
        "Diluted Average Shares": 55389000.0,
        "Basic Average Shares": 55389000.0,
        "Diluted EPS": 5.06,
        "Basic EPS": 5.06,
        "Diluted NI Availto Com Stockholders": 280403000.0,
        "Net Income Common Stockholders": 280403000.0,
        "Net Income": 280403000.0,
        "Net Income Including Noncontrolling Interests": 280403000.0,
        "Net Income Continuous Operations": 280403000.0,
        "Tax Provision": 69915000.0,
        "Pretax Income": 350318000.0,
        "Other Income Expense": 6105000.0,
        "Net Non Operating Interest Income Expense": -7181000.0,
        "Interest Expense Non Operating": 7181000.0,
        "Other Operating Expenses": 108518000.0,
        "Total Revenue": 1584926000.0,
        "Operating Revenue": 1584926000.0,
        "Loss Adjustment Expense": 882745000.0,
        "Net Policyholder Benefits And Claims": 882745000.0
    }
}