{
    "2023-04-30": {
        "Tax Effect Of Unusual Items": 0.0,
        "Tax Rate For Calcs": 0.21,
        "Normalized EBITDA": -41774000.0,
        "Net Income From Continuing Operation Net Minority Interest": -54246000.0,
        "Reconciled Depreciation": 7592000.0,
        "Reconciled Cost Of Revenue": 97449000.0,
        "EBITDA": -41774000.0,
        "EBIT": -49366000.0,
        "Net Interest Income": 15644000.0,
        "Interest Expense": 2393000.0,
        "Interest Income": 18037000.0,
        "Normalized Income": -54246000.0,
        "Net Income From Continuing And Discontinued Operation": -54246000.0,
        "Total Expenses": 436827000.0,
        "Total Operating Income As Reported": -68547000.0,
        "Diluted Average Shares": 70177499.0,
        "Basic Average Shares": 70177499.0,
        "Diluted EPS": -0.77,
        "Basic EPS": -0.77,
        "Diluted NI Availto Com Stockholders": -54246000.0,
        "Net Income Common Stockholders": -54246000.0,
        "Net Income": -54246000.0,
        "Net Income Including Noncontrolling Interests": -54246000.0,
        "Net Income Continuous Operations": -54246000.0,
        "Tax Provision": 2487000.0,
        "Pretax Income": -51759000.0,
        "Other Income Expense": 1144000.0,
        "Other Non Operating Income Expenses": 1144000.0,
        "Net Non Operating Interest Income Expense": 15644000.0,
        "Interest Expense Non Operating": 2393000.0,
        "Interest Income Non Operating": 18037000.0,
        "Operating Income": -68547000.0,
        "Operating Expense": 339378000.0,
        "Research And Development": 116817000.0,
        "Selling General And Administration": 222561000.0,
        "Selling And Marketing Expense": 182733000.0,
        "General And Administrative Expense": 39828000.0,
        "Other Gand A": 39828000.0,
        "Salaries And Wages": NaN,
        "Gross Profit": 270831000.0,
        "Cost Of Revenue": 97449000.0,
        "Total Revenue": 368280000.0,
        "Operating Revenue": 368280000.0
    },
    "2023-01-31": {
        "Tax Effect Of Unusual Items": 0.0,
        "Tax Rate For Calcs": 0.21,
        "Normalized EBITDA": -51566000.0,
        "Net Income From Continuing Operation Net Minority Interest": -64398000.0,
        "Reconciled Depreciation": 7500000.0,
        "Reconciled Cost Of Revenue": 89160000.0,
        "EBITDA": -51566000.0,
        "EBIT": -59066000.0,
        "Net Interest Income": 13294000.0,
        "Interest Expense": 2418000.0,
        "Interest Income": 15712000.0,
        "Normalized Income": -64398000.0,
        "Net Income From Continuing And Discontinued Operation": -64398000.0,
        "Total Expenses": 434261000.0,
        "Total Operating Income As Reported": -72949000.0,
        "Diluted Average Shares": 69525238.0,
        "Basic Average Shares": 69525238.0,
        "Diluted EPS": -0.93,
        "Basic EPS": -0.93,
        "Diluted NI Availto Com Stockholders": -64398000.0,
        "Net Income Common Stockholders": -64398000.0,
        "Net Income": -64398000.0,
        "Net Income Including Noncontrolling Interests": -64398000.0,
        "Net Income Continuous Operations": -64398000.0,
        "Tax Provision": 2914000.0,
        "Pretax Income": -61484000.0,
        "Other Income Expense": -1829000.0,
        "Other Non Operating Income Expenses": -1829000.0,
        "Net Non Operating Interest Income Expense": 13294000.0,
        "Interest Expense Non Operating": 2418000.0,
        "Interest Income Non Operating": 15712000.0,
        "Operating Income": -72949000.0,
        "Operating Expense": 345101000.0,
        "Research And Development": 110891000.0,
        "Selling General And Administration": 234210000.0,
        "Selling And Marketing Expense": 189916000.0,
        "General And Administrative Expense": 44294000.0,
        "Other Gand A": 44294000.0,
        "Salaries And Wages": NaN,
        "Gross Profit": 272152000.0,
        "Cost Of Revenue": 89160000.0,
        "Total Revenue": 361312000.0,
        "Operating Revenue": 361312000.0
    },
    "2022-10-31": {
        "Tax Effect Of Unusual Items": 0.0,
        "Tax Rate For Calcs": 0.21,
        "Normalized EBITDA": -69817000.0,
        "Net Income From Continuing Operation Net Minority Interest": -84841000.0,
        "Reconciled Depreciation": 7492000.0,
        "Reconciled Cost Of Revenue": 93652000.0,
        "EBITDA": -69817000.0,
        "EBIT": -77309000.0,
        "Net Interest Income": 4435000.0,
        "Interest Expense": 2497000.0,
        "Interest Income": 6932000.0,
        "Normalized Income": -84841000.0,
        "Net Income From Continuing And Discontinued Operation": -84841000.0,
        "Total Expenses": 416544000.0,
        "Total Operating Income As Reported": -82923000.0,
        "Diluted Average Shares": 68916813.0,
        "Basic Average Shares": 68916813.0,
        "Diluted EPS": -1.23,
        "Basic EPS": -1.23,
        "Diluted NI Availto Com Stockholders": -84841000.0,
        "Net Income Common Stockholders": -84841000.0,
        "Net Income": -84841000.0,
        "Net Income Including Noncontrolling Interests": -84841000.0,
        "Net Income Continuous Operations": -84841000.0,
        "Tax Provision": 5035000.0,
        "Pretax Income": -79806000.0,
        "Other Income Expense": -1318000.0,
        "Other Non Operating Income Expenses": -1318000.0,
        "Net Non Operating Interest Income Expense": 4435000.0,
        "Interest Expense Non Operating": 2497000.0,
        "Interest Income Non Operating": 6932000.0,
        "Operating Income": -82923000.0,
        "Operating Expense": 322892000.0,
        "Research And Development": 106392000.0,
        "Selling General And Administration": 216500000.0,
        "Selling And Marketing Expense": 177419000.0,
        "General And Administrative Expense": 39081000.0,
        "Other Gand A": 39081000.0,
        "Salaries And Wages": NaN,
        "Gross Profit": 239969000.0,
        "Cost Of Revenue": 93652000.0,
        "Total Revenue": 333621000.0,
        "Operating Revenue": 333621000.0
    },
    "2022-07-31": {
        "Tax Effect Of Unusual Items": 0.0,
        "Tax Rate For Calcs": 0.4,
        "Normalized EBITDA": -107452000.0,
        "Net Income From Continuing Operation Net Minority Interest": -118865000.0,
        "Reconciled Depreciation": 7391000.0,
        "Reconciled Cost Of Revenue": 88277000.0,
        "EBITDA": -107452000.0,
        "EBIT": -114843000.0,
        "Net Interest Income": -749000.0,
        "Interest Expense": 2429000.0,
        "Interest Income": 1680000.0,
        "Normalized Income": -118865000.0,
        "Net Income From Continuing And Discontinued Operation": -118865000.0,
        "Total Expenses": 418503000.0,
        "Total Operating Income As Reported": -114843000.0,
        "Diluted Average Shares": 68334464.0,
        "Basic Average Shares": 68334464.0,
        "Diluted EPS": -1.74,
        "Basic EPS": -1.74,
        "Diluted NI Availto Com Stockholders": -118865000.0,
        "Net Income Common Stockholders": -118865000.0,
        "Net Income": -118865000.0,
        "Net Income Including Noncontrolling Interests": -118865000.0,
        "Net Income Continuous Operations": -118865000.0,
        "Tax Provision": 3049000.0,
        "Pretax Income": -115816000.0,
        "Other Income Expense": -973000.0,
        "Other Non Operating Income Expenses": -973000.0,
        "Net Non Operating Interest Income Expense": -749000.0,
        "Interest Expense Non Operating": 2429000.0,
        "Interest Income Non Operating": 1680000.0,
        "Operating Income": -114843000.0,
        "Operating Expense": 330226000.0,
        "Research And Development": 108037000.0,
        "Selling General And Administration": 222189000.0,
        "Selling And Marketing Expense": 181598000.0,
        "General And Administrative Expense": 40591000.0,
        "Other Gand A": 40591000.0,
        "Salaries And Wages": NaN,
        "Gross Profit": 215383000.0,
        "Cost Of Revenue": 88277000.0,
        "Total Revenue": 303660000.0,
        "Operating Revenue": 303660000.0
    },
    "2022-04-30": {
        "Diluted EPS": -1.14,
        "Total Revenue": 285,
        "Gross Profit": 207,
        "Operating Income": -76,
        "EBIT": -68,
        "Net Income": -77
    },
    "2022-01-31": {
        "Diluted EPS": -1.27,
        "Total Revenue": 266,
        "Gross Profit": 191,
        "Operating Income": -79,
        "EBIT": -71,
        "Net Income": -84
    },
    "2021-10-31": {
        "Diluted EPS": -1.22,
        "Total Revenue": 227,
        "Gross Profit": 158,
        "Operating Income": -77,
        "EBIT": -70,
        "Net Income": -81
    },
    "2021-07-31": {
        "Diluted EPS": -1.22,
        "Total Revenue": 199,
        "Gross Profit": 138,
        "Operating Income": -73,
        "EBIT": -66,
        "Net Income": -77
    },
    "2021-04-30": {
        "Diluted EPS": -1.04,
        "Total Revenue": 182,
        "Gross Profit": 127,
        "Operating Income": -61,
        "EBIT": -54,
        "Net Income": -64
    },
    "2021-01-31": {
        "Diluted EPS": -1.27,
        "Total Revenue": 171,
        "Gross Profit": 120,
        "Operating Income": -59,
        "EBIT": -40,
        "Net Income": -76
    },
    "2020-10-31": {
        "Diluted EPS": -1.22,
        "Total Revenue": 151,
        "Gross Profit": 105,
        "Operating Income": -58,
        "EBIT": -39,
        "Net Income": -73
    },
    "2020-07-31": {
        "Diluted EPS": -1.1,
        "Total Revenue": 138,
        "Gross Profit": 96,
        "Operating Income": -50,
        "EBIT": -32,
        "Net Income": -65
    },
    "2020-04-30": {
        "Diluted EPS": -0.94,
        "Total Revenue": 130,
        "Gross Profit": 93,
        "Operating Income": -42,
        "EBIT": -25,
        "Net Income": -54
    },
    "2020-01-31": {
        "Diluted EPS": -1.11,
        "Total Revenue": 124,
        "Gross Profit": 89,
        "Operating Income": -41,
        "EBIT": -31,
        "Net Income": -63
    },
    "2019-10-31": {
        "Diluted EPS": -0.75,
        "Total Revenue": 109,
        "Gross Profit": 77,
        "Operating Income": -39,
        "EBIT": -30,
        "Net Income": -42
    },
    "2019-07-31": {
        "Diluted EPS": -0.67,
        "Total Revenue": 99,
        "Gross Profit": 69,
        "Operating Income": -38,
        "EBIT": -29,
        "Net Income": -37
    },
    "2019-04-30": {
        "Diluted EPS": -0.61,
        "Total Revenue": 89,
        "Gross Profit": 61,
        "Operating Income": -31,
        "EBIT": -24,
        "Net Income": -33
    },
    "2019-01-31": {
        "Diluted EPS": -0.4,
        "Total Revenue": 85,
        "Gross Profit": 60,
        "Operating Income": -24,
        "EBIT": -18,
        "Net Income": -22
    },
    "2018-10-31": {
        "Diluted EPS": -0.43,
        "Total Revenue": 72,
        "Gross Profit": 54,
        "Operating Income": -20,
        "EBIT": -15,
        "Net Income": -22
    },
    "2018-07-31": {
        "Diluted EPS": -0.54,
        "Total Revenue": 60,
        "Gross Profit": 43,
        "Operating Income": -27,
        "EBIT": -25,
        "Net Income": -28
    },
    "2018-04-30": {
        "Diluted EPS": -0.53,
        "Total Revenue": 50,
        "Gross Profit": 36,
        "Operating Income": -27,
        "EBIT": -26,
        "Net Income": -27
    },
    "2018-01-31": {
        "Diluted EPS": 1.27,
        "Total Revenue": 57,
        "Gross Profit": 44,
        "Operating Income": -15,
        "EBIT": -14,
        "Net Income": -14
    },
    "2017-10-31": {
        "Diluted EPS": -1.39,
        "Total Revenue": 41,
        "Gross Profit": 30,
        "Operating Income": -24,
        "EBIT": -23,
        "Net Income": -24
    },
    "2017-07-31": {
        "Diluted EPS": -1.92,
        "Total Revenue": 36,
        "Gross Profit": 25,
        "Operating Income": -26,
        "EBIT": -25,
        "Net Income": -26
    },
    "2017-04-30": {
        "Diluted EPS": -1.5,
        "Total Revenue": 32,
        "Gross Profit": 23,
        "Operating Income": -20,
        "EBIT": -19,
        "Net Income": -20
    },
    "2017-01-31": {
        "Diluted EPS": 0.0,
        "Total Revenue": NaN,
        "Gross Profit": NaN,
        "Operating Income": NaN,
        "EBIT": NaN,
        "Net Income": NaN
    },
    "2016-10-31": {
        "Diluted EPS": -1.57,
        "Total Revenue": 26,
        "Gross Profit": 19,
        "Operating Income": -19,
        "EBIT": -18,
        "Net Income": -20
    },
    "2016-07-31": {
        "Diluted EPS": 0.0,
        "Total Revenue": NaN,
        "Gross Profit": NaN,
        "Operating Income": NaN,
        "EBIT": NaN,
        "Net Income": NaN
    },
    "2016-01-31": {
        "Diluted EPS": 0.0,
        "Total Revenue": NaN,
        "Gross Profit": NaN,
        "Operating Income": NaN,
        "EBIT": NaN,
        "Net Income": NaN
    },
    "2023-07-31": {
        "Tax Effect Of Unusual Items": NaN,
        "Tax Rate For Calcs": NaN,
        "Normalized EBITDA": NaN,
        "Net Income From Continuing Operation Net Minority Interest": NaN,
        "Reconciled Depreciation": NaN,
        "Reconciled Cost Of Revenue": NaN,
        "EBITDA": NaN,
        "EBIT": NaN,
        "Net Interest Income": NaN,
        "Interest Expense": NaN,
        "Interest Income": NaN,
        "Normalized Income": NaN,
        "Net Income From Continuing And Discontinued Operation": NaN,
        "Total Expenses": NaN,
        "Total Operating Income As Reported": NaN,
        "Diluted Average Shares": NaN,
        "Basic Average Shares": NaN,
        "Diluted EPS": NaN,
        "Basic EPS": NaN,
        "Diluted NI Availto Com Stockholders": NaN,
        "Net Income Common Stockholders": NaN,
        "Net Income": NaN,
        "Net Income Including Noncontrolling Interests": NaN,
        "Net Income Continuous Operations": NaN,
        "Tax Provision": NaN,
        "Pretax Income": NaN,
        "Other Income Expense": NaN,
        "Other Non Operating Income Expenses": NaN,
        "Net Non Operating Interest Income Expense": NaN,
        "Interest Expense Non Operating": NaN,
        "Interest Income Non Operating": NaN,
        "Operating Income": NaN,
        "Operating Expense": NaN,
        "Research And Development": NaN,
        "Selling General And Administration": NaN,
        "Selling And Marketing Expense": NaN,
        "General And Administrative Expense": NaN,
        "Other Gand A": NaN,
        "Salaries And Wages": 55482000.0,
        "Gross Profit": NaN,
        "Cost Of Revenue": NaN,
        "Total Revenue": NaN,
        "Operating Revenue": NaN
    },
    "2023-10-31": {
        "Tax Effect Of Unusual Items": NaN,
        "Tax Rate For Calcs": NaN,
        "Normalized EBITDA": NaN,
        "Net Income From Continuing Operation Net Minority Interest": NaN,
        "Reconciled Depreciation": NaN,
        "Reconciled Cost Of Revenue": NaN,
        "EBITDA": NaN,
        "EBIT": NaN,
        "Net Interest Income": NaN,
        "Interest Expense": NaN,
        "Interest Income": NaN,
        "Normalized Income": NaN,
        "Net Income From Continuing And Discontinued Operation": NaN,
        "Total Expenses": NaN,
        "Total Operating Income As Reported": NaN,
        "Diluted Average Shares": 71560023.0,
        "Basic Average Shares": 71560023.0,
        "Diluted EPS": -0.41,
        "Basic EPS": -0.41,
        "Diluted NI Availto Com Stockholders": NaN,
        "Net Income Common Stockholders": NaN,
        "Net Income": NaN,
        "Net Income Including Noncontrolling Interests": NaN,
        "Net Income Continuous Operations": NaN,
        "Tax Provision": NaN,
        "Pretax Income": NaN,
        "Other Income Expense": NaN,
        "Other Non Operating Income Expenses": NaN,
        "Net Non Operating Interest Income Expense": NaN,
        "Interest Expense Non Operating": NaN,
        "Interest Income Non Operating": NaN,
        "Operating Income": NaN,
        "Operating Expense": NaN,
        "Research And Development": NaN,
        "Selling General And Administration": NaN,
        "Selling And Marketing Expense": NaN,
        "General And Administrative Expense": NaN,
        "Other Gand A": NaN,
        "Salaries And Wages": NaN,
        "Gross Profit": NaN,
        "Cost Of Revenue": NaN,
        "Total Revenue": NaN,
        "Operating Revenue": NaN
    },
    "2024-01-31": {
        "Tax Effect Of Unusual Items": 0.0,
        "Tax Rate For Calcs": 0.21,
        "Normalized EBITDA": -40561000.0,
        "Net Income From Continuing Operation Net Minority Interest": -55460000.0,
        "Reconciled Depreciation": 9106000.0,
        "Reconciled Cost Of Revenue": 114641000.0,
        "EBITDA": -40561000.0,
        "EBIT": -49667000.0,
        "Net Interest Income": 19954000.0,
        "Interest Expense": 2419000.0,
        "Interest Income": 22373000.0,
        "Normalized Income": -55460000.0,
        "Net Income From Continuing And Discontinued Operation": -55460000.0,
        "Total Expenses": 528968000.0,
        "Total Operating Income As Reported": -70966000.0,
        "Diluted Average Shares": 72349350.0,
        "Basic Average Shares": 72349350.0,
        "Diluted EPS": -0.77,
        "Basic EPS": -0.77,
        "Diluted NI Availto Com Stockholders": -55460000.0,
        "Net Income Common Stockholders": -55460000.0,
        "Net Income": -55460000.0,
        "Net Income Including Noncontrolling Interests": -55460000.0,
        "Net Income Continuous Operations": -55460000.0,
        "Tax Provision": 3374000.0,
        "Pretax Income": -52086000.0,
        "Other Income Expense": -1074000.0,
        "Other Non Operating Income Expenses": -1074000.0,
        "Net Non Operating Interest Income Expense": 19954000.0,
        "Interest Expense Non Operating": 2419000.0,
        "Interest Income Non Operating": 22373000.0,
        "Operating Income": -70966000.0,
        "Operating Expense": 414327000.0,
        "Research And Development": 145553000.0,
        "Selling General And Administration": 268774000.0,
        "Selling And Marketing Expense": 211116000.0,
        "General And Administrative Expense": 57658000.0,
        "Other Gand A": 57658000.0,
        "Salaries And Wages": NaN,
        "Gross Profit": 343361000.0,
        "Cost Of Revenue": 114641000.0,
        "Total Revenue": 458002000.0,
        "Operating Revenue": 458002000.0
    },
    "2024-04-30": {
        "Tax Effect Of Unusual Items": 0.0,
        "Tax Rate For Calcs": 0.21,
        "Normalized EBITDA": -67817000.0,
        "Net Income From Continuing Operation Net Minority Interest": -80593000.0,
        "Reconciled Depreciation": 8298000.0,
        "Reconciled Cost Of Revenue": 122697000.0,
        "EBITDA": -67817000.0,
        "EBIT": -76115000.0,
        "Net Interest Income": 21214000.0,
        "Interest Expense": 1897000.0,
        "Interest Income": 23111000.0,
        "Normalized Income": -80593000.0,
        "Net Income From Continuing And Discontinued Operation": -80593000.0,
        "Total Expenses": 548747000.0,
        "Total Operating Income As Reported": -98186000.0,
        "Diluted Average Shares": 72990141.0,
        "Basic Average Shares": 72990141.0,
        "Diluted EPS": -1.1,
        "Basic EPS": -1.1,
        "Diluted NI Availto Com Stockholders": -80593000.0,
        "Net Income Common Stockholders": -80593000.0,
        "Net Income": -80593000.0,
        "Net Income Including Noncontrolling Interests": -80593000.0,
        "Net Income Continuous Operations": -80593000.0,
        "Tax Provision": 2581000.0,
        "Pretax Income": -78012000.0,
        "Other Income Expense": -1040000.0,
        "Other Non Operating Income Expenses": -1040000.0,
        "Net Non Operating Interest Income Expense": 21214000.0,
        "Interest Expense Non Operating": 1897000.0,
        "Interest Income Non Operating": 23111000.0,
        "Operating Income": -98186000.0,
        "Operating Expense": 426050000.0,
        "Research And Development": 146060000.0,
        "Selling General And Administration": 279990000.0,
        "Selling And Marketing Expense": 219444000.0,
        "General And Administrative Expense": 60546000.0,
        "Other Gand A": 60546000.0,
        "Salaries And Wages": NaN,
        "Gross Profit": 327864000.0,
        "Cost Of Revenue": 122697000.0,
        "Total Revenue": 450561000.0,
        "Operating Revenue": 450561000.0
    },
    "2024-07-31": {
        "Tax Effect Of Unusual Items": 0.0,
        "Tax Rate For Calcs": 0.21,
        "Normalized EBITDA": -42415000.0,
        "Net Income From Continuing Operation Net Minority Interest": -54529000.0,
        "Reconciled Depreciation": 5935000.0,
        "Reconciled Cost Of Revenue": 128253000.0,
        "EBITDA": -42415000.0,
        "EBIT": -48350000.0,
        "Net Interest Income": 21978000.0,
        "Interest Expense": 2282000.0,
        "Interest Income": 24260000.0,
        "Normalized Income": -54529000.0,
        "Net Income From Continuing And Discontinued Operation": -54529000.0,
        "Total Expenses": 549549000.0,
        "Total Operating Income As Reported": -71440000.0,
        "Diluted Average Shares": 73543427.0,
        "Basic Average Shares": 73543427.0,
        "Diluted EPS": -0.74,
        "Basic EPS": -0.74,
        "Diluted NI Availto Com Stockholders": -54529000.0,
        "Net Income Common Stockholders": -54529000.0,
        "Net Income": -54529000.0,
        "Net Income Including Noncontrolling Interests": -54529000.0,
        "Net Income Continuous Operations": -54529000.0,
        "Tax Provision": 3897000.0,
        "Pretax Income": -50632000.0,
        "Other Income Expense": -1170000.0,
        "Other Non Operating Income Expenses": -1170000.0,
        "Net Non Operating Interest Income Expense": 21978000.0,
        "Interest Expense Non Operating": 2282000.0,
        "Interest Income Non Operating": 24260000.0,
        "Operating Income": -71440000.0,
        "Operating Expense": 421296000.0,
        "Research And Development": 148967000.0,
        "Selling General And Administration": 272329000.0,
        "Selling And Marketing Expense": 221539000.0,
        "General And Administrative Expense": 50790000.0,
        "Other Gand A": 50790000.0,
        "Salaries And Wages": NaN,
        "Gross Profit": 349856000.0,
        "Cost Of Revenue": 128253000.0,
        "Total Revenue": 478109000.0,
        "Operating Revenue": 478109000.0
    },
    "2024-10-31": {
        "Tax Effect Of Unusual Items": 0.0,
        "Tax Rate For Calcs": 0.21,
        "Normalized EBITDA": 1797000.0,
        "Net Income From Continuing Operation Net Minority Interest": -9776000.0,
        "Reconciled Depreciation": 6628000.0,
        "Reconciled Cost Of Revenue": 135331000.0,
        "EBITDA": 1797000.0,
        "EBIT": -4831000.0,
        "Net Interest Income": 21591000.0,
        "Interest Expense": 2278000.0,
        "Interest Income": 23869000.0,
        "Normalized Income": -9776000.0,
        "Net Income From Continuing And Discontinued Operation": -9776000.0,
        "Total Expenses": 557251000.0,
        "Total Operating Income As Reported": -27876000.0,
        "Diluted Average Shares": 74020593.0,
        "Basic Average Shares": 74020593.0,
        "Diluted EPS": -0.13,
        "Basic EPS": -0.13,
        "Diluted NI Availto Com Stockholders": -9776000.0,
        "Net Income Common Stockholders": -9776000.0,
        "Net Income": -9776000.0,
        "Net Income Including Noncontrolling Interests": -9776000.0,
        "Net Income Continuous Operations": -9776000.0,
        "Tax Provision": 2667000.0,
        "Pretax Income": -7109000.0,
        "Other Income Expense": -824000.0,
        "Other Non Operating Income Expenses": -824000.0,
        "Net Non Operating Interest Income Expense": 21591000.0,
        "Interest Expense Non Operating": 2278000.0,
        "Interest Income Non Operating": 23869000.0,
        "Operating Income": -27876000.0,
        "Operating Expense": 421920000.0,
        "Research And Development": 151410000.0,
        "Selling General And Administration": 270510000.0,
        "Selling And Marketing Expense": 217954000.0,
        "General And Administrative Expense": 52556000.0,
        "Other Gand A": 52556000.0,
        "Salaries And Wages": NaN,
        "Gross Profit": 394044000.0,
        "Cost Of Revenue": 135331000.0,
        "Total Revenue": 529375000.0,
        "Operating Revenue": 529375000.0
    },
    "2025-01-31": {
        "Tax Effect Of Unusual Items": 0.0,
        "Tax Rate For Calcs": 0.4,
        "Normalized EBITDA": 11901000.0,
        "Net Income From Continuing Operation Net Minority Interest": 15826000.0,
        "Reconciled Depreciation": 6112000.0,
        "Reconciled Cost Of Revenue": 149015000.0,
        "EBITDA": 11901000.0,
        "EBIT": 5789000.0,
        "Net Interest Income": 22812000.0,
        "Interest Expense": 1635000.0,
        "Interest Income": 24447000.0,
        "Normalized Income": 15826000.0,
        "Net Income From Continuing And Discontinued Operation": 15826000.0,
        "Total Expenses": 566960000.0,
        "Total Operating Income As Reported": -18562000.0,
        "Diluted Average Shares": 84594079.0,
        "Basic Average Shares": 77631824.0,
        "Diluted EPS": 0.19,
        "Basic EPS": 0.2,
        "Diluted NI Availto Com Stockholders": 15826000.0,
        "Net Income Common Stockholders": 15826000.0,
        "Net Income": 15826000.0,
        "Net Income Including Noncontrolling Interests": 15826000.0,
        "Net Income Continuous Operations": 15826000.0,
        "Tax Provision": -11672000.0,
        "Pretax Income": 4154000.0,
        "Other Income Expense": -96000.0,
        "Other Non Operating Income Expenses": -96000.0,
        "Net Non Operating Interest Income Expense": 22812000.0,
        "Interest Expense Non Operating": 1635000.0,
        "Interest Income Non Operating": 24447000.0,
        "Operating Income": -18562000.0,
        "Operating Expense": 417945000.0,
        "Research And Development": 150400000.0,
        "Selling General And Administration": 267545000.0,
        "Selling And Marketing Expense": 212211000.0,
        "General And Administrative Expense": 55334000.0,
        "Other Gand A": 55334000.0,
        "Salaries And Wages": NaN,
        "Gross Profit": 399383000.0,
        "Cost Of Revenue": 149015000.0,
        "Total Revenue": 548398000.0,
        "Operating Revenue": 548398000.0
    }
}