{
    "2022-09-30": {
        "Tax Effect Of Unusual Items": 0.0,
        "Tax Rate For Calcs": 0.24,
        "Normalized EBITDA": 40000000.0,
        "Total Unusual Items": 0.0,
        "Total Unusual Items Excluding Goodwill": 0.0,
        "Net Income From Continuing Operation Net Minority Interest": 11000000.0,
        "Reconciled Depreciation": 13800000.0,
        "Reconciled Cost Of Revenue": 56900000.0,
        "EBITDA": 40000000.0,
        "EBIT": 26200000.0,
        "Net Interest Income": 400000.0,
        "Interest Expense": 1300000.0,
        "Interest Income": 1700000.0,
        "Normalized Income": 11000000.0,
        "Net Income From Continuing And Discontinued Operation": 14600000.0,
        "Total Expenses": 126800000.0,
        "Total Operating Income As Reported": 25100000.0,
        "Diluted Average Shares": 128900000.0,
        "Basic Average Shares": 110200000.0,
        "Diluted EPS": 0.12,
        "Basic EPS": 0.13,
        "Diluted NI Availto Com Stockholders": 14600000.0,
        "Net Income Common Stockholders": 14600000.0,
        "Net Income": 14600000.0,
        "Net Income Including Noncontrolling Interests": 14600000.0,
        "Net Income Discontinuous Operations": 3600000.0,
        "Net Income Continuous Operations": 11000000.0,
        "Tax Provision": 13900000.0,
        "Pretax Income": 24900000.0,
        "Other Income Expense": -600000.0,
        "Other Non Operating Income Expenses": -600000.0,
        "Special Income Charges": 0.0,
        "Gain On Sale Of Business": 0.0,
        "Write Off": 0.0,
        "Earnings From Equity Interest": -617000.0,
        "Net Non Operating Interest Income Expense": 400000.0,
        "Interest Expense Non Operating": 1300000.0,
        "Interest Income Non Operating": 1700000.0,
        "Operating Income": 25100000.0,
        "Operating Expense": 58300000.0,
        "Depreciation Amortization Depletion Income Statement": 2200000.0,
        "Depreciation And Amortization In Income Statement": 2200000.0,
        "Amortization": 2200000.0,
        "Amortization Of Intangibles Income Statement": 2200000.0,
        "Research And Development": 23600000.0,
        "Selling General And Administration": 32500000.0,
        "Gross Profit": 83400000.0,
        "Cost Of Revenue": 68500000.0,
        "Total Revenue": 151900000.0,
        "Operating Revenue": 151900000.0
    },
    "2022-06-30": {
        "Tax Effect Of Unusual Items": 0.0,
        "Tax Rate For Calcs": 0.24,
        "Normalized EBITDA": 10800000.0,
        "Total Unusual Items": 0.0,
        "Total Unusual Items Excluding Goodwill": 0.0,
        "Net Income From Continuing Operation Net Minority Interest": 3200000.0,
        "Reconciled Depreciation": 14400000.0,
        "Reconciled Cost Of Revenue": 59200000.0,
        "EBITDA": 10800000.0,
        "EBIT": -3600000.0,
        "Net Interest Income": -1800000.0,
        "Interest Expense": 1800000.0,
        "Interest Income": NaN,
        "Normalized Income": 3200000.0,
        "Net Income From Continuing And Discontinued Operation": -64100000.0,
        "Total Expenses": 156300000.0,
        "Total Operating Income As Reported": -5400000.0,
        "Diluted Average Shares": 118700000.0,
        "Basic Average Shares": 114300000.0,
        "Diluted EPS": -0.56,
        "Basic EPS": -0.56,
        "Diluted NI Availto Com Stockholders": -64100000.0,
        "Net Income Common Stockholders": -64100000.0,
        "Net Income": -64100000.0,
        "Net Income Including Noncontrolling Interests": -64100000.0,
        "Net Income Discontinuous Operations": -67300000.0,
        "Net Income Continuous Operations": 3200000.0,
        "Tax Provision": -8600000.0,
        "Pretax Income": -5400000.0,
        "Other Income Expense": 1800000.0,
        "Other Non Operating Income Expenses": 1800000.0,
        "Special Income Charges": 0.0,
        "Gain On Sale Of Business": NaN,
        "Write Off": 0.0,
        "Earnings From Equity Interest": -207000.0,
        "Net Non Operating Interest Income Expense": -1800000.0,
        "Interest Expense Non Operating": 1800000.0,
        "Interest Income Non Operating": NaN,
        "Operating Income": -5400000.0,
        "Operating Expense": 84900000.0,
        "Depreciation Amortization Depletion Income Statement": 2200000.0,
        "Depreciation And Amortization In Income Statement": 2200000.0,
        "Amortization": 2200000.0,
        "Amortization Of Intangibles Income Statement": 2200000.0,
        "Research And Development": 22800000.0,
        "Selling General And Administration": 59900000.0,
        "Gross Profit": 79500000.0,
        "Cost Of Revenue": 71400000.0,
        "Total Revenue": 150900000.0,
        "Operating Revenue": 150900000.0
    },
    "2022-03-31": {
        "Diluted EPS": 0.17,
        "Total Revenue": 143,
        "Gross Profit": 73,
        "Operating Income": 7,
        "EBIT": 21,
        "Net Income": 23
    },
    "2021-12-31": {
        "Diluted EPS": 0.64,
        "Total Revenue": NaN,
        "Gross Profit": 419,
        "Operating Income": 34,
        "EBIT": 161,
        "Net Income": 87
    },
    "2021-09-30": {
        "Diluted EPS": 0.12,
        "Total Revenue": 145,
        "Gross Profit": 70,
        "Operating Income": 18,
        "EBIT": 35,
        "Net Income": 16
    },
    "2021-06-30": {
        "Diluted EPS": 0.15,
        "Total Revenue": 141,
        "Gross Profit": 68,
        "Operating Income": 17,
        "EBIT": 34,
        "Net Income": 22
    },
    "2021-03-31": {
        "Diluted EPS": 0.06,
        "Total Revenue": 134,
        "Gross Profit": 63,
        "Operating Income": 8,
        "EBIT": 24,
        "Net Income": 9
    },
    "2020-12-31": {
        "Diluted EPS": 4.58,
        "Total Revenue": 386,
        "Gross Profit": 161,
        "Operating Income": -68,
        "EBIT": -22,
        "Net Income": 728
    },
    "2020-09-30": {
        "Diluted EPS": 0.0,
        "Total Revenue": 366,
        "Gross Profit": 135,
        "Operating Income": -11,
        "EBIT": 36,
        "Net Income": 1
    },
    "2020-06-30": {
        "Diluted EPS": -0.05,
        "Total Revenue": 369,
        "Gross Profit": 138,
        "Operating Income": -25,
        "EBIT": 20,
        "Net Income": -8
    },
    "2020-03-31": {
        "Diluted EPS": -0.13,
        "Total Revenue": 381,
        "Gross Profit": 132,
        "Operating Income": -27,
        "EBIT": 28,
        "Net Income": -20
    },
    "2019-12-31": {
        "Diluted EPS": -0.13,
        "Total Revenue": 312,
        "Gross Profit": 77,
        "Operating Income": -110,
        "EBIT": -81,
        "Net Income": -19
    },
    "2019-09-30": {
        "Diluted EPS": -0.03,
        "Total Revenue": 444,
        "Gross Profit": 175,
        "Operating Income": 3,
        "EBIT": 61,
        "Net Income": -6
    },
    "2019-06-30": {
        "Diluted EPS": -0.9,
        "Total Revenue": 444,
        "Gross Profit": 184,
        "Operating Income": 5,
        "EBIT": 61,
        "Net Income": -150
    },
    "2019-03-31": {
        "Diluted EPS": -0.04,
        "Total Revenue": 432,
        "Gross Profit": 174,
        "Operating Income": 3,
        "EBIT": 58,
        "Net Income": -8
    },
    "2018-12-31": {
        "Diluted EPS": 2.13,
        "Total Revenue": 310,
        "Gross Profit": 85,
        "Operating Income": -102,
        "EBIT": -47,
        "Net Income": 375
    },
    "2018-09-30": {
        "Diluted EPS": -0.2,
        "Total Revenue": 432,
        "Gross Profit": 178,
        "Operating Income": 0,
        "EBIT": 48,
        "Net Income": -36
    },
    "2018-06-30": {
        "Diluted EPS": 0.36,
        "Total Revenue": 441,
        "Gross Profit": 174,
        "Operating Income": -60,
        "EBIT": -13,
        "Net Income": 65
    },
    "2018-03-31": {
        "Diluted EPS": -0.22,
        "Total Revenue": 434,
        "Gross Profit": 185,
        "Operating Income": -7,
        "EBIT": 41,
        "Net Income": -40
    },
    "2017-12-31": {
        "Diluted EPS": 0.03,
        "Total Revenue": 209,
        "Gross Profit": 65,
        "Operating Income": -45,
        "EBIT": -43,
        "Net Income": 6
    },
    "2017-09-30": {
        "Diluted EPS": -0.16,
        "Total Revenue": 449,
        "Gross Profit": 202,
        "Operating Income": 25,
        "EBIT": 79,
        "Net Income": -29
    },
    "2017-06-30": {
        "Diluted EPS": -0.85,
        "Total Revenue": 426,
        "Gross Profit": 187,
        "Operating Income": 21,
        "EBIT": 73,
        "Net Income": -154
    },
    "2017-03-31": {
        "Diluted EPS": -0.11,
        "Total Revenue": 413,
        "Gross Profit": 179,
        "Operating Income": 11,
        "EBIT": 61,
        "Net Income": -20
    },
    "2016-12-31": {
        "Diluted EPS": -0.04,
        "Total Revenue": 262,
        "Gross Profit": 117,
        "Operating Income": 20,
        "EBIT": 36,
        "Net Income": -7
    },
    "2016-09-30": {
        "Diluted EPS": -0.06,
        "Total Revenue": 392,
        "Gross Profit": 166,
        "Operating Income": 17,
        "EBIT": 61,
        "Net Income": -10
    },
    "2016-06-30": {
        "Diluted EPS": -0.05,
        "Total Revenue": 387,
        "Gross Profit": 167,
        "Operating Income": 19,
        "EBIT": 61,
        "Net Income": -10
    },
    "2016-03-31": {
        "Diluted EPS": 0.01,
        "Total Revenue": 346,
        "Gross Profit": 152,
        "Operating Income": 12,
        "EBIT": 46,
        "Net Income": 2
    },
    "2015-12-31": {
        "Diluted EPS": 0.09,
        "Total Revenue": 346,
        "Gross Profit": 154,
        "Operating Income": 23,
        "EBIT": 60,
        "Net Income": 16
    },
    "2015-09-30": {
        "Diluted EPS": -0.03,
        "Total Revenue": 354,
        "Gross Profit": 153,
        "Operating Income": 9,
        "EBIT": 50,
        "Net Income": -5
    },
    "2015-06-30": {
        "Diluted EPS": -0.01,
        "Total Revenue": 352,
        "Gross Profit": 144,
        "Operating Income": 6,
        "EBIT": 47,
        "Net Income": -3
    },
    "2015-03-31": {
        "Diluted EPS": -0.06,
        "Total Revenue": 335,
        "Gross Profit": 130,
        "Operating Income": -6,
        "EBIT": 36,
        "Net Income": -10
    },
    "2014-12-31": {
        "Diluted EPS": -0.01,
        "Total Revenue": 341,
        "Gross Profit": 136,
        "Operating Income": 1,
        "EBIT": 43,
        "Net Income": -2
    },
    "2014-09-30": {
        "Diluted EPS": -0.15,
        "Total Revenue": 345,
        "Gross Profit": 131,
        "Operating Income": -19,
        "EBIT": 24,
        "Net Income": -26
    },
    "2014-06-30": {
        "Diluted EPS": -0.09,
        "Total Revenue": 351,
        "Gross Profit": 140,
        "Operating Income": -9,
        "EBIT": 35,
        "Net Income": -18
    },
    "2014-03-31": {
        "Diluted EPS": -0.12,
        "Total Revenue": 340,
        "Gross Profit": 138,
        "Operating Income": -12,
        "EBIT": 33,
        "Net Income": -21
    },
    "2013-12-31": {
        "Diluted EPS": -0.12,
        "Total Revenue": 351,
        "Gross Profit": 138,
        "Operating Income": -28,
        "EBIT": 19,
        "Net Income": -21
    },
    "2013-09-30": {
        "Diluted EPS": -0.27,
        "Total Revenue": 330,
        "Gross Profit": 126,
        "Operating Income": -43,
        "EBIT": 3,
        "Net Income": -49
    },
    "2013-06-30": {
        "Diluted EPS": -0.13,
        "Total Revenue": 345,
        "Gross Profit": 136,
        "Operating Income": -28,
        "EBIT": 15,
        "Net Income": -23
    },
    "2013-03-31": {
        "Diluted EPS": -0.07,
        "Total Revenue": 347,
        "Gross Profit": 134,
        "Operating Income": -28,
        "EBIT": 14,
        "Net Income": -12
    },
    "2012-12-31": {
        "Diluted EPS": -0.13,
        "Total Revenue": 351,
        "Gross Profit": 136,
        "Operating Income": -27,
        "EBIT": 13,
        "Net Income": -24
    },
    "2012-09-30": {
        "Diluted EPS": 0.05,
        "Total Revenue": 361,
        "Gross Profit": 157,
        "Operating Income": 9,
        "EBIT": 47,
        "Net Income": 9
    },
    "2012-06-30": {
        "Diluted EPS": 0.04,
        "Total Revenue": 370,
        "Gross Profit": 157,
        "Operating Income": 18,
        "EBIT": 55,
        "Net Income": 8
    },
    "2012-03-31": {
        "Diluted EPS": 0.03,
        "Total Revenue": 365,
        "Gross Profit": 156,
        "Operating Income": 13,
        "EBIT": 48,
        "Net Income": 6
    },
    "2011-12-31": {
        "Diluted EPS": 0.14,
        "Total Revenue": 388,
        "Gross Profit": 176,
        "Operating Income": 46,
        "EBIT": 81,
        "Net Income": 26
    },
    "2011-09-30": {
        "Diluted EPS": 0.1,
        "Total Revenue": 364,
        "Gross Profit": 162,
        "Operating Income": 34,
        "EBIT": 68,
        "Net Income": 19
    },
    "2011-06-30": {
        "Diluted EPS": 0.08,
        "Total Revenue": 357,
        "Gross Profit": 168,
        "Operating Income": 32,
        "EBIT": 65,
        "Net Income": 16
    },
    "2011-03-31": {
        "Diluted EPS": 0.07,
        "Total Revenue": 335,
        "Gross Profit": 160,
        "Operating Income": 24,
        "EBIT": 55,
        "Net Income": 13
    },
    "2010-12-31": {
        "Diluted EPS": -0.03,
        "Total Revenue": 316,
        "Gross Profit": 146,
        "Operating Income": 10,
        "EBIT": 9,
        "Net Income": -6
    },
    "2010-09-30": {
        "Diluted EPS": 0.01,
        "Total Revenue": 242,
        "Gross Profit": 124,
        "Operating Income": -1,
        "EBIT": 16,
        "Net Income": 1
    },
    "2010-06-30": {
        "Diluted EPS": 0.09,
        "Total Revenue": 191,
        "Gross Profit": 105,
        "Operating Income": 21,
        "EBIT": 30,
        "Net Income": 13
    },
    "2010-05-31": {
        "Diluted EPS": 0.0,
        "Total Revenue": NaN,
        "Gross Profit": NaN,
        "Operating Income": NaN,
        "EBIT": NaN,
        "Net Income": NaN
    },
    "2010-03-31": {
        "Diluted EPS": 0.12,
        "Total Revenue": 184,
        "Gross Profit": 104,
        "Operating Income": 32,
        "EBIT": 41,
        "Net Income": 19
    },
    "2010-02-28": {
        "Diluted EPS": 0.12,
        "Total Revenue": 180,
        "Gross Profit": 102,
        "Operating Income": 32,
        "EBIT": 41,
        "Net Income": 18
    },
    "2009-12-31": {
        "Diluted EPS": 0.0,
        "Total Revenue": NaN,
        "Gross Profit": NaN,
        "Operating Income": NaN,
        "EBIT": NaN,
        "Net Income": NaN
    },
    "2009-11-30": {
        "Diluted EPS": 0.1,
        "Total Revenue": 169,
        "Gross Profit": 96,
        "Operating Income": 27,
        "EBIT": 41,
        "Net Income": 16
    },
    "2009-09-30": {
        "Diluted EPS": 0.09,
        "Total Revenue": 165,
        "Gross Profit": 89,
        "Operating Income": 22,
        "EBIT": 22,
        "Net Income": 13
    },
    "2009-08-31": {
        "Diluted EPS": 0.09,
        "Total Revenue": 165,
        "Gross Profit": 89,
        "Operating Income": 22,
        "EBIT": 22,
        "Net Income": 13
    },
    "2009-05-31": {
        "Diluted EPS": 0.0,
        "Total Revenue": NaN,
        "Gross Profit": NaN,
        "Operating Income": NaN,
        "EBIT": NaN,
        "Net Income": NaN
    },
    "2009-02-28": {
        "Diluted EPS": 0.09,
        "Total Revenue": 161,
        "Gross Profit": 83,
        "Operating Income": 23,
        "EBIT": 37,
        "Net Income": 13
    }
}