{
    "2023-03-31": {
        "Tax Effect Of Unusual Items": NaN,
        "Tax Rate For Calcs": NaN,
        "Normalized EBITDA": NaN,
        "Total Unusual Items": NaN,
        "Total Unusual Items Excluding Goodwill": NaN,
        "Net Income From Continuing Operation Net Minority Interest": NaN,
        "Reconciled Depreciation": NaN,
        "Reconciled Cost Of Revenue": NaN,
        "EBITDA": NaN,
        "EBIT": NaN,
        "Net Interest Income": NaN,
        "Interest Expense": NaN,
        "Normalized Income": NaN,
        "Net Income From Continuing And Discontinued Operation": NaN,
        "Total Expenses": NaN,
        "Total Operating Income As Reported": NaN,
        "Diluted Average Shares": NaN,
        "Basic Average Shares": NaN,
        "Diluted EPS": NaN,
        "Basic EPS": NaN,
        "Diluted NI Availto Com Stockholders": NaN,
        "Net Income Common Stockholders": NaN,
        "Net Income": NaN,
        "Net Income Including Noncontrolling Interests": NaN,
        "Net Income Discontinuous Operations": NaN,
        "Net Income Continuous Operations": NaN,
        "Tax Provision": NaN,
        "Pretax Income": NaN,
        "Other Income Expense": NaN,
        "Other Non Operating Income Expenses": NaN,
        "Gain On Sale Of Security": NaN,
        "Net Non Operating Interest Income Expense": NaN,
        "Interest Expense Non Operating": NaN,
        "Operating Income": NaN,
        "Operating Expense": NaN,
        "Other Taxes": NaN,
        "Depreciation Amortization Depletion Income Statement": NaN,
        "Depreciation And Amortization In Income Statement": 52233000.0,
        "Gross Profit": NaN,
        "Cost Of Revenue": NaN,
        "Total Revenue": NaN,
        "Operating Revenue": NaN
    },
    "2022-12-31": {
        "Tax Effect Of Unusual Items": 0.0,
        "Tax Rate For Calcs": 0.22487,
        "Normalized EBITDA": 266099000.0,
        "Total Unusual Items": NaN,
        "Total Unusual Items Excluding Goodwill": NaN,
        "Net Income From Continuing Operation Net Minority Interest": 116978000.0,
        "Reconciled Depreciation": 80653000.0,
        "Reconciled Cost Of Revenue": 1544300000.0,
        "EBITDA": 266099000.0,
        "EBIT": 185446000.0,
        "Net Interest Income": -34532000.0,
        "Interest Expense": 34532000.0,
        "Normalized Income": 116978000.0,
        "Net Income From Continuing And Discontinued Operation": 117088000.0,
        "Total Expenses": 1682988000.0,
        "Total Operating Income As Reported": 176190000.0,
        "Diluted Average Shares": 203900000.0,
        "Basic Average Shares": 203400000.0,
        "Diluted EPS": 0.57,
        "Basic EPS": 0.57,
        "Diluted NI Availto Com Stockholders": 117088000.0,
        "Net Income Common Stockholders": 117088000.0,
        "Net Income": 117088000.0,
        "Net Income Including Noncontrolling Interests": 117088000.0,
        "Net Income Discontinuous Operations": 110000.0,
        "Net Income Continuous Operations": 116978000.0,
        "Tax Provision": 33936000.0,
        "Pretax Income": 150914000.0,
        "Other Income Expense": 9256000.0,
        "Other Non Operating Income Expenses": 9256000.0,
        "Gain On Sale Of Security": NaN,
        "Net Non Operating Interest Income Expense": -34532000.0,
        "Interest Expense Non Operating": 34532000.0,
        "Operating Income": 176190000.0,
        "Operating Expense": 138688000.0,
        "Other Taxes": 58035000.0,
        "Depreciation Amortization Depletion Income Statement": 80653000.0,
        "Gross Profit": 314878000.0,
        "Cost Of Revenue": 1544300000.0,
        "Total Revenue": 1859178000.0,
        "Operating Revenue": 1859178000.0
    },
    "2022-09-30": {
        "Tax Effect Of Unusual Items": 0.0,
        "Tax Rate For Calcs": 0.19273,
        "Normalized EBITDA": 296913000.0,
        "Total Unusual Items": NaN,
        "Total Unusual Items Excluding Goodwill": NaN,
        "Net Income From Continuing Operation Net Minority Interest": 147933000.0,
        "Reconciled Depreciation": 82293000.0,
        "Reconciled Cost Of Revenue": 1628795000.0,
        "EBITDA": 296913000.0,
        "EBIT": 214620000.0,
        "Net Interest Income": -31369000.0,
        "Interest Expense": 31369000.0,
        "Normalized Income": 147933000.0,
        "Net Income From Continuing And Discontinued Operation": 147971000.0,
        "Total Expenses": 1767355000.0,
        "Total Operating Income As Reported": 209851000.0,
        "Diluted Average Shares": 203644000.0,
        "Basic Average Shares": 203351000.0,
        "Diluted EPS": 0.73,
        "Basic EPS": 0.73,
        "Diluted NI Availto Com Stockholders": 147971000.0,
        "Net Income Common Stockholders": 147971000.0,
        "Net Income": 147971000.0,
        "Net Income Including Noncontrolling Interests": 147971000.0,
        "Net Income Discontinuous Operations": 38000.0,
        "Net Income Continuous Operations": 147933000.0,
        "Tax Provision": 35318000.0,
        "Pretax Income": 183251000.0,
        "Other Income Expense": 4769000.0,
        "Other Non Operating Income Expenses": 4769000.0,
        "Gain On Sale Of Security": NaN,
        "Net Non Operating Interest Income Expense": -31369000.0,
        "Interest Expense Non Operating": 31369000.0,
        "Operating Income": 209851000.0,
        "Operating Expense": 138560000.0,
        "Other Taxes": 56267000.0,
        "Depreciation Amortization Depletion Income Statement": 82293000.0,
        "Gross Profit": 348411000.0,
        "Cost Of Revenue": 1628795000.0,
        "Total Revenue": 1977206000.0,
        "Operating Revenue": 1977206000.0
    },
    "2022-06-30": {
        "Tax Effect Of Unusual Items": 0.0,
        "Tax Rate For Calcs": 0.198413,
        "Normalized EBITDA": 201100000.0,
        "Total Unusual Items": NaN,
        "Total Unusual Items Excluding Goodwill": NaN,
        "Net Income From Continuing Operation Net Minority Interest": 70700000.0,
        "Reconciled Depreciation": 84759000.0,
        "Reconciled Cost Of Revenue": 1454000000.0,
        "EBITDA": 201100000.0,
        "EBIT": 116300000.0,
        "Net Interest Income": -28100000.0,
        "Interest Expense": 28100000.0,
        "Normalized Income": 70700000.0,
        "Net Income From Continuing And Discontinued Operation": 70700000.0,
        "Total Expenses": 1600300000.0,
        "Total Operating Income As Reported": 120600000.0,
        "Diluted Average Shares": 203401000.0,
        "Basic Average Shares": 203351000.0,
        "Diluted EPS": 0.35,
        "Basic EPS": 0.35,
        "Diluted NI Availto Com Stockholders": 70700000.0,
        "Net Income Common Stockholders": 70700000.0,
        "Net Income": 70700000.0,
        "Net Income Including Noncontrolling Interests": 70700000.0,
        "Net Income Discontinuous Operations": 0.0,
        "Net Income Continuous Operations": 70700000.0,
        "Tax Provision": 17500000.0,
        "Pretax Income": 88200000.0,
        "Other Income Expense": -4300000.0,
        "Other Non Operating Income Expenses": -4300000.0,
        "Gain On Sale Of Security": NaN,
        "Net Non Operating Interest Income Expense": -28100000.0,
        "Interest Expense Non Operating": 28100000.0,
        "Operating Income": 120600000.0,
        "Operating Expense": 146300000.0,
        "Other Taxes": 61500000.0,
        "Depreciation Amortization Depletion Income Statement": 84800000.0,
        "Gross Profit": 266900000.0,
        "Cost Of Revenue": 1454000000.0,
        "Total Revenue": 1720900000.0,
        "Operating Revenue": 1720900000.0
    },
    "2023-06-30": {
        "Tax Effect Of Unusual Items": NaN,
        "Tax Rate For Calcs": NaN,
        "Normalized EBITDA": NaN,
        "Total Unusual Items": 140020000.0,
        "Total Unusual Items Excluding Goodwill": 140020000.0,
        "Net Income From Continuing Operation Net Minority Interest": NaN,
        "Reconciled Depreciation": NaN,
        "Reconciled Cost Of Revenue": NaN,
        "EBITDA": NaN,
        "EBIT": NaN,
        "Net Interest Income": NaN,
        "Interest Expense": NaN,
        "Normalized Income": NaN,
        "Net Income From Continuing And Discontinued Operation": NaN,
        "Total Expenses": NaN,
        "Total Operating Income As Reported": NaN,
        "Diluted Average Shares": NaN,
        "Basic Average Shares": NaN,
        "Diluted EPS": NaN,
        "Basic EPS": NaN,
        "Diluted NI Availto Com Stockholders": NaN,
        "Net Income Common Stockholders": NaN,
        "Net Income": NaN,
        "Net Income Including Noncontrolling Interests": NaN,
        "Net Income Discontinuous Operations": NaN,
        "Net Income Continuous Operations": NaN,
        "Tax Provision": NaN,
        "Pretax Income": NaN,
        "Other Income Expense": NaN,
        "Other Non Operating Income Expenses": NaN,
        "Gain On Sale Of Security": 140020000.0,
        "Net Non Operating Interest Income Expense": NaN,
        "Interest Expense Non Operating": NaN,
        "Operating Income": NaN,
        "Operating Expense": NaN,
        "Other Taxes": NaN,
        "Depreciation Amortization Depletion Income Statement": NaN,
        "Depreciation And Amortization In Income Statement": NaN,
        "Gross Profit": NaN,
        "Cost Of Revenue": NaN,
        "Total Revenue": NaN,
        "Operating Revenue": NaN
    },
    "2022-03-31": {
        "Diluted EPS": 0.16,
        "Total Revenue": NaN,
        "Gross Profit": NaN,
        "Operating Income": 67,
        "EBIT": 148,
        "Net Income": 32
    },
    "2021-12-31": {
        "Diluted EPS": 0.43,
        "Total Revenue": NaN,
        "Gross Profit": NaN,
        "Operating Income": 122,
        "EBIT": 199,
        "Net Income": 87
    },
    "2021-09-30": {
        "Diluted EPS": 0.68,
        "Total Revenue": NaN,
        "Gross Profit": NaN,
        "Operating Income": 189,
        "EBIT": 265,
        "Net Income": 139
    },
    "2021-06-30": {
        "Diluted EPS": 0.5,
        "Total Revenue": NaN,
        "Gross Profit": NaN,
        "Operating Income": 138,
        "EBIT": 212,
        "Net Income": 100
    },
    "2021-03-31": {
        "Diluted EPS": 0.26,
        "Total Revenue": NaN,
        "Gross Profit": NaN,
        "Operating Income": 85,
        "EBIT": 159,
        "Net Income": 52
    },
    "2020-12-31": {
        "Diluted EPS": 0.56,
        "Total Revenue": NaN,
        "Gross Profit": NaN,
        "Operating Income": 146,
        "EBIT": 220,
        "Net Income": 112
    },
    "2020-09-30": {
        "Diluted EPS": 0.76,
        "Total Revenue": NaN,
        "Gross Profit": NaN,
        "Operating Income": 204,
        "EBIT": 276,
        "Net Income": 153
    },
    "2020-06-30": {
        "Diluted EPS": 0.5,
        "Total Revenue": NaN,
        "Gross Profit": NaN,
        "Operating Income": 138,
        "EBIT": 210,
        "Net Income": 100
    },
    "2020-03-31": {
        "Diluted EPS": 0.13,
        "Total Revenue": NaN,
        "Gross Profit": NaN,
        "Operating Income": 57,
        "EBIT": 126,
        "Net Income": 25
    },
    "2019-12-31": {
        "Diluted EPS": 0.48,
        "Total Revenue": NaN,
        "Gross Profit": NaN,
        "Operating Income": 130,
        "EBIT": 200,
        "Net Income": 95
    },
    "2019-09-30": {
        "Diluted EPS": 0.69,
        "Total Revenue": NaN,
        "Gross Profit": NaN,
        "Operating Income": 189,
        "EBIT": 254,
        "Net Income": 138
    },
    "2019-06-30": {
        "Diluted EPS": 0.31,
        "Total Revenue": NaN,
        "Gross Profit": NaN,
        "Operating Income": 97,
        "EBIT": 160,
        "Net Income": 62
    },
    "2019-03-31": {
        "Diluted EPS": 0.21,
        "Total Revenue": NaN,
        "Gross Profit": 881,
        "Operating Income": 64,
        "EBIT": 124,
        "Net Income": 41
    },
    "2018-12-31": {
        "Diluted EPS": 0.4,
        "Total Revenue": NaN,
        "Gross Profit": NaN,
        "Operating Income": 118,
        "EBIT": 177,
        "Net Income": 79
    },
    "2018-09-30": {
        "Diluted EPS": 0.55,
        "Total Revenue": NaN,
        "Gross Profit": NaN,
        "Operating Income": 140,
        "EBIT": 195,
        "Net Income": 107
    },
    "2018-06-30": {
        "Diluted EPS": 0.22,
        "Total Revenue": NaN,
        "Gross Profit": 990,
        "Operating Income": 74,
        "EBIT": 128,
        "Net Income": 44
    },
    "2018-03-31": {
        "Diluted EPS": 0.22,
        "Total Revenue": 976,
        "Gross Profit": 772,
        "Operating Income": 69,
        "EBIT": 122,
        "Net Income": 42
    },
    "2017-12-31": {
        "Diluted EPS": 0.58,
        "Total Revenue": NaN,
        "Gross Profit": 997,
        "Operating Income": 124,
        "EBIT": 177,
        "Net Income": 115
    },
    "2017-09-30": {
        "Diluted EPS": 0.45,
        "Total Revenue": NaN,
        "Gross Profit": NaN,
        "Operating Income": 155,
        "EBIT": 207,
        "Net Income": 87
    },
    "2017-06-30": {
        "Diluted EPS": 0.21,
        "Total Revenue": NaN,
        "Gross Profit": 993,
        "Operating Income": 79,
        "EBIT": 130,
        "Net Income": 41
    },
    "2017-03-31": {
        "Diluted EPS": 0.19,
        "Total Revenue": 938,
        "Gross Profit": 723,
        "Operating Income": 66,
        "EBIT": 117,
        "Net Income": 37
    },
    "2016-12-31": {
        "Diluted EPS": 0.34,
        "Total Revenue": NaN,
        "Gross Profit": 855,
        "Operating Income": 111,
        "EBIT": 164,
        "Net Income": 66
    },
    "2016-09-30": {
        "Diluted EPS": 0.42,
        "Total Revenue": NaN,
        "Gross Profit": NaN,
        "Operating Income": 147,
        "EBIT": 201,
        "Net Income": 83
    },
    "2016-06-30": {
        "Diluted EPS": -0.56,
        "Total Revenue": NaN,
        "Gross Profit": 981,
        "Operating Income": 89,
        "EBIT": 143,
        "Net Income": -109
    },
    "2016-03-31": {
        "Diluted EPS": 0.13,
        "Total Revenue": 860,
        "Gross Profit": 677,
        "Operating Income": 62,
        "EBIT": 117,
        "Net Income": 25
    },
    "2015-12-31": {
        "Diluted EPS": 0.27,
        "Total Revenue": NaN,
        "Gross Profit": 850,
        "Operating Income": 89,
        "EBIT": 146,
        "Net Income": 52
    },
    "2015-09-30": {
        "Diluted EPS": -0.72,
        "Total Revenue": NaN,
        "Gross Profit": NaN,
        "Operating Income": 128,
        "EBIT": 180,
        "Net Income": -140
    },
    "2015-06-30": {
        "Diluted EPS": -1.18,
        "Total Revenue": 938,
        "Gross Profit": 852,
        "Operating Income": 60,
        "EBIT": 110,
        "Net Income": -230
    },
    "2015-03-31": {
        "Diluted EPS": -1.57,
        "Total Revenue": 862,
        "Gross Profit": 635,
        "Operating Income": 44,
        "EBIT": 97,
        "Net Income": -306
    },
    "2014-12-31": {
        "Diluted EPS": 0.44,
        "Total Revenue": 906,
        "Gross Profit": 699,
        "Operating Income": 43,
        "EBIT": 95,
        "Net Income": 84
    },
    "2014-09-30": {
        "Diluted EPS": 0.53,
        "Total Revenue": NaN,
        "Gross Profit": NaN,
        "Operating Income": 119,
        "EBIT": 170,
        "Net Income": 103
    },
    "2014-06-30": {
        "Diluted EPS": 0.28,
        "Total Revenue": 953,
        "Gross Profit": 849,
        "Operating Income": 62,
        "EBIT": 63,
        "Net Income": 54
    },
    "2014-03-31": {
        "Diluted EPS": 0.3,
        "Total Revenue": NaN,
        "Gross Profit": 771,
        "Operating Income": 103,
        "EBIT": 202,
        "Net Income": 56
    },
    "2013-12-31": {
        "Diluted EPS": 0.49,
        "Total Revenue": 642,
        "Gross Profit": 428,
        "Operating Income": -25,
        "EBIT": -113,
        "Net Income": 91
    },
    "2013-09-30": {
        "Diluted EPS": 0.44,
        "Total Revenue": NaN,
        "Gross Profit": NaN,
        "Operating Income": 150,
        "EBIT": 250,
        "Net Income": 84
    },
    "2013-06-30": {
        "Diluted EPS": 0.24,
        "Total Revenue": NaN,
        "Gross Profit": 972,
        "Operating Income": 91,
        "EBIT": 187,
        "Net Income": 46
    },
    "2013-03-31": {
        "Diluted EPS": 0.3,
        "Total Revenue": 932,
        "Gross Profit": 711,
        "Operating Income": 105,
        "EBIT": 198,
        "Net Income": 56
    },
    "2012-12-31": {
        "Diluted EPS": -0.33,
        "Total Revenue": NaN,
        "Gross Profit": 914,
        "Operating Income": -110,
        "EBIT": -11,
        "Net Income": -61
    },
    "2012-09-30": {
        "Diluted EPS": -0.16,
        "Total Revenue": NaN,
        "Gross Profit": NaN,
        "Operating Income": -34,
        "EBIT": 58,
        "Net Income": -30
    },
    "2012-06-30": {
        "Diluted EPS": 0.29,
        "Total Revenue": 968,
        "Gross Profit": 894,
        "Operating Income": 92,
        "EBIT": 175,
        "Net Income": 54
    },
    "2012-03-31": {
        "Diluted EPS": 0.19,
        "Total Revenue": 853,
        "Gross Profit": 649,
        "Operating Income": 71,
        "EBIT": 156,
        "Net Income": 36
    },
    "2011-12-31": {
        "Diluted EPS": 0.31,
        "Total Revenue": NaN,
        "Gross Profit": 874,
        "Operating Income": 127,
        "EBIT": 213,
        "Net Income": 61
    },
    "2011-09-30": {
        "Diluted EPS": 0.34,
        "Total Revenue": NaN,
        "Gross Profit": NaN,
        "Operating Income": 119,
        "EBIT": 208,
        "Net Income": 64
    },
    "2011-06-30": {
        "Diluted EPS": 0.24,
        "Total Revenue": 931,
        "Gross Profit": 815,
        "Operating Income": 82,
        "EBIT": 166,
        "Net Income": 45
    },
    "2011-03-31": {
        "Diluted EPS": 0.23,
        "Total Revenue": 902,
        "Gross Profit": 640,
        "Operating Income": 78,
        "EBIT": 163,
        "Net Income": 43
    },
    "2010-12-31": {
        "Diluted EPS": 0.47,
        "Total Revenue": NaN,
        "Gross Profit": 839,
        "Operating Income": 130,
        "EBIT": 214,
        "Net Income": 89
    },
    "2010-09-30": {
        "Diluted EPS": 0.32,
        "Total Revenue": NaN,
        "Gross Profit": NaN,
        "Operating Income": 109,
        "EBIT": 194,
        "Net Income": 61
    },
    "2010-06-30": {
        "Diluted EPS": 0.26,
        "Total Revenue": 906,
        "Gross Profit": 796,
        "Operating Income": 89,
        "EBIT": 170,
        "Net Income": 49
    },
    "2010-03-31": {
        "Diluted EPS": 0.22,
        "Total Revenue": 835,
        "Gross Profit": 584,
        "Operating Income": 83,
        "EBIT": 162,
        "Net Income": 42
    },
    "2009-12-31": {
        "Diluted EPS": 0.4,
        "Total Revenue": NaN,
        "Gross Profit": 781,
        "Operating Income": 127,
        "EBIT": 205,
        "Net Income": 72
    },
    "2009-09-30": {
        "Diluted EPS": 0.5,
        "Total Revenue": NaN,
        "Gross Profit": NaN,
        "Operating Income": 160,
        "EBIT": 240,
        "Net Income": 92
    },
    "2009-06-30": {
        "Diluted EPS": 0.3,
        "Total Revenue": 958,
        "Gross Profit": 836,
        "Operating Income": 100,
        "EBIT": 181,
        "Net Income": 55
    },
    "2009-03-31": {
        "Diluted EPS": -1.87,
        "Total Revenue": NaN,
        "Gross Profit": 719,
        "Operating Income": -541,
        "EBIT": -448,
        "Net Income": -344
    },
    "2023-09-30": {
        "Tax Effect Of Unusual Items": NaN,
        "Tax Rate For Calcs": NaN,
        "Normalized EBITDA": NaN,
        "Total Unusual Items": 30150000.0,
        "Total Unusual Items Excluding Goodwill": 30150000.0,
        "Net Income From Continuing Operation Net Minority Interest": NaN,
        "Reconciled Depreciation": NaN,
        "Reconciled Cost Of Revenue": NaN,
        "EBITDA": NaN,
        "EBIT": NaN,
        "Net Interest Income": NaN,
        "Interest Expense": NaN,
        "Normalized Income": NaN,
        "Net Income From Continuing And Discontinued Operation": NaN,
        "Total Expenses": NaN,
        "Total Operating Income As Reported": NaN,
        "Diluted Average Shares": NaN,
        "Basic Average Shares": NaN,
        "Diluted EPS": NaN,
        "Basic EPS": NaN,
        "Diluted NI Availto Com Stockholders": NaN,
        "Net Income Common Stockholders": NaN,
        "Net Income": NaN,
        "Net Income Including Noncontrolling Interests": NaN,
        "Net Income Discontinuous Operations": NaN,
        "Net Income Continuous Operations": NaN,
        "Tax Provision": NaN,
        "Pretax Income": NaN,
        "Other Income Expense": NaN,
        "Other Non Operating Income Expenses": NaN,
        "Gain On Sale Of Security": 30150000.0,
        "Net Non Operating Interest Income Expense": NaN,
        "Interest Expense Non Operating": NaN,
        "Operating Income": NaN,
        "Operating Expense": NaN,
        "Other Taxes": NaN,
        "Depreciation Amortization Depletion Income Statement": NaN,
        "Depreciation And Amortization In Income Statement": NaN,
        "Gross Profit": NaN,
        "Cost Of Revenue": NaN,
        "Total Revenue": NaN,
        "Operating Revenue": NaN
    },
    "2023-12-31": {
        "Tax Effect Of Unusual Items": NaN,
        "Tax Rate For Calcs": NaN,
        "Normalized EBITDA": NaN,
        "Total Unusual Items": 16386000.0,
        "Total Unusual Items Excluding Goodwill": 16386000.0,
        "Net Income From Continuing Operation Net Minority Interest": NaN,
        "Reconciled Depreciation": NaN,
        "Reconciled Cost Of Revenue": NaN,
        "EBITDA": NaN,
        "EBIT": NaN,
        "Net Interest Income": NaN,
        "Interest Expense": NaN,
        "Normalized Income": NaN,
        "Net Income From Continuing And Discontinued Operation": NaN,
        "Total Expenses": NaN,
        "Total Operating Income As Reported": NaN,
        "Diluted Average Shares": NaN,
        "Basic Average Shares": NaN,
        "Diluted EPS": NaN,
        "Basic EPS": NaN,
        "Diluted NI Availto Com Stockholders": NaN,
        "Net Income Common Stockholders": NaN,
        "Net Income": NaN,
        "Net Income Including Noncontrolling Interests": NaN,
        "Net Income Discontinuous Operations": NaN,
        "Net Income Continuous Operations": NaN,
        "Tax Provision": NaN,
        "Pretax Income": NaN,
        "Other Income Expense": NaN,
        "Other Non Operating Income Expenses": NaN,
        "Gain On Sale Of Security": 16386000.0,
        "Net Non Operating Interest Income Expense": NaN,
        "Interest Expense Non Operating": NaN,
        "Operating Income": NaN,
        "Operating Expense": NaN,
        "Other Taxes": NaN,
        "Depreciation Amortization Depletion Income Statement": NaN,
        "Depreciation And Amortization In Income Statement": NaN,
        "Gross Profit": NaN,
        "Cost Of Revenue": NaN,
        "Total Revenue": NaN,
        "Operating Revenue": NaN
    },
    "2024-03-31": {
        "Tax Effect Of Unusual Items": NaN,
        "Tax Rate For Calcs": NaN,
        "Normalized EBITDA": NaN,
        "Net Income From Continuing Operation Net Minority Interest": NaN,
        "Reconciled Depreciation": NaN,
        "Reconciled Cost Of Revenue": NaN,
        "EBITDA": NaN,
        "EBIT": NaN,
        "Net Interest Income": NaN,
        "Interest Expense": NaN,
        "Normalized Income": NaN,
        "Net Income From Continuing And Discontinued Operation": NaN,
        "Total Expenses": NaN,
        "Total Operating Income As Reported": NaN,
        "Diluted Average Shares": NaN,
        "Basic Average Shares": NaN,
        "Diluted EPS": NaN,
        "Basic EPS": NaN,
        "Diluted NI Availto Com Stockholders": NaN,
        "Net Income Common Stockholders": NaN,
        "Net Income": NaN,
        "Net Income Including Noncontrolling Interests": NaN,
        "Net Income Discontinuous Operations": NaN,
        "Net Income Continuous Operations": NaN,
        "Tax Provision": NaN,
        "Pretax Income": NaN,
        "Other Income Expense": NaN,
        "Other Non Operating Income Expenses": NaN,
        "Net Non Operating Interest Income Expense": NaN,
        "Interest Expense Non Operating": NaN,
        "Operating Income": NaN,
        "Operating Expense": NaN,
        "Other Taxes": NaN,
        "Depreciation Amortization Depletion Income Statement": NaN,
        "Depreciation And Amortization In Income Statement": 49767000.0,
        "Gross Profit": NaN,
        "Cost Of Revenue": NaN,
        "Total Revenue": NaN,
        "Operating Revenue": NaN
    },
    "2024-06-30": {
        "Tax Effect Of Unusual Items": 0.0,
        "Tax Rate For Calcs": 0.136323,
        "Normalized EBITDA": 99627000.0,
        "Net Income From Continuing Operation Net Minority Interest": 20242000.0,
        "Reconciled Depreciation": 49689000.0,
        "Reconciled Cost Of Revenue": 231239000.0,
        "EBITDA": 99627000.0,
        "EBIT": 49937000.0,
        "Net Interest Income": -26500000.0,
        "Interest Expense": 26500000.0,
        "Normalized Income": 20242000.0,
        "Net Income From Continuing And Discontinued Operation": 60436000.0,
        "Total Expenses": 304897000.0,
        "Total Operating Income As Reported": 39574000.0,
        "Diluted Average Shares": NaN,
        "Basic Average Shares": NaN,
        "Diluted EPS": NaN,
        "Basic EPS": NaN,
        "Diluted NI Availto Com Stockholders": 60436000.0,
        "Net Income Common Stockholders": 60436000.0,
        "Net Income": 60436000.0,
        "Net Income Including Noncontrolling Interests": 60436000.0,
        "Net Income Discontinuous Operations": 40194000.0,
        "Net Income Continuous Operations": 20242000.0,
        "Tax Provision": 3195000.0,
        "Pretax Income": 23437000.0,
        "Other Income Expense": 10363000.0,
        "Other Non Operating Income Expenses": 10363000.0,
        "Net Non Operating Interest Income Expense": -26500000.0,
        "Interest Expense Non Operating": 26500000.0,
        "Operating Income": 39574000.0,
        "Operating Expense": 73659000.0,
        "Other Taxes": 23969000.0,
        "Depreciation Amortization Depletion Income Statement": 49690000.0,
        "Depreciation And Amortization In Income Statement": 49690000.0,
        "Gross Profit": 113233000.0,
        "Cost Of Revenue": 231238000.0,
        "Total Revenue": 344471000.0,
        "Operating Revenue": 344471000.0
    },
    "2024-09-30": {
        "Tax Effect Of Unusual Items": 0.0,
        "Tax Rate For Calcs": 0.173154,
        "Normalized EBITDA": 172977000.0,
        "Net Income From Continuing Operation Net Minority Interest": 62159000.0,
        "Reconciled Depreciation": 68335000.0,
        "Reconciled Cost Of Revenue": 853049000.0,
        "EBITDA": 172977000.0,
        "EBIT": 104642000.0,
        "Net Interest Income": -29466000.0,
        "Interest Expense": 29466000.0,
        "Normalized Income": 62159000.0,
        "Net Income From Continuing And Discontinued Operation": 64615000.0,
        "Total Expenses": 959712000.0,
        "Total Operating Income As Reported": 90804000.0,
        "Diluted Average Shares": 204678000.0,
        "Basic Average Shares": 203888000.0,
        "Diluted EPS": 0.32,
        "Basic EPS": 0.32,
        "Diluted NI Availto Com Stockholders": 64615000.0,
        "Net Income Common Stockholders": 64615000.0,
        "Net Income": 64615000.0,
        "Net Income Including Noncontrolling Interests": 64615000.0,
        "Net Income Discontinuous Operations": 2456000.0,
        "Net Income Continuous Operations": 62159000.0,
        "Tax Provision": 13017000.0,
        "Pretax Income": 75176000.0,
        "Other Income Expense": 13838000.0,
        "Other Non Operating Income Expenses": 13838000.0,
        "Net Non Operating Interest Income Expense": -29466000.0,
        "Interest Expense Non Operating": 29466000.0,
        "Operating Income": 90804000.0,
        "Operating Expense": 94488000.0,
        "Other Taxes": 38328000.0,
        "Depreciation Amortization Depletion Income Statement": 56160000.0,
        "Depreciation And Amortization In Income Statement": NaN,
        "Gross Profit": 185292000.0,
        "Cost Of Revenue": 865224000.0,
        "Total Revenue": 1050516000.0,
        "Operating Revenue": 1050516000.0
    },
    "2024-12-31": {
        "Tax Effect Of Unusual Items": 0.0,
        "Tax Rate For Calcs": 0.21,
        "Normalized EBITDA": -19488000.0,
        "Net Income From Continuing Operation Net Minority Interest": -42558000.0,
        "Reconciled Depreciation": 32287000.0,
        "Reconciled Cost Of Revenue": -1499617000.0,
        "EBITDA": -19488000.0,
        "EBIT": -51775000.0,
        "Net Interest Income": -21567000.0,
        "Interest Expense": 21567000.0,
        "Normalized Income": -42558000.0,
        "Net Income From Continuing And Discontinued Operation": 55158000.0,
        "Total Expenses": -1503053000.0,
        "Total Operating Income As Reported": -50855000.0,
        "Diluted Average Shares": 205200000.0,
        "Basic Average Shares": 203900000.0,
        "Diluted EPS": 0.27,
        "Basic EPS": 0.27,
        "Diluted NI Availto Com Stockholders": 55158000.0,
        "Net Income Common Stockholders": 55158000.0,
        "Net Income": 55158000.0,
        "Net Income Including Noncontrolling Interests": 55158000.0,
        "Net Income Discontinuous Operations": 97716000.0,
        "Net Income Continuous Operations": -42558000.0,
        "Tax Provision": -30784000.0,
        "Pretax Income": -73342000.0,
        "Other Income Expense": -920000.0,
        "Other Non Operating Income Expenses": -920000.0,
        "Net Non Operating Interest Income Expense": -21567000.0,
        "Interest Expense Non Operating": 21567000.0,
        "Operating Income": -50855000.0,
        "Operating Expense": -3436000.0,
        "Other Taxes": -35723000.0,
        "Depreciation Amortization Depletion Income Statement": 32287000.0,
        "Depreciation And Amortization In Income Statement": NaN,
        "Gross Profit": -54291000.0,
        "Cost Of Revenue": -1499617000.0,
        "Total Revenue": -1553908000.0,
        "Operating Revenue": -1553908000.0
    },
    "2025-03-31": {
        "Tax Effect Of Unusual Items": 0.0,
        "Tax Rate For Calcs": 0.094147,
        "Normalized EBITDA": 169121000.0,
        "Net Income From Continuing Operation Net Minority Interest": 82467000.0,
        "Reconciled Depreciation": 51261000.0,
        "Reconciled Cost Of Revenue": 471952000.0,
        "EBITDA": 169121000.0,
        "EBIT": 117860000.0,
        "Net Interest Income": -26822000.0,
        "Interest Expense": 26822000.0,
        "Normalized Income": 82467000.0,
        "Net Income From Continuing And Discontinued Operation": 81965000.0,
        "Total Expenses": 561970000.0,
        "Total Operating Income As Reported": 112863000.0,
        "Diluted Average Shares": 204959000.0,
        "Basic Average Shares": 204142000.0,
        "Diluted EPS": 0.4,
        "Basic EPS": 0.4,
        "Diluted NI Availto Com Stockholders": 81965000.0,
        "Net Income Common Stockholders": 81965000.0,
        "Net Income": 81965000.0,
        "Net Income Including Noncontrolling Interests": 81965000.0,
        "Net Income Discontinuous Operations": -502000.0,
        "Net Income Continuous Operations": 82467000.0,
        "Tax Provision": 8571000.0,
        "Pretax Income": 91038000.0,
        "Other Income Expense": 4997000.0,
        "Other Non Operating Income Expenses": 4997000.0,
        "Net Non Operating Interest Income Expense": -26822000.0,
        "Interest Expense Non Operating": 26822000.0,
        "Operating Income": 112863000.0,
        "Operating Expense": 90018000.0,
        "Other Taxes": 38757000.0,
        "Depreciation Amortization Depletion Income Statement": 51261000.0,
        "Depreciation And Amortization In Income Statement": 51261000.0,
        "Gross Profit": 202881000.0,
        "Cost Of Revenue": 471952000.0,
        "Total Revenue": 674833000.0,
        "Operating Revenue": 674833000.0
    },
    "2025-06-30": {
        "Tax Effect Of Unusual Items": 0.0,
        "Tax Rate For Calcs": 0.044161,
        "Normalized EBITDA": 92130000.0,
        "Net Income From Continuing Operation Net Minority Interest": 14177000.0,
        "Reconciled Depreciation": 51853000.0,
        "Reconciled Cost Of Revenue": 243835000.0,
        "EBITDA": 92130000.0,
        "EBIT": 40277000.0,
        "Net Interest Income": -25445000.0,
        "Interest Expense": 25445000.0,
        "Normalized Income": 14177000.0,
        "Net Income From Continuing And Discontinued Operation": 13780000.0,
        "Total Expenses": 320854000.0,
        "Total Operating Income As Reported": 30332000.0,
        "Diluted Average Shares": 205200.0,
        "Basic Average Shares": 204300.0,
        "Diluted EPS": 0.07,
        "Basic EPS": 0.07,
        "Diluted NI Availto Com Stockholders": 13780000.0,
        "Net Income Common Stockholders": 13780000.0,
        "Net Income": 13780000.0,
        "Net Income Including Noncontrolling Interests": 13780000.0,
        "Net Income Discontinuous Operations": -397000.0,
        "Net Income Continuous Operations": 14177000.0,
        "Tax Provision": 655000.0,
        "Pretax Income": 14832000.0,
        "Other Income Expense": 9945000.0,
        "Other Non Operating Income Expenses": 9945000.0,
        "Net Non Operating Interest Income Expense": -25445000.0,
        "Interest Expense Non Operating": 25445000.0,
        "Operating Income": 30332000.0,
        "Operating Expense": 77019000.0,
        "Other Taxes": 25166000.0,
        "Depreciation Amortization Depletion Income Statement": 51853000.0,
        "Depreciation And Amortization In Income Statement": 51853000.0,
        "Gross Profit": 107351000.0,
        "Cost Of Revenue": 243835000.0,
        "Total Revenue": 351186000.0,
        "Operating Revenue": 351186000.0
    },
    "2025-09-30": {
        "Tax Effect Of Unusual Items": NaN,
        "Tax Rate For Calcs": NaN,
        "Normalized EBITDA": NaN,
        "Net Income From Continuing Operation Net Minority Interest": NaN,
        "Reconciled Depreciation": NaN,
        "Reconciled Cost Of Revenue": NaN,
        "EBITDA": NaN,
        "EBIT": NaN,
        "Net Interest Income": NaN,
        "Interest Expense": NaN,
        "Normalized Income": NaN,
        "Net Income From Continuing And Discontinued Operation": NaN,
        "Total Expenses": NaN,
        "Total Operating Income As Reported": NaN,
        "Diluted Average Shares": 205300000.0,
        "Basic Average Shares": 204300000.0,
        "Diluted EPS": 0.09,
        "Basic EPS": 0.09,
        "Diluted NI Availto Com Stockholders": NaN,
        "Net Income Common Stockholders": NaN,
        "Net Income": NaN,
        "Net Income Including Noncontrolling Interests": NaN,
        "Net Income Discontinuous Operations": NaN,
        "Net Income Continuous Operations": NaN,
        "Tax Provision": NaN,
        "Pretax Income": NaN,
        "Other Income Expense": NaN,
        "Other Non Operating Income Expenses": NaN,
        "Net Non Operating Interest Income Expense": NaN,
        "Interest Expense Non Operating": NaN,
        "Operating Income": NaN,
        "Operating Expense": NaN,
        "Other Taxes": NaN,
        "Depreciation Amortization Depletion Income Statement": NaN,
        "Depreciation And Amortization In Income Statement": NaN,
        "Gross Profit": NaN,
        "Cost Of Revenue": NaN,
        "Total Revenue": NaN,
        "Operating Revenue": NaN
    }
}