{
    "2023-03-31": {
        "Tax Effect Of Unusual Items": 0.0,
        "Tax Rate For Calcs": 0.335,
        "Net Income From Continuing Operation Net Minority Interest": 3829000.0,
        "Reconciled Depreciation": 95000.0,
        "Interest Income": 8030000.0,
        "Normalized Income": 3829000.0,
        "Net Income From Continuing And Discontinued Operation": 3829000.0,
        "Total Expenses": 29765000.0,
        "Diluted Average Shares": 3808594.0,
        "Basic Average Shares": 3728594.0,
        "Diluted EPS": 1.01,
        "Basic EPS": 1.03,
        "Diluted NI Availto Com Stockholders": 3829000.0,
        "Net Income Common Stockholders": 3829000.0,
        "Net Income": 3829000.0,
        "Minority Interests": -1951000.0,
        "Net Income Including Noncontrolling Interests": 5780000.0,
        "Net Income Continuous Operations": 5780000.0,
        "Tax Provision": 2907000.0,
        "Pretax Income": 8687000.0,
        "Other Income Expense": 1679000.0,
        "Other Operating Expenses": 13912000.0,
        "Selling General And Administration": 5503000.0,
        "General And Administrative Expense": 5503000.0,
        "Salaries And Wages": 5503000.0,
        "Total Revenue": 38452000.0,
        "Operating Revenue": 38452000.0
    },
    "2022-12-31": {
        "Tax Effect Of Unusual Items": 0.0,
        "Tax Rate For Calcs": 0.21,
        "Net Income From Continuing Operation Net Minority Interest": -9740000.0,
        "Reconciled Depreciation": 109000.0,
        "Interest Income": -4920000.0,
        "Normalized Income": -9740000.0,
        "Net Income From Continuing And Discontinued Operation": -9740000.0,
        "Total Expenses": 12081000.0,
        "Diluted Average Shares": 3717557.0,
        "Basic Average Shares": 3717557.0,
        "Diluted EPS": -2.62,
        "Basic EPS": -2.62,
        "Diluted NI Availto Com Stockholders": -9740000.0,
        "Net Income Common Stockholders": -9740000.0,
        "Net Income": -9740000.0,
        "Minority Interests": -2496000.0,
        "Net Income Including Noncontrolling Interests": -7244000.0,
        "Net Income Continuous Operations": -7244000.0,
        "Tax Provision": 3753000.0,
        "Pretax Income": -3491000.0,
        "Other Income Expense": 1932000.0,
        "Other Operating Expenses": 9401000.0,
        "Selling General And Administration": 3830000.0,
        "General And Administrative Expense": 3830000.0,
        "Salaries And Wages": 3830000.0,
        "Total Revenue": 8590000.0,
        "Operating Revenue": 8590000.0
    },
    "2022-09-30": {
        "Tax Effect Of Unusual Items": 0.0,
        "Tax Rate For Calcs": 0.265675,
        "Net Income From Continuing Operation Net Minority Interest": 7431000.0,
        "Reconciled Depreciation": 86000.0,
        "Interest Income": 12624000.0,
        "Normalized Income": 7431000.0,
        "Net Income From Continuing And Discontinued Operation": 7431000.0,
        "Total Expenses": 14294000.0,
        "Diluted Average Shares": 3788933.0,
        "Basic Average Shares": 3736933.0,
        "Diluted EPS": 1.96,
        "Basic EPS": 1.99,
        "Diluted NI Availto Com Stockholders": 7431000.0,
        "Net Income Common Stockholders": 7431000.0,
        "Net Income": 7431000.0,
        "Minority Interests": 3976000.0,
        "Net Income Including Noncontrolling Interests": 3455000.0,
        "Net Income Continuous Operations": 3455000.0,
        "Tax Provision": 1250000.0,
        "Pretax Income": 4705000.0,
        "Other Income Expense": 1808000.0,
        "Other Operating Expenses": 2317000.0,
        "Selling General And Administration": 3751000.0,
        "General And Administrative Expense": 3751000.0,
        "Salaries And Wages": 3751000.0,
        "Total Revenue": 18999000.0,
        "Operating Revenue": 18999000.0
    },
    "2022-06-30": {
        "Tax Effect Of Unusual Items": 0.0,
        "Tax Rate For Calcs": 0.4,
        "Net Income From Continuing Operation Net Minority Interest": 9266000.0,
        "Reconciled Depreciation": 132000.0,
        "Interest Income": -9220000.0,
        "Normalized Income": 9266000.0,
        "Net Income From Continuing And Discontinued Operation": 9266000.0,
        "Total Expenses": -1392000.0,
        "Diluted Average Shares": 3749564.0,
        "Basic Average Shares": 3737564.0,
        "Diluted EPS": 2.47,
        "Basic EPS": 2.48,
        "Diluted NI Availto Com Stockholders": 9266000.0,
        "Net Income Common Stockholders": 9266000.0,
        "Net Income": 9266000.0,
        "Minority Interests": 5871000.0,
        "Net Income Including Noncontrolling Interests": 3395000.0,
        "Net Income Continuous Operations": 3395000.0,
        "Tax Provision": -2125000.0,
        "Pretax Income": 1270000.0,
        "Other Income Expense": 1557000.0,
        "Other Operating Expenses": -2240000.0,
        "Selling General And Administration": 4298000.0,
        "General And Administrative Expense": 4298000.0,
        "Salaries And Wages": 4298000.0,
        "Total Revenue": -122000.0,
        "Operating Revenue": -122000.0
    },
    "2022-03-31": {
        "Diluted EPS": 0.05,
        "Total Revenue": 3,
        "Gross Profit": 9,
        "Operating Income": 6,
        "EBIT": 7,
        "Net Income": 0
    },
    "2021-12-31": {
        "Diluted EPS": -1.86,
        "Total Revenue": 16,
        "Gross Profit": 11,
        "Operating Income": -4,
        "EBIT": -3,
        "Net Income": -7
    },
    "2021-09-30": {
        "Diluted EPS": -0.82,
        "Total Revenue": 6,
        "Gross Profit": 5,
        "Operating Income": -3,
        "EBIT": -3,
        "Net Income": -3
    },
    "2021-06-30": {
        "Diluted EPS": -1.34,
        "Total Revenue": 9,
        "Gross Profit": 5,
        "Operating Income": -4,
        "EBIT": -4,
        "Net Income": -5
    },
    "2021-03-31": {
        "Diluted EPS": -0.43,
        "Total Revenue": -1,
        "Gross Profit": 2,
        "Operating Income": 0,
        "EBIT": 0,
        "Net Income": -2
    },
    "2020-12-31": {
        "Diluted EPS": -6.32,
        "Total Revenue": -1,
        "Gross Profit": -5,
        "Operating Income": -12,
        "EBIT": -12,
        "Net Income": -12
    },
    "2020-09-30": {
        "Diluted EPS": -2.0,
        "Total Revenue": -1,
        "Gross Profit": -1,
        "Operating Income": -4,
        "EBIT": -5,
        "Net Income": -6
    },
    "2020-06-30": {
        "Diluted EPS": -6.53,
        "Total Revenue": -12,
        "Gross Profit": -12,
        "Operating Income": -16,
        "EBIT": -15,
        "Net Income": -17
    },
    "2020-03-31": {
        "Diluted EPS": 10.43,
        "Total Revenue": 24,
        "Gross Profit": 24,
        "Operating Income": 22,
        "EBIT": 22,
        "Net Income": 22
    },
    "2019-12-31": {
        "Diluted EPS": -4.18,
        "Total Revenue": 0,
        "Gross Profit": 0,
        "Operating Income": -7,
        "EBIT": -8,
        "Net Income": -2
    },
    "2019-09-30": {
        "Diluted EPS": -0.8,
        "Total Revenue": 0,
        "Gross Profit": 1,
        "Operating Income": 1,
        "EBIT": 1,
        "Net Income": -2
    },
    "2019-06-30": {
        "Diluted EPS": -0.0,
        "Total Revenue": 2,
        "Gross Profit": 1,
        "Operating Income": 2,
        "EBIT": 2,
        "Net Income": -1
    },
    "2019-03-31": {
        "Diluted EPS": -0.0,
        "Total Revenue": 1,
        "Gross Profit": 1,
        "Operating Income": -1,
        "EBIT": -1,
        "Net Income": -1
    },
    "2018-12-31": {
        "Diluted EPS": 0.0,
        "Total Revenue": NaN,
        "Gross Profit": NaN,
        "Operating Income": NaN,
        "EBIT": NaN,
        "Net Income": NaN
    },
    "2018-03-31": {
        "Diluted EPS": 0.0,
        "Total Revenue": 0,
        "Gross Profit": 0,
        "Operating Income": 0,
        "EBIT": 0,
        "Net Income": -1
    },
    "2023-06-30": {
        "Tax Effect Of Unusual Items": 0.0,
        "Tax Rate For Calcs": 0.4,
        "Net Income From Continuing Operation Net Minority Interest": -3883000.0,
        "Reconciled Depreciation": 94000.0,
        "Interest Income": 10248000.0,
        "Normalized Income": -3883000.0,
        "Net Income From Continuing And Discontinued Operation": -3883000.0,
        "Total Expenses": 26529000.0,
        "Diluted Average Shares": 3863801.0,
        "Basic Average Shares": 3736933.0,
        "Diluted EPS": -1.04,
        "Basic EPS": -1.04,
        "Diluted NI Availto Com Stockholders": -3883000.0,
        "Net Income Common Stockholders": -3883000.0,
        "Net Income": -3883000.0,
        "Minority Interests": -3451000.0,
        "Net Income Including Noncontrolling Interests": -432000.0,
        "Net Income Continuous Operations": -432000.0,
        "Tax Provision": 2969000.0,
        "Pretax Income": 2537000.0,
        "Other Income Expense": 1620000.0,
        "Other Operating Expenses": 5002000.0,
        "Selling General And Administration": 5817000.0,
        "General And Administrative Expense": 5817000.0,
        "Salaries And Wages": 5817000.0,
        "Total Revenue": 29066000.0,
        "Operating Revenue": 29066000.0
    },
    "2023-09-30": {
        "Tax Effect Of Unusual Items": 0.0,
        "Tax Rate For Calcs": 0.21,
        "Net Income From Continuing Operation Net Minority Interest": 385000.0,
        "Reconciled Depreciation": 92000.0,
        "Interest Income": 8179000.0,
        "Normalized Income": 385000.0,
        "Net Income From Continuing And Discontinued Operation": 385000.0,
        "Total Expenses": 8974000.0,
        "Diluted Average Shares": 3876670.0,
        "Basic Average Shares": 3738070.0,
        "Diluted EPS": 0.1,
        "Basic EPS": 0.1,
        "Diluted NI Availto Com Stockholders": 385000.0,
        "Net Income Common Stockholders": 385000.0,
        "Net Income": 385000.0,
        "Minority Interests": -2454000.0,
        "Net Income Including Noncontrolling Interests": 2839000.0,
        "Net Income Continuous Operations": 2839000.0,
        "Tax Provision": 4606000.0,
        "Pretax Income": 7445000.0,
        "Other Income Expense": 1397000.0,
        "Other Operating Expenses": 956000.0,
        "Selling General And Administration": 3805000.0,
        "General And Administrative Expense": 3805000.0,
        "Salaries And Wages": 3805000.0,
        "Total Revenue": 16419000.0,
        "Operating Revenue": 16419000.0
    }
}