{
    "2023-03-31": {
        "Tax Effect Of Unusual Items": NaN,
        "Tax Rate For Calcs": NaN,
        "Normalized EBITDA": NaN,
        "Total Unusual Items": NaN,
        "Total Unusual Items Excluding Goodwill": NaN,
        "Net Income From Continuing Operation Net Minority Interest": NaN,
        "Reconciled Depreciation": NaN,
        "Reconciled Cost Of Revenue": NaN,
        "EBITDA": NaN,
        "EBIT": NaN,
        "Net Interest Income": NaN,
        "Interest Expense": 1553000.0,
        "Interest Income": NaN,
        "Normalized Income": NaN,
        "Net Income From Continuing And Discontinued Operation": NaN,
        "Total Expenses": NaN,
        "Total Operating Income As Reported": NaN,
        "Diluted Average Shares": NaN,
        "Basic Average Shares": NaN,
        "Diluted EPS": NaN,
        "Basic EPS": NaN,
        "Diluted NI Availto Com Stockholders": NaN,
        "Net Income Common Stockholders": NaN,
        "Otherunder Preferred Stock Dividend": 0.0,
        "Preferred Stock Dividends": 1684000.0,
        "Net Income": NaN,
        "Net Income Including Noncontrolling Interests": NaN,
        "Net Income Discontinuous Operations": NaN,
        "Net Income Continuous Operations": NaN,
        "Tax Provision": NaN,
        "Pretax Income": NaN,
        "Other Income Expense": NaN,
        "Other Non Operating Income Expenses": NaN,
        "Special Income Charges": NaN,
        "Impairment Of Capital Assets": NaN,
        "Restructuring And Mergern Acquisition": NaN,
        "Net Non Operating Interest Income Expense": NaN,
        "Total Other Finance Cost": NaN,
        "Interest Expense Non Operating": 1553000.0,
        "Interest Income Non Operating": NaN,
        "Operating Income": NaN,
        "Operating Expense": NaN,
        "Other Operating Expenses": NaN,
        "Depreciation Amortization Depletion Income Statement": NaN,
        "Depreciation And Amortization In Income Statement": NaN,
        "Amortization": NaN,
        "Amortization Of Intangibles Income Statement": NaN,
        "Research And Development": NaN,
        "Selling General And Administration": NaN,
        "Gross Profit": NaN,
        "Cost Of Revenue": NaN,
        "Total Revenue": NaN,
        "Operating Revenue": NaN
    },
    "2022-12-31": {
        "Tax Effect Of Unusual Items": NaN,
        "Tax Rate For Calcs": NaN,
        "Normalized EBITDA": NaN,
        "Total Unusual Items": NaN,
        "Total Unusual Items Excluding Goodwill": NaN,
        "Net Income From Continuing Operation Net Minority Interest": NaN,
        "Reconciled Depreciation": NaN,
        "Reconciled Cost Of Revenue": NaN,
        "EBITDA": NaN,
        "EBIT": NaN,
        "Net Interest Income": NaN,
        "Interest Expense": NaN,
        "Normalized Income": NaN,
        "Net Income From Continuing And Discontinued Operation": NaN,
        "Total Expenses": NaN,
        "Total Operating Income As Reported": NaN,
        "Diluted Average Shares": 113676496.0,
        "Basic Average Shares": 113676496.0,
        "Diluted EPS": -0.02,
        "Basic EPS": -0.02,
        "Diluted NI Availto Com Stockholders": NaN,
        "Net Income Common Stockholders": NaN,
        "Otherunder Preferred Stock Dividend": NaN,
        "Preferred Stock Dividends": NaN,
        "Net Income": NaN,
        "Net Income Including Noncontrolling Interests": NaN,
        "Net Income Discontinuous Operations": NaN,
        "Net Income Continuous Operations": NaN,
        "Tax Provision": NaN,
        "Pretax Income": NaN,
        "Other Income Expense": NaN,
        "Other Non Operating Income Expenses": NaN,
        "Special Income Charges": NaN,
        "Impairment Of Capital Assets": NaN,
        "Restructuring And Mergern Acquisition": NaN,
        "Net Non Operating Interest Income Expense": NaN,
        "Total Other Finance Cost": NaN,
        "Interest Expense Non Operating": NaN,
        "Operating Income": NaN,
        "Operating Expense": NaN,
        "Other Operating Expenses": NaN,
        "Depreciation Amortization Depletion Income Statement": NaN,
        "Depreciation And Amortization In Income Statement": NaN,
        "Amortization": NaN,
        "Amortization Of Intangibles Income Statement": NaN,
        "Research And Development": NaN,
        "Selling General And Administration": NaN,
        "Gross Profit": NaN,
        "Cost Of Revenue": NaN,
        "Total Revenue": NaN,
        "Operating Revenue": NaN
    },
    "2022-09-30": {
        "Tax Effect Of Unusual Items": NaN,
        "Tax Rate For Calcs": NaN,
        "Normalized EBITDA": NaN,
        "Total Unusual Items": NaN,
        "Total Unusual Items Excluding Goodwill": NaN,
        "Net Income From Continuing Operation Net Minority Interest": NaN,
        "Reconciled Depreciation": NaN,
        "Reconciled Cost Of Revenue": NaN,
        "EBITDA": NaN,
        "EBIT": NaN,
        "Net Interest Income": NaN,
        "Interest Expense": NaN,
        "Normalized Income": NaN,
        "Net Income From Continuing And Discontinued Operation": NaN,
        "Total Expenses": NaN,
        "Total Operating Income As Reported": NaN,
        "Diluted Average Shares": NaN,
        "Basic Average Shares": NaN,
        "Diluted EPS": NaN,
        "Basic EPS": NaN,
        "Diluted NI Availto Com Stockholders": NaN,
        "Net Income Common Stockholders": NaN,
        "Otherunder Preferred Stock Dividend": 0.0,
        "Preferred Stock Dividends": 1670000.0,
        "Net Income": NaN,
        "Net Income Including Noncontrolling Interests": NaN,
        "Net Income Discontinuous Operations": NaN,
        "Net Income Continuous Operations": NaN,
        "Tax Provision": NaN,
        "Pretax Income": NaN,
        "Other Income Expense": NaN,
        "Other Non Operating Income Expenses": NaN,
        "Special Income Charges": NaN,
        "Impairment Of Capital Assets": NaN,
        "Restructuring And Mergern Acquisition": 0.0,
        "Net Non Operating Interest Income Expense": NaN,
        "Total Other Finance Cost": 119000.0,
        "Interest Expense Non Operating": NaN,
        "Operating Income": NaN,
        "Operating Expense": NaN,
        "Other Operating Expenses": NaN,
        "Depreciation Amortization Depletion Income Statement": NaN,
        "Depreciation And Amortization In Income Statement": NaN,
        "Amortization": NaN,
        "Amortization Of Intangibles Income Statement": NaN,
        "Research And Development": NaN,
        "Selling General And Administration": NaN,
        "Gross Profit": NaN,
        "Cost Of Revenue": NaN,
        "Total Revenue": NaN,
        "Operating Revenue": NaN
    },
    "2022-06-30": {
        "Tax Effect Of Unusual Items": 0.0,
        "Tax Rate For Calcs": 0.4,
        "Normalized EBITDA": -8605000.0,
        "Total Unusual Items": NaN,
        "Total Unusual Items Excluding Goodwill": NaN,
        "Net Income From Continuing Operation Net Minority Interest": -10868000.0,
        "Reconciled Depreciation": 1031000.0,
        "Reconciled Cost Of Revenue": 10965000.0,
        "EBITDA": -8605000.0,
        "EBIT": -9636000.0,
        "Net Interest Income": -1170000.0,
        "Interest Expense": 1170000.0,
        "Normalized Income": -10868000.0,
        "Net Income From Continuing And Discontinued Operation": -10868000.0,
        "Total Expenses": 76519000.0,
        "Total Operating Income As Reported": -9636000.0,
        "Diluted Average Shares": 112867912.0,
        "Basic Average Shares": 112867912.0,
        "Diluted EPS": -0.11,
        "Basic EPS": -0.11,
        "Diluted NI Availto Com Stockholders": -12496000.0,
        "Net Income Common Stockholders": -12496000.0,
        "Otherunder Preferred Stock Dividend": 0.0,
        "Preferred Stock Dividends": 1628000.0,
        "Net Income": -10868000.0,
        "Net Income Including Noncontrolling Interests": -10868000.0,
        "Net Income Continuous Operations": -10868000.0,
        "Tax Provision": 62000.0,
        "Pretax Income": -10806000.0,
        "Other Income Expense": NaN,
        "Other Non Operating Income Expenses": NaN,
        "Special Income Charges": NaN,
        "Impairment Of Capital Assets": NaN,
        "Restructuring And Mergern Acquisition": NaN,
        "Net Non Operating Interest Income Expense": -1170000.0,
        "Total Other Finance Cost": NaN,
        "Interest Expense Non Operating": 1170000.0,
        "Operating Income": -9636000.0,
        "Operating Expense": 64696000.0,
        "Other Operating Expenses": 3218000.0,
        "Depreciation Amortization Depletion Income Statement": 173000.0,
        "Depreciation And Amortization In Income Statement": 173000.0,
        "Amortization": 173000.0,
        "Amortization Of Intangibles Income Statement": 173000.0,
        "Research And Development": 5512000.0,
        "Selling General And Administration": 55793000.0,
        "Gross Profit": 55060000.0,
        "Cost Of Revenue": 11823000.0,
        "Total Revenue": 66883000.0,
        "Operating Revenue": 66883000.0
    },
    "2023-06-30": {
        "Tax Effect Of Unusual Items": NaN,
        "Tax Rate For Calcs": NaN,
        "Normalized EBITDA": NaN,
        "Total Unusual Items": NaN,
        "Total Unusual Items Excluding Goodwill": NaN,
        "Net Income From Continuing Operation Net Minority Interest": NaN,
        "Reconciled Depreciation": NaN,
        "Reconciled Cost Of Revenue": NaN,
        "EBITDA": NaN,
        "EBIT": NaN,
        "Net Interest Income": NaN,
        "Interest Expense": 1522000.0,
        "Interest Income": NaN,
        "Normalized Income": NaN,
        "Net Income From Continuing And Discontinued Operation": NaN,
        "Total Expenses": NaN,
        "Total Operating Income As Reported": NaN,
        "Diluted Average Shares": 146862924.0,
        "Basic Average Shares": 115866371.0,
        "Diluted EPS": 0.0,
        "Basic EPS": 0.0,
        "Diluted NI Availto Com Stockholders": NaN,
        "Net Income Common Stockholders": NaN,
        "Preferred Stock Dividends": 1728000.0,
        "Net Income": NaN,
        "Net Income Including Noncontrolling Interests": NaN,
        "Net Income Discontinuous Operations": NaN,
        "Net Income Continuous Operations": NaN,
        "Tax Provision": NaN,
        "Pretax Income": NaN,
        "Other Income Expense": NaN,
        "Other Non Operating Income Expenses": NaN,
        "Special Income Charges": NaN,
        "Impairment Of Capital Assets": NaN,
        "Restructuring And Mergern Acquisition": 3256000.0,
        "Net Non Operating Interest Income Expense": NaN,
        "Total Other Finance Cost": 1630000.0,
        "Interest Expense Non Operating": 1522000.0,
        "Interest Income Non Operating": NaN,
        "Operating Income": NaN,
        "Operating Expense": NaN,
        "Other Operating Expenses": NaN,
        "Depreciation Amortization Depletion Income Statement": NaN,
        "Depreciation And Amortization In Income Statement": NaN,
        "Amortization": NaN,
        "Amortization Of Intangibles Income Statement": NaN,
        "Research And Development": NaN,
        "Selling General And Administration": NaN,
        "Gross Profit": NaN,
        "Cost Of Revenue": NaN,
        "Total Revenue": NaN,
        "Operating Revenue": NaN
    },
    "2022-03-31": {
        "Diluted EPS": -0.11,
        "Total Revenue": 59,
        "Gross Profit": 49,
        "Operating Income": -9,
        "EBIT": -8,
        "Net Income": -12
    },
    "2021-12-31": {
        "Diluted EPS": 0.01,
        "Total Revenue": 67,
        "Gross Profit": 57,
        "Operating Income": 3,
        "EBIT": 5,
        "Net Income": 1
    },
    "2021-09-30": {
        "Diluted EPS": -0.04,
        "Total Revenue": 63,
        "Gross Profit": 53,
        "Operating Income": -1,
        "EBIT": 0,
        "Net Income": -4
    },
    "2021-06-30": {
        "Diluted EPS": -0.03,
        "Total Revenue": 68,
        "Gross Profit": 55,
        "Operating Income": 0,
        "EBIT": 2,
        "Net Income": -3
    },
    "2021-03-31": {
        "Diluted EPS": -0.09,
        "Total Revenue": 60,
        "Gross Profit": 50,
        "Operating Income": -7,
        "EBIT": -5,
        "Net Income": -10
    },
    "2020-12-31": {
        "Diluted EPS": -0.17,
        "Total Revenue": 69,
        "Gross Profit": 58,
        "Operating Income": -16,
        "EBIT": -14,
        "Net Income": -18
    },
    "2020-09-30": {
        "Diluted EPS": -0.48,
        "Total Revenue": 64,
        "Gross Profit": 54,
        "Operating Income": -10,
        "EBIT": -7,
        "Net Income": -52
    },
    "2020-06-30": {
        "Diluted EPS": -0.08,
        "Total Revenue": 54,
        "Gross Profit": 45,
        "Operating Income": -6,
        "EBIT": -3,
        "Net Income": -8
    },
    "2020-03-31": {
        "Diluted EPS": -0.04,
        "Total Revenue": 62,
        "Gross Profit": 52,
        "Operating Income": -14,
        "EBIT": -11,
        "Net Income": -5
    },
    "2019-12-31": {
        "Diluted EPS": -0.07,
        "Total Revenue": 76,
        "Gross Profit": 64,
        "Operating Income": -5,
        "EBIT": -2,
        "Net Income": -7
    },
    "2019-09-30": {
        "Diluted EPS": 0.11,
        "Total Revenue": 89,
        "Gross Profit": 76,
        "Operating Income": 14,
        "EBIT": 17,
        "Net Income": 12
    },
    "2019-06-30": {
        "Diluted EPS": -0.16,
        "Total Revenue": 67,
        "Gross Profit": 58,
        "Operating Income": -17,
        "EBIT": -15,
        "Net Income": -17
    },
    "2019-03-31": {
        "Diluted EPS": -0.12,
        "Total Revenue": 67,
        "Gross Profit": 59,
        "Operating Income": -13,
        "EBIT": -11,
        "Net Income": -13
    },
    "2018-12-31": {
        "Diluted EPS": -0.34,
        "Total Revenue": 93,
        "Gross Profit": 82,
        "Operating Income": -9,
        "EBIT": -7,
        "Net Income": -36
    },
    "2018-09-30": {
        "Diluted EPS": 0.0,
        "Total Revenue": 87,
        "Gross Profit": 80,
        "Operating Income": 0,
        "EBIT": 2,
        "Net Income": 0
    },
    "2018-06-30": {
        "Diluted EPS": 0.02,
        "Total Revenue": 95,
        "Gross Profit": 86,
        "Operating Income": 2,
        "EBIT": 3,
        "Net Income": 2
    },
    "2018-03-31": {
        "Diluted EPS": 0.04,
        "Total Revenue": 84,
        "Gross Profit": 75,
        "Operating Income": 3,
        "EBIT": 4,
        "Net Income": 5
    },
    "2017-12-31": {
        "Diluted EPS": 0.3,
        "Total Revenue": 88,
        "Gross Profit": 79,
        "Operating Income": 24,
        "EBIT": 25,
        "Net Income": 35
    },
    "2017-09-30": {
        "Diluted EPS": 0.15,
        "Total Revenue": 85,
        "Gross Profit": 75,
        "Operating Income": 9,
        "EBIT": 10,
        "Net Income": 17
    },
    "2017-06-30": {
        "Diluted EPS": 0.07,
        "Total Revenue": 76,
        "Gross Profit": 68,
        "Operating Income": 7,
        "EBIT": 9,
        "Net Income": 8
    },
    "2017-03-31": {
        "Diluted EPS": 0.04,
        "Total Revenue": 73,
        "Gross Profit": 64,
        "Operating Income": 6,
        "EBIT": 8,
        "Net Income": 4
    },
    "2016-12-31": {
        "Diluted EPS": -0.06,
        "Total Revenue": 47,
        "Gross Profit": 39,
        "Operating Income": -9,
        "EBIT": -8,
        "Net Income": -6
    },
    "2016-09-30": {
        "Diluted EPS": 0.03,
        "Total Revenue": 64,
        "Gross Profit": 56,
        "Operating Income": 5,
        "EBIT": 6,
        "Net Income": 3
    },
    "2016-06-30": {
        "Diluted EPS": 0.02,
        "Total Revenue": 57,
        "Gross Profit": 50,
        "Operating Income": 4,
        "EBIT": 5,
        "Net Income": 2
    },
    "2016-03-31": {
        "Diluted EPS": 0.01,
        "Total Revenue": 53,
        "Gross Profit": 45,
        "Operating Income": 1,
        "EBIT": 4,
        "Net Income": 1
    },
    "2015-12-31": {
        "Diluted EPS": 0.11,
        "Total Revenue": 52,
        "Gross Profit": 47,
        "Operating Income": 8,
        "EBIT": 9,
        "Net Income": 13
    },
    "2015-09-30": {
        "Diluted EPS": 0.06,
        "Total Revenue": 49,
        "Gross Profit": 44,
        "Operating Income": 7,
        "EBIT": 7,
        "Net Income": 7
    },
    "2015-06-30": {
        "Diluted EPS": 0.05,
        "Total Revenue": 46,
        "Gross Profit": 41,
        "Operating Income": 6,
        "EBIT": 6,
        "Net Income": 5
    },
    "2015-03-31": {
        "Diluted EPS": 0.04,
        "Total Revenue": 41,
        "Gross Profit": 36,
        "Operating Income": 4,
        "EBIT": 5,
        "Net Income": 4
    },
    "2014-12-31": {
        "Diluted EPS": 0.03,
        "Total Revenue": 40,
        "Gross Profit": 36,
        "Operating Income": 5,
        "EBIT": 5,
        "Net Income": 4
    },
    "2014-09-30": {
        "Diluted EPS": 0.03,
        "Total Revenue": 34,
        "Gross Profit": 30,
        "Operating Income": 4,
        "EBIT": 4,
        "Net Income": 4
    },
    "2014-06-30": {
        "Diluted EPS": 0.0,
        "Total Revenue": 26,
        "Gross Profit": 23,
        "Operating Income": 0,
        "EBIT": 0,
        "Net Income": 0
    },
    "2014-03-31": {
        "Diluted EPS": -0.01,
        "Total Revenue": 20,
        "Gross Profit": 17,
        "Operating Income": -1,
        "EBIT": 0,
        "Net Income": -1
    },
    "2013-12-31": {
        "Diluted EPS": -0.01,
        "Total Revenue": 18,
        "Gross Profit": 15,
        "Operating Income": -1,
        "EBIT": -1,
        "Net Income": -1
    },
    "2013-09-30": {
        "Diluted EPS": -0.0,
        "Total Revenue": 16,
        "Gross Profit": 14,
        "Operating Income": 0,
        "EBIT": 0,
        "Net Income": 0
    },
    "2013-06-30": {
        "Diluted EPS": -0.01,
        "Total Revenue": 14,
        "Gross Profit": 11,
        "Operating Income": -1,
        "EBIT": 0,
        "Net Income": -1
    },
    "2013-03-31": {
        "Diluted EPS": -0.02,
        "Total Revenue": 12,
        "Gross Profit": 10,
        "Operating Income": 0,
        "EBIT": 1,
        "Net Income": -2
    },
    "2012-12-31": {
        "Diluted EPS": -0.02,
        "Total Revenue": 11,
        "Gross Profit": 9,
        "Operating Income": -1,
        "EBIT": 0,
        "Net Income": -2
    },
    "2012-09-30": {
        "Diluted EPS": -0.05,
        "Total Revenue": 8,
        "Gross Profit": 7,
        "Operating Income": -4,
        "EBIT": -3,
        "Net Income": -4
    },
    "2012-06-30": {
        "Diluted EPS": -0.01,
        "Total Revenue": 5,
        "Gross Profit": 4,
        "Operating Income": 0,
        "EBIT": 1,
        "Net Income": -1
    },
    "2012-03-31": {
        "Diluted EPS": -0.01,
        "Total Revenue": 4,
        "Gross Profit": 3,
        "Operating Income": -1,
        "EBIT": 0,
        "Net Income": -1
    },
    "2011-12-31": {
        "Diluted EPS": -0.04,
        "Total Revenue": 3,
        "Gross Profit": 2,
        "Operating Income": -2,
        "EBIT": -2,
        "Net Income": -3
    },
    "2011-09-30": {
        "Diluted EPS": -0.02,
        "Total Revenue": 2,
        "Gross Profit": 1,
        "Operating Income": -2,
        "EBIT": -1,
        "Net Income": -2
    },
    "2011-06-30": {
        "Diluted EPS": -0.03,
        "Total Revenue": 2,
        "Gross Profit": 1,
        "Operating Income": -2,
        "EBIT": -2,
        "Net Income": -3
    },
    "2011-03-31": {
        "Diluted EPS": -0.05,
        "Total Revenue": 1,
        "Gross Profit": 0,
        "Operating Income": -3,
        "EBIT": -3,
        "Net Income": -3
    },
    "2010-12-31": {
        "Diluted EPS": -0.04,
        "Total Revenue": 0,
        "Gross Profit": 0,
        "Operating Income": -2,
        "EBIT": -2,
        "Net Income": -3
    },
    "2010-09-30": {
        "Diluted EPS": -0.05,
        "Total Revenue": 0,
        "Gross Profit": 0,
        "Operating Income": -3,
        "EBIT": -3,
        "Net Income": -3
    },
    "2010-06-30": {
        "Diluted EPS": -0.04,
        "Total Revenue": 0,
        "Gross Profit": 0,
        "Operating Income": -3,
        "EBIT": -2,
        "Net Income": -3
    },
    "2010-03-31": {
        "Diluted EPS": -0.06,
        "Total Revenue": 0,
        "Gross Profit": 0,
        "Operating Income": -3,
        "EBIT": -2,
        "Net Income": -3
    },
    "2009-12-31": {
        "Diluted EPS": 0.02,
        "Total Revenue": NaN,
        "Gross Profit": NaN,
        "Operating Income": 1,
        "EBIT": 1,
        "Net Income": 1
    },
    "2009-09-30": {
        "Diluted EPS": -0.11,
        "Total Revenue": NaN,
        "Gross Profit": NaN,
        "Operating Income": -2,
        "EBIT": -2,
        "Net Income": -4
    },
    "2009-06-30": {
        "Diluted EPS": -0.04,
        "Total Revenue": NaN,
        "Gross Profit": NaN,
        "Operating Income": -2,
        "EBIT": -1,
        "Net Income": -2
    },
    "2009-03-31": {
        "Diluted EPS": -0.07,
        "Total Revenue": NaN,
        "Gross Profit": NaN,
        "Operating Income": -3,
        "EBIT": -3,
        "Net Income": -3
    },
    "2023-09-30": {
        "Tax Effect Of Unusual Items": NaN,
        "Tax Rate For Calcs": NaN,
        "Normalized EBITDA": NaN,
        "Total Unusual Items": NaN,
        "Total Unusual Items Excluding Goodwill": NaN,
        "Net Income From Continuing Operation Net Minority Interest": NaN,
        "Reconciled Depreciation": NaN,
        "Reconciled Cost Of Revenue": NaN,
        "EBITDA": NaN,
        "EBIT": NaN,
        "Net Interest Income": NaN,
        "Interest Expense": 1680000.0,
        "Interest Income": NaN,
        "Normalized Income": NaN,
        "Net Income From Continuing And Discontinued Operation": NaN,
        "Total Expenses": NaN,
        "Total Operating Income As Reported": NaN,
        "Diluted Average Shares": NaN,
        "Basic Average Shares": NaN,
        "Diluted EPS": NaN,
        "Basic EPS": NaN,
        "Diluted NI Availto Com Stockholders": NaN,
        "Net Income Common Stockholders": NaN,
        "Preferred Stock Dividends": 1773000.0,
        "Net Income": NaN,
        "Net Income Including Noncontrolling Interests": NaN,
        "Net Income Discontinuous Operations": NaN,
        "Net Income Continuous Operations": NaN,
        "Tax Provision": NaN,
        "Pretax Income": NaN,
        "Other Income Expense": NaN,
        "Other Non Operating Income Expenses": NaN,
        "Special Income Charges": NaN,
        "Impairment Of Capital Assets": NaN,
        "Restructuring And Mergern Acquisition": 208000.0,
        "Net Non Operating Interest Income Expense": NaN,
        "Total Other Finance Cost": NaN,
        "Interest Expense Non Operating": 1680000.0,
        "Interest Income Non Operating": NaN,
        "Operating Income": NaN,
        "Operating Expense": NaN,
        "Other Operating Expenses": NaN,
        "Depreciation Amortization Depletion Income Statement": NaN,
        "Depreciation And Amortization In Income Statement": NaN,
        "Amortization": NaN,
        "Amortization Of Intangibles Income Statement": NaN,
        "Research And Development": NaN,
        "Selling General And Administration": NaN,
        "Selling And Marketing Expense": NaN,
        "General And Administrative Expense": NaN,
        "Other Gand A": NaN,
        "Gross Profit": NaN,
        "Cost Of Revenue": NaN,
        "Total Revenue": NaN,
        "Operating Revenue": NaN
    },
    "2023-12-31": {
        "Tax Effect Of Unusual Items": NaN,
        "Tax Rate For Calcs": NaN,
        "Normalized EBITDA": NaN,
        "Total Unusual Items": NaN,
        "Total Unusual Items Excluding Goodwill": NaN,
        "Net Income From Continuing Operation Net Minority Interest": NaN,
        "Reconciled Depreciation": NaN,
        "Reconciled Cost Of Revenue": NaN,
        "EBITDA": NaN,
        "EBIT": NaN,
        "Net Interest Income": NaN,
        "Interest Expense": 1593000.0,
        "Interest Income": NaN,
        "Normalized Income": NaN,
        "Net Income From Continuing And Discontinued Operation": NaN,
        "Total Expenses": NaN,
        "Total Operating Income As Reported": NaN,
        "Diluted Average Shares": NaN,
        "Basic Average Shares": NaN,
        "Diluted EPS": NaN,
        "Basic EPS": NaN,
        "Diluted NI Availto Com Stockholders": NaN,
        "Net Income Common Stockholders": NaN,
        "Preferred Stock Dividends": 1569000.0,
        "Net Income": NaN,
        "Net Income Including Noncontrolling Interests": NaN,
        "Net Income Discontinuous Operations": NaN,
        "Net Income Continuous Operations": NaN,
        "Tax Provision": NaN,
        "Pretax Income": NaN,
        "Other Income Expense": NaN,
        "Other Non Operating Income Expenses": NaN,
        "Special Income Charges": NaN,
        "Impairment Of Capital Assets": NaN,
        "Restructuring And Mergern Acquisition": NaN,
        "Net Non Operating Interest Income Expense": NaN,
        "Total Other Finance Cost": NaN,
        "Interest Expense Non Operating": 1593000.0,
        "Interest Income Non Operating": NaN,
        "Operating Income": NaN,
        "Operating Expense": NaN,
        "Other Operating Expenses": 524000.0,
        "Depreciation Amortization Depletion Income Statement": NaN,
        "Depreciation And Amortization In Income Statement": NaN,
        "Amortization": NaN,
        "Amortization Of Intangibles Income Statement": NaN,
        "Research And Development": NaN,
        "Selling General And Administration": NaN,
        "Selling And Marketing Expense": NaN,
        "General And Administrative Expense": NaN,
        "Other Gand A": NaN,
        "Gross Profit": NaN,
        "Cost Of Revenue": NaN,
        "Total Revenue": NaN,
        "Operating Revenue": NaN
    },
    "2024-03-31": {
        "Tax Effect Of Unusual Items": -11124.0,
        "Tax Rate For Calcs": 0.206,
        "Normalized EBITDA": 13900000.0,
        "Total Unusual Items": -54000.0,
        "Total Unusual Items Excluding Goodwill": -54000.0,
        "Net Income From Continuing Operation Net Minority Interest": 9061000.0,
        "Reconciled Depreciation": 747000.0,
        "Reconciled Cost Of Revenue": 12429000.0,
        "EBITDA": 13846000.0,
        "EBIT": 13099000.0,
        "Net Interest Income": -1690000.0,
        "Interest Expense": 1690000.0,
        "Interest Income": NaN,
        "Normalized Income": 9103876.0,
        "Net Income From Continuing And Discontinued Operation": 9261000.0,
        "Total Expenses": 71457000.0,
        "Total Operating Income As Reported": 13198000.0,
        "Diluted Average Shares": 150028107.0,
        "Basic Average Shares": 146404587.0,
        "Diluted EPS": 0.06,
        "Basic EPS": 0.06,
        "Diluted NI Availto Com Stockholders": 9261000.0,
        "Net Income Common Stockholders": 9261000.0,
        "Preferred Stock Dividends": NaN,
        "Net Income": 9261000.0,
        "Net Income Including Noncontrolling Interests": 9261000.0,
        "Net Income Discontinuous Operations": 200000.0,
        "Net Income Continuous Operations": 9061000.0,
        "Tax Provision": 2348000.0,
        "Pretax Income": 11409000.0,
        "Other Income Expense": -153000.0,
        "Other Non Operating Income Expenses": -99000.0,
        "Special Income Charges": -54000.0,
        "Impairment Of Capital Assets": 54000.0,
        "Restructuring And Mergern Acquisition": NaN,
        "Net Non Operating Interest Income Expense": -1690000.0,
        "Total Other Finance Cost": NaN,
        "Interest Expense Non Operating": 1690000.0,
        "Interest Income Non Operating": NaN,
        "Operating Income": 13252000.0,
        "Operating Expense": 58470000.0,
        "Other Operating Expenses": 311000.0,
        "Depreciation Amortization Depletion Income Statement": 189000.0,
        "Depreciation And Amortization In Income Statement": 189000.0,
        "Amortization": 189000.0,
        "Amortization Of Intangibles Income Statement": 189000.0,
        "Research And Development": 2841000.0,
        "Selling General And Administration": 55129000.0,
        "Selling And Marketing Expense": NaN,
        "General And Administrative Expense": NaN,
        "Other Gand A": NaN,
        "Gross Profit": 71722000.0,
        "Cost Of Revenue": 12987000.0,
        "Total Revenue": 84709000.0,
        "Operating Revenue": 74089000.0
    },
    "2024-06-30": {
        "Tax Effect Of Unusual Items": 0.0,
        "Tax Rate For Calcs": 0.241,
        "Normalized EBITDA": 24599000.0,
        "Total Unusual Items": 0.0,
        "Total Unusual Items Excluding Goodwill": 0.0,
        "Net Income From Continuing Operation Net Minority Interest": 17621000.0,
        "Reconciled Depreciation": 1149000.0,
        "Reconciled Cost Of Revenue": 13896000.0,
        "EBITDA": 24599000.0,
        "EBIT": 23450000.0,
        "Net Interest Income": 3000.0,
        "Interest Expense": NaN,
        "Interest Income": NaN,
        "Normalized Income": 17621000.0,
        "Net Income From Continuing And Discontinued Operation": 17625000.0,
        "Total Expenses": 63757000.0,
        "Total Operating Income As Reported": 23450000.0,
        "Diluted Average Shares": 148897920.0,
        "Basic Average Shares": 147326273.0,
        "Diluted EPS": 0.12,
        "Basic EPS": 0.12,
        "Diluted NI Availto Com Stockholders": 17625000.0,
        "Net Income Common Stockholders": 17625000.0,
        "Preferred Stock Dividends": NaN,
        "Net Income": 17625000.0,
        "Net Income Including Noncontrolling Interests": 17625000.0,
        "Net Income Discontinuous Operations": 4000.0,
        "Net Income Continuous Operations": 17621000.0,
        "Tax Provision": 5595000.0,
        "Pretax Income": 23216000.0,
        "Other Income Expense": -237000.0,
        "Other Non Operating Income Expenses": -237000.0,
        "Special Income Charges": 0.0,
        "Impairment Of Capital Assets": 0.0,
        "Restructuring And Mergern Acquisition": NaN,
        "Net Non Operating Interest Income Expense": 3000.0,
        "Total Other Finance Cost": -3000.0,
        "Interest Expense Non Operating": NaN,
        "Interest Income Non Operating": NaN,
        "Operating Income": 23450000.0,
        "Operating Expense": 48902000.0,
        "Other Operating Expenses": -9701000.0,
        "Depreciation Amortization Depletion Income Statement": 190000.0,
        "Depreciation And Amortization In Income Statement": 190000.0,
        "Amortization": 190000.0,
        "Amortization Of Intangibles Income Statement": 190000.0,
        "Research And Development": 3012000.0,
        "Selling General And Administration": 55401000.0,
        "Selling And Marketing Expense": NaN,
        "General And Administrative Expense": NaN,
        "Other Gand A": NaN,
        "Gross Profit": 72352000.0,
        "Cost Of Revenue": 14855000.0,
        "Total Revenue": 87207000.0,
        "Operating Revenue": 74338000.0
    },
    "2024-09-30": {
        "Tax Effect Of Unusual Items": -92380.0,
        "Tax Rate For Calcs": 0.31,
        "Normalized EBITDA": 12913000.0,
        "Total Unusual Items": -298000.0,
        "Total Unusual Items Excluding Goodwill": -298000.0,
        "Net Income From Continuing Operation Net Minority Interest": 7878000.0,
        "Reconciled Depreciation": 1155000.0,
        "Reconciled Cost Of Revenue": 14359000.0,
        "EBITDA": 12615000.0,
        "EBIT": 11460000.0,
        "Net Interest Income": 278000.0,
        "Interest Expense": NaN,
        "Interest Income": 278000.0,
        "Normalized Income": 8083620.0,
        "Net Income From Continuing And Discontinued Operation": 8095000.0,
        "Total Expenses": 72597000.0,
        "Total Operating Income As Reported": 11162000.0,
        "Diluted Average Shares": 148373631.0,
        "Basic Average Shares": 146958986.0,
        "Diluted EPS": 0.05,
        "Basic EPS": 0.05,
        "Diluted NI Availto Com Stockholders": 8095000.0,
        "Net Income Common Stockholders": 8095000.0,
        "Preferred Stock Dividends": NaN,
        "Net Income": 8095000.0,
        "Net Income Including Noncontrolling Interests": 8095000.0,
        "Net Income Discontinuous Operations": 217000.0,
        "Net Income Continuous Operations": 7878000.0,
        "Tax Provision": 3541000.0,
        "Pretax Income": 11419000.0,
        "Other Income Expense": -319000.0,
        "Other Non Operating Income Expenses": -21000.0,
        "Special Income Charges": -298000.0,
        "Impairment Of Capital Assets": 298000.0,
        "Restructuring And Mergern Acquisition": NaN,
        "Net Non Operating Interest Income Expense": 278000.0,
        "Total Other Finance Cost": NaN,
        "Interest Expense Non Operating": NaN,
        "Interest Income Non Operating": 278000.0,
        "Operating Income": 11460000.0,
        "Operating Expense": 57275000.0,
        "Other Operating Expenses": 649000.0,
        "Depreciation Amortization Depletion Income Statement": 192000.0,
        "Depreciation And Amortization In Income Statement": 192000.0,
        "Amortization": 192000.0,
        "Amortization Of Intangibles Income Statement": 192000.0,
        "Research And Development": 2918000.0,
        "Selling General And Administration": 53516000.0,
        "Selling And Marketing Expense": NaN,
        "General And Administrative Expense": NaN,
        "Other Gand A": NaN,
        "Gross Profit": 68735000.0,
        "Cost Of Revenue": 15322000.0,
        "Total Revenue": 84057000.0,
        "Operating Revenue": 71619000.0
    },
    "2024-12-31": {
        "Tax Effect Of Unusual Items": -31845.852965,
        "Tax Rate For Calcs": 0.338786,
        "Normalized EBITDA": 13930000.0,
        "Total Unusual Items": -94000.0,
        "Total Unusual Items Excluding Goodwill": -94000.0,
        "Net Income From Continuing Operation Net Minority Interest": 7438000.0,
        "Reconciled Depreciation": 2990000.0,
        "Reconciled Cost Of Revenue": 14112000.0,
        "EBITDA": 13836000.0,
        "EBIT": 10846000.0,
        "Net Interest Income": 403000.0,
        "Interest Expense": -403000.0,
        "Interest Income": NaN,
        "Normalized Income": 7500154.147035,
        "Net Income From Continuing And Discontinued Operation": 7438000.0,
        "Total Expenses": 81759000.0,
        "Total Operating Income As Reported": 11054000.0,
        "Diluted Average Shares": 149242415.0,
        "Basic Average Shares": 147008235.0,
        "Diluted EPS": 0.05,
        "Basic EPS": 0.05,
        "Diluted NI Availto Com Stockholders": 7438000.0,
        "Net Income Common Stockholders": 7438000.0,
        "Preferred Stock Dividends": NaN,
        "Net Income": 7438000.0,
        "Net Income Including Noncontrolling Interests": 7438000.0,
        "Net Income Discontinuous Operations": 0.0,
        "Net Income Continuous Operations": 7438000.0,
        "Tax Provision": 3811000.0,
        "Pretax Income": 11249000.0,
        "Other Income Expense": -302000.0,
        "Other Non Operating Income Expenses": -208000.0,
        "Special Income Charges": -94000.0,
        "Impairment Of Capital Assets": 94000.0,
        "Restructuring And Mergern Acquisition": NaN,
        "Net Non Operating Interest Income Expense": 403000.0,
        "Total Other Finance Cost": NaN,
        "Interest Expense Non Operating": -403000.0,
        "Interest Income Non Operating": NaN,
        "Operating Income": 11148000.0,
        "Operating Expense": 64850000.0,
        "Other Operating Expenses": 43000.0,
        "Depreciation Amortization Depletion Income Statement": 193000.0,
        "Depreciation And Amortization In Income Statement": 193000.0,
        "Amortization": 193000.0,
        "Amortization Of Intangibles Income Statement": 193000.0,
        "Research And Development": 3571000.0,
        "Selling General And Administration": 61043000.0,
        "Selling And Marketing Expense": NaN,
        "General And Administrative Expense": NaN,
        "Other Gand A": NaN,
        "Gross Profit": 75998000.0,
        "Cost Of Revenue": 16909000.0,
        "Total Revenue": 92907000.0,
        "Operating Revenue": 128831000.0
    },
    "2025-03-31": {
        "Tax Effect Of Unusual Items": 0.0,
        "Tax Rate For Calcs": 0.18451,
        "Normalized EBITDA": 12293000.0,
        "Total Unusual Items": 0.0,
        "Total Unusual Items Excluding Goodwill": 0.0,
        "Net Income From Continuing Operation Net Minority Interest": 7023000.0,
        "Reconciled Depreciation": 3203000.0,
        "Reconciled Cost Of Revenue": 13454000.0,
        "EBITDA": 12293000.0,
        "EBIT": 9090000.0,
        "Net Interest Income": 506000.0,
        "Interest Expense": 478000.0,
        "Interest Income": 984000.0,
        "Normalized Income": 7023000.0,
        "Net Income From Continuing And Discontinued Operation": 7023000.0,
        "Total Expenses": 79954000.0,
        "Total Operating Income As Reported": 8251000.0,
        "Diluted Average Shares": 149677452.0,
        "Basic Average Shares": 147272324.0,
        "Diluted EPS": 0.05,
        "Basic EPS": 0.05,
        "Diluted NI Availto Com Stockholders": 7023000.0,
        "Net Income Common Stockholders": 7023000.0,
        "Preferred Stock Dividends": NaN,
        "Net Income": 7023000.0,
        "Net Income Including Noncontrolling Interests": 7023000.0,
        "Net Income Discontinuous Operations": 0.0,
        "Net Income Continuous Operations": 7023000.0,
        "Tax Provision": 1589000.0,
        "Pretax Income": 8612000.0,
        "Other Income Expense": -145000.0,
        "Other Non Operating Income Expenses": -145000.0,
        "Special Income Charges": 0.0,
        "Impairment Of Capital Assets": 0.0,
        "Restructuring And Mergern Acquisition": NaN,
        "Net Non Operating Interest Income Expense": 506000.0,
        "Total Other Finance Cost": NaN,
        "Interest Expense Non Operating": 478000.0,
        "Interest Income Non Operating": 984000.0,
        "Operating Income": 8251000.0,
        "Operating Expense": 63396000.0,
        "Other Operating Expenses": NaN,
        "Depreciation Amortization Depletion Income Statement": 99000.0,
        "Depreciation And Amortization In Income Statement": 99000.0,
        "Amortization": 99000.0,
        "Amortization Of Intangibles Income Statement": 99000.0,
        "Research And Development": 3328000.0,
        "Selling General And Administration": 59969000.0,
        "Selling And Marketing Expense": 46861000.0,
        "General And Administrative Expense": 13108000.0,
        "Other Gand A": 13108000.0,
        "Gross Profit": 71647000.0,
        "Cost Of Revenue": 16558000.0,
        "Total Revenue": 88205000.0,
        "Operating Revenue": 88205000.0
    }
}