{
    "2023-03-31": {
        "Tax Effect Of Unusual Items": NaN,
        "Tax Rate For Calcs": NaN,
        "Normalized EBITDA": NaN,
        "Total Unusual Items": NaN,
        "Total Unusual Items Excluding Goodwill": NaN,
        "Net Income From Continuing Operation Net Minority Interest": NaN,
        "Reconciled Depreciation": NaN,
        "Reconciled Cost Of Revenue": NaN,
        "EBITDA": NaN,
        "EBIT": NaN,
        "Net Interest Income": NaN,
        "Interest Expense": NaN,
        "Normalized Income": NaN,
        "Net Income From Continuing And Discontinued Operation": NaN,
        "Total Expenses": NaN,
        "Total Operating Income As Reported": NaN,
        "Diluted Average Shares": NaN,
        "Basic Average Shares": NaN,
        "Diluted EPS": NaN,
        "Basic EPS": NaN,
        "Diluted NI Availto Com Stockholders": NaN,
        "Net Income Common Stockholders": NaN,
        "Net Income": NaN,
        "Net Income Including Noncontrolling Interests": NaN,
        "Net Income Continuous Operations": NaN,
        "Tax Provision": NaN,
        "Pretax Income": NaN,
        "Other Income Expense": NaN,
        "Special Income Charges": NaN,
        "Other Special Charges": NaN,
        "Impairment Of Capital Assets": 0.0,
        "Net Non Operating Interest Income Expense": NaN,
        "Interest Expense Non Operating": NaN,
        "Operating Income": NaN,
        "Operating Expense": NaN,
        "Depreciation Amortization Depletion Income Statement": NaN,
        "Depreciation And Amortization In Income Statement": NaN,
        "Amortization": NaN,
        "Amortization Of Intangibles Income Statement": NaN,
        "Selling General And Administration": NaN,
        "General And Administrative Expense": NaN,
        "Other Gand A": NaN,
        "Salaries And Wages": NaN,
        "Gross Profit": NaN,
        "Cost Of Revenue": NaN,
        "Total Revenue": NaN,
        "Operating Revenue": NaN
    },
    "2022-12-31": {
        "Tax Effect Of Unusual Items": NaN,
        "Tax Rate For Calcs": NaN,
        "Normalized EBITDA": NaN,
        "Total Unusual Items": NaN,
        "Total Unusual Items Excluding Goodwill": NaN,
        "Net Income From Continuing Operation Net Minority Interest": NaN,
        "Reconciled Depreciation": NaN,
        "Reconciled Cost Of Revenue": NaN,
        "EBITDA": NaN,
        "EBIT": NaN,
        "Net Interest Income": NaN,
        "Interest Expense": NaN,
        "Normalized Income": NaN,
        "Net Income From Continuing And Discontinued Operation": NaN,
        "Total Expenses": NaN,
        "Total Operating Income As Reported": NaN,
        "Diluted Average Shares": NaN,
        "Basic Average Shares": NaN,
        "Diluted EPS": NaN,
        "Basic EPS": NaN,
        "Diluted NI Availto Com Stockholders": NaN,
        "Net Income Common Stockholders": NaN,
        "Net Income": NaN,
        "Net Income Including Noncontrolling Interests": NaN,
        "Net Income Continuous Operations": NaN,
        "Tax Provision": NaN,
        "Pretax Income": NaN,
        "Other Income Expense": 0.0,
        "Special Income Charges": NaN,
        "Other Special Charges": NaN,
        "Impairment Of Capital Assets": 0.0,
        "Net Non Operating Interest Income Expense": NaN,
        "Interest Expense Non Operating": NaN,
        "Operating Income": NaN,
        "Operating Expense": NaN,
        "Depreciation Amortization Depletion Income Statement": NaN,
        "Depreciation And Amortization In Income Statement": NaN,
        "Amortization": NaN,
        "Amortization Of Intangibles Income Statement": NaN,
        "Selling General And Administration": NaN,
        "General And Administrative Expense": NaN,
        "Other Gand A": NaN,
        "Salaries And Wages": NaN,
        "Gross Profit": NaN,
        "Cost Of Revenue": NaN,
        "Total Revenue": NaN,
        "Operating Revenue": NaN
    },
    "2022-09-30": {
        "Tax Effect Of Unusual Items": NaN,
        "Tax Rate For Calcs": NaN,
        "Normalized EBITDA": NaN,
        "Total Unusual Items": NaN,
        "Total Unusual Items Excluding Goodwill": NaN,
        "Net Income From Continuing Operation Net Minority Interest": NaN,
        "Reconciled Depreciation": NaN,
        "Reconciled Cost Of Revenue": NaN,
        "EBITDA": NaN,
        "EBIT": NaN,
        "Net Interest Income": NaN,
        "Interest Expense": NaN,
        "Normalized Income": NaN,
        "Net Income From Continuing And Discontinued Operation": NaN,
        "Total Expenses": NaN,
        "Total Operating Income As Reported": NaN,
        "Diluted Average Shares": NaN,
        "Basic Average Shares": NaN,
        "Diluted EPS": NaN,
        "Basic EPS": NaN,
        "Diluted NI Availto Com Stockholders": NaN,
        "Net Income Common Stockholders": NaN,
        "Net Income": NaN,
        "Net Income Including Noncontrolling Interests": NaN,
        "Net Income Continuous Operations": NaN,
        "Tax Provision": NaN,
        "Pretax Income": NaN,
        "Other Income Expense": 1737000.0,
        "Special Income Charges": NaN,
        "Other Special Charges": NaN,
        "Impairment Of Capital Assets": NaN,
        "Net Non Operating Interest Income Expense": NaN,
        "Interest Expense Non Operating": NaN,
        "Operating Income": NaN,
        "Operating Expense": NaN,
        "Depreciation Amortization Depletion Income Statement": NaN,
        "Depreciation And Amortization In Income Statement": NaN,
        "Amortization": NaN,
        "Amortization Of Intangibles Income Statement": NaN,
        "Selling General And Administration": NaN,
        "General And Administrative Expense": NaN,
        "Other Gand A": NaN,
        "Salaries And Wages": NaN,
        "Gross Profit": NaN,
        "Cost Of Revenue": NaN,
        "Total Revenue": NaN,
        "Operating Revenue": NaN
    },
    "2022-06-30": {
        "Tax Effect Of Unusual Items": 210826.2,
        "Tax Rate For Calcs": 0.2327,
        "Normalized EBITDA": 14831000.0,
        "Total Unusual Items": 906000.0,
        "Total Unusual Items Excluding Goodwill": 906000.0,
        "Net Income From Continuing Operation Net Minority Interest": 5929000.0,
        "Reconciled Depreciation": 7245000.0,
        "Reconciled Cost Of Revenue": 114572000.0,
        "EBITDA": 15737000.0,
        "EBIT": 8492000.0,
        "Net Interest Income": -765000.0,
        "Interest Expense": 765000.0,
        "Normalized Income": 5233826.2,
        "Net Income From Continuing And Discontinued Operation": 5929000.0,
        "Total Expenses": 130751000.0,
        "Total Operating Income As Reported": 8492000.0,
        "Diluted Average Shares": 20650551.0,
        "Basic Average Shares": 20581945.0,
        "Diluted EPS": 0.29,
        "Basic EPS": 0.29,
        "Diluted NI Availto Com Stockholders": 5929000.0,
        "Net Income Common Stockholders": 5929000.0,
        "Net Income": 5929000.0,
        "Net Income Including Noncontrolling Interests": 5929000.0,
        "Net Income Continuous Operations": 5929000.0,
        "Tax Provision": 1798000.0,
        "Pretax Income": 7727000.0,
        "Other Income Expense": 906000.0,
        "Special Income Charges": 906000.0,
        "Other Special Charges": NaN,
        "Impairment Of Capital Assets": -906000.0,
        "Net Non Operating Interest Income Expense": -765000.0,
        "Interest Expense Non Operating": 765000.0,
        "Operating Income": 7586000.0,
        "Operating Expense": 10672000.0,
        "Depreciation Amortization Depletion Income Statement": 1738000.0,
        "Depreciation And Amortization In Income Statement": 1738000.0,
        "Amortization": 1738000.0,
        "Amortization Of Intangibles Income Statement": 1738000.0,
        "Selling General And Administration": 8934000.0,
        "General And Administrative Expense": 8934000.0,
        "Other Gand A": 6396000.0,
        "Salaries And Wages": 2538000.0,
        "Gross Profit": 18258000.0,
        "Cost Of Revenue": 120079000.0,
        "Total Revenue": 138337000.0,
        "Operating Revenue": 142160000.0
    },
    "2023-06-30": {
        "Tax Effect Of Unusual Items": NaN,
        "Tax Rate For Calcs": NaN,
        "Normalized EBITDA": NaN,
        "Total Unusual Items": NaN,
        "Total Unusual Items Excluding Goodwill": NaN,
        "Net Income From Continuing Operation Net Minority Interest": NaN,
        "Reconciled Depreciation": NaN,
        "Reconciled Cost Of Revenue": NaN,
        "EBITDA": NaN,
        "EBIT": NaN,
        "Net Interest Income": NaN,
        "Interest Expense": NaN,
        "Normalized Income": NaN,
        "Net Income From Continuing And Discontinued Operation": NaN,
        "Total Expenses": NaN,
        "Total Operating Income As Reported": NaN,
        "Diluted Average Shares": NaN,
        "Basic Average Shares": NaN,
        "Diluted EPS": NaN,
        "Basic EPS": NaN,
        "Diluted NI Availto Com Stockholders": NaN,
        "Net Income Common Stockholders": NaN,
        "Net Income": NaN,
        "Net Income Including Noncontrolling Interests": NaN,
        "Net Income Continuous Operations": NaN,
        "Tax Provision": NaN,
        "Pretax Income": NaN,
        "Other Income Expense": -216000.0,
        "Special Income Charges": NaN,
        "Other Special Charges": 216000.0,
        "Impairment Of Capital Assets": 0.0,
        "Net Non Operating Interest Income Expense": NaN,
        "Interest Expense Non Operating": NaN,
        "Operating Income": NaN,
        "Operating Expense": NaN,
        "Depreciation Amortization Depletion Income Statement": NaN,
        "Depreciation And Amortization In Income Statement": NaN,
        "Amortization": NaN,
        "Amortization Of Intangibles Income Statement": NaN,
        "Selling General And Administration": NaN,
        "General And Administrative Expense": NaN,
        "Other Gand A": NaN,
        "Salaries And Wages": NaN,
        "Gross Profit": NaN,
        "Cost Of Revenue": NaN,
        "Total Revenue": NaN,
        "Operating Revenue": NaN
    },
    "2022-03-31": {
        "Diluted EPS": 0.19,
        "Total Revenue": 136,
        "Gross Profit": 15,
        "Operating Income": 6,
        "EBIT": 13,
        "Net Income": 4
    },
    "2021-12-31": {
        "Diluted EPS": -0.65,
        "Total Revenue": 113,
        "Gross Profit": 9,
        "Operating Income": -17,
        "EBIT": -9,
        "Net Income": -14
    },
    "2021-09-30": {
        "Diluted EPS": 0.01,
        "Total Revenue": 109,
        "Gross Profit": 11,
        "Operating Income": 1,
        "EBIT": 9,
        "Net Income": 0
    },
    "2021-06-30": {
        "Diluted EPS": 0.16,
        "Total Revenue": 120,
        "Gross Profit": 16,
        "Operating Income": 5,
        "EBIT": 13,
        "Net Income": 3
    },
    "2021-03-31": {
        "Diluted EPS": 0.12,
        "Total Revenue": 113,
        "Gross Profit": 15,
        "Operating Income": 4,
        "EBIT": 12,
        "Net Income": 3
    },
    "2020-12-31": {
        "Diluted EPS": 0.04,
        "Total Revenue": 95,
        "Gross Profit": 11,
        "Operating Income": 1,
        "EBIT": 8,
        "Net Income": 1
    },
    "2020-09-30": {
        "Diluted EPS": -0.05,
        "Total Revenue": 91,
        "Gross Profit": 10,
        "Operating Income": 0,
        "EBIT": 8,
        "Net Income": -1
    },
    "2020-06-30": {
        "Diluted EPS": -0.35,
        "Total Revenue": 63,
        "Gross Profit": -1,
        "Operating Income": -9,
        "EBIT": -1,
        "Net Income": -7
    },
    "2020-03-31": {
        "Diluted EPS": 0.0,
        "Total Revenue": 109,
        "Gross Profit": 12,
        "Operating Income": 2,
        "EBIT": 10,
        "Net Income": 0
    },
    "2019-12-31": {
        "Diluted EPS": -0.03,
        "Total Revenue": 102,
        "Gross Profit": 4,
        "Operating Income": -5,
        "EBIT": 4,
        "Net Income": -2
    },
    "2019-09-30": {
        "Diluted EPS": 0.49,
        "Total Revenue": 129,
        "Gross Profit": 15,
        "Operating Income": 13,
        "EBIT": 22,
        "Net Income": 10
    },
    "2019-06-30": {
        "Diluted EPS": -0.91,
        "Total Revenue": 145,
        "Gross Profit": 21,
        "Operating Income": -17,
        "EBIT": -8,
        "Net Income": -15
    },
    "2019-03-31": {
        "Diluted EPS": 0.18,
        "Total Revenue": 144,
        "Gross Profit": 20,
        "Operating Income": 6,
        "EBIT": 14,
        "Net Income": 2
    },
    "2018-12-31": {
        "Diluted EPS": 0.06,
        "Total Revenue": 91,
        "Gross Profit": 10,
        "Operating Income": 2,
        "EBIT": 7,
        "Net Income": 1
    },
    "2018-09-30": {
        "Diluted EPS": 0.36,
        "Total Revenue": 84,
        "Gross Profit": 13,
        "Operating Income": 6,
        "EBIT": 11,
        "Net Income": 5
    },
    "2018-06-30": {
        "Diluted EPS": 0.56,
        "Total Revenue": 92,
        "Gross Profit": 16,
        "Operating Income": 10,
        "EBIT": 14,
        "Net Income": 8
    },
    "2018-03-31": {
        "Diluted EPS": 0.31,
        "Total Revenue": 87,
        "Gross Profit": 12,
        "Operating Income": 5,
        "EBIT": 10,
        "Net Income": 4
    },
    "2017-12-31": {
        "Diluted EPS": 0.0,
        "Total Revenue": NaN,
        "Gross Profit": NaN,
        "Operating Income": NaN,
        "EBIT": NaN,
        "Net Income": NaN
    },
    "2023-09-30": {
        "Tax Effect Of Unusual Items": NaN,
        "Tax Rate For Calcs": NaN,
        "Normalized EBITDA": NaN,
        "Total Unusual Items": 0.0,
        "Total Unusual Items Excluding Goodwill": 0.0,
        "Net Income From Continuing Operation Net Minority Interest": NaN,
        "Reconciled Depreciation": NaN,
        "Reconciled Cost Of Revenue": NaN,
        "EBITDA": NaN,
        "EBIT": NaN,
        "Net Interest Income": NaN,
        "Interest Expense": NaN,
        "Normalized Income": NaN,
        "Net Income From Continuing And Discontinued Operation": NaN,
        "Total Expenses": NaN,
        "Total Operating Income As Reported": NaN,
        "Diluted Average Shares": NaN,
        "Basic Average Shares": NaN,
        "Diluted EPS": NaN,
        "Basic EPS": NaN,
        "Diluted NI Availto Com Stockholders": NaN,
        "Net Income Common Stockholders": NaN,
        "Net Income": NaN,
        "Net Income Including Noncontrolling Interests": NaN,
        "Net Income Continuous Operations": NaN,
        "Tax Provision": NaN,
        "Pretax Income": NaN,
        "Other Income Expense": NaN,
        "Special Income Charges": 0.0,
        "Other Special Charges": NaN,
        "Impairment Of Capital Assets": 0.0,
        "Net Non Operating Interest Income Expense": NaN,
        "Interest Expense Non Operating": NaN,
        "Operating Income": NaN,
        "Operating Expense": NaN,
        "Depreciation Amortization Depletion Income Statement": NaN,
        "Depreciation And Amortization In Income Statement": NaN,
        "Amortization": NaN,
        "Amortization Of Intangibles Income Statement": NaN,
        "Selling General And Administration": NaN,
        "General And Administrative Expense": NaN,
        "Other Gand A": NaN,
        "Salaries And Wages": NaN,
        "Gross Profit": NaN,
        "Cost Of Revenue": NaN,
        "Total Revenue": NaN,
        "Operating Revenue": NaN
    },
    "2023-12-31": {
        "Tax Effect Of Unusual Items": NaN,
        "Tax Rate For Calcs": NaN,
        "Normalized EBITDA": NaN,
        "Total Unusual Items": 0.0,
        "Total Unusual Items Excluding Goodwill": 0.0,
        "Net Income From Continuing Operation Net Minority Interest": NaN,
        "Reconciled Depreciation": NaN,
        "Reconciled Cost Of Revenue": NaN,
        "EBITDA": NaN,
        "EBIT": NaN,
        "Net Interest Income": NaN,
        "Interest Expense": NaN,
        "Normalized Income": NaN,
        "Net Income From Continuing And Discontinued Operation": NaN,
        "Total Expenses": NaN,
        "Total Operating Income As Reported": NaN,
        "Diluted Average Shares": NaN,
        "Basic Average Shares": NaN,
        "Diluted EPS": NaN,
        "Basic EPS": NaN,
        "Diluted NI Availto Com Stockholders": NaN,
        "Net Income Common Stockholders": NaN,
        "Net Income": NaN,
        "Net Income Including Noncontrolling Interests": NaN,
        "Net Income Continuous Operations": NaN,
        "Tax Provision": NaN,
        "Pretax Income": NaN,
        "Other Income Expense": 0.0,
        "Special Income Charges": 0.0,
        "Other Special Charges": 0.0,
        "Impairment Of Capital Assets": 0.0,
        "Net Non Operating Interest Income Expense": NaN,
        "Interest Expense Non Operating": NaN,
        "Operating Income": NaN,
        "Operating Expense": NaN,
        "Depreciation Amortization Depletion Income Statement": NaN,
        "Depreciation And Amortization In Income Statement": NaN,
        "Amortization": NaN,
        "Amortization Of Intangibles Income Statement": NaN,
        "Selling General And Administration": NaN,
        "General And Administrative Expense": NaN,
        "Other Gand A": NaN,
        "Salaries And Wages": NaN,
        "Gross Profit": NaN,
        "Cost Of Revenue": NaN,
        "Total Revenue": NaN,
        "Operating Revenue": NaN
    },
    "2024-03-31": {
        "Tax Effect Of Unusual Items": 0.0,
        "Tax Rate For Calcs": 0.241871,
        "Normalized EBITDA": 16885000.0,
        "Total Unusual Items": NaN,
        "Total Unusual Items Excluding Goodwill": NaN,
        "Net Income From Continuing Operation Net Minority Interest": 3241000.0,
        "Reconciled Depreciation": 9254000.0,
        "Reconciled Cost Of Revenue": 132815000.0,
        "EBITDA": 16885000.0,
        "EBIT": 7631000.0,
        "Net Interest Income": -3356000.0,
        "Interest Expense": 3356000.0,
        "Normalized Income": 3241000.0,
        "Net Income From Continuing And Discontinued Operation": 3241000.0,
        "Total Expenses": 153638000.0,
        "Total Operating Income As Reported": 7631000.0,
        "Diluted Average Shares": 20700046.0,
        "Basic Average Shares": 20485933.0,
        "Diluted EPS": 0.16,
        "Basic EPS": 0.16,
        "Diluted NI Availto Com Stockholders": 3241000.0,
        "Net Income Common Stockholders": 3241000.0,
        "Net Income": 3241000.0,
        "Net Income Including Noncontrolling Interests": 3241000.0,
        "Net Income Continuous Operations": 3241000.0,
        "Tax Provision": 1034000.0,
        "Pretax Income": 4275000.0,
        "Other Income Expense": NaN,
        "Special Income Charges": NaN,
        "Other Special Charges": NaN,
        "Impairment Of Capital Assets": NaN,
        "Net Non Operating Interest Income Expense": -3356000.0,
        "Interest Expense Non Operating": 3356000.0,
        "Operating Income": 7631000.0,
        "Operating Expense": 13302000.0,
        "Depreciation Amortization Depletion Income Statement": 1733000.0,
        "Depreciation And Amortization In Income Statement": 1733000.0,
        "Amortization": 1733000.0,
        "Amortization Of Intangibles Income Statement": 1733000.0,
        "Selling General And Administration": 11569000.0,
        "General And Administrative Expense": 11569000.0,
        "Other Gand A": 7769000.0,
        "Salaries And Wages": 3800000.0,
        "Gross Profit": 20933000.0,
        "Cost Of Revenue": 140336000.0,
        "Total Revenue": 161269000.0,
        "Operating Revenue": 168993000.0
    },
    "2024-06-30": {
        "Tax Effect Of Unusual Items": NaN,
        "Tax Rate For Calcs": NaN,
        "Normalized EBITDA": NaN,
        "Total Unusual Items": 0.0,
        "Total Unusual Items Excluding Goodwill": 0.0,
        "Net Income From Continuing Operation Net Minority Interest": NaN,
        "Reconciled Depreciation": NaN,
        "Reconciled Cost Of Revenue": NaN,
        "EBITDA": NaN,
        "EBIT": NaN,
        "Net Interest Income": NaN,
        "Interest Expense": NaN,
        "Normalized Income": NaN,
        "Net Income From Continuing And Discontinued Operation": NaN,
        "Total Expenses": NaN,
        "Total Operating Income As Reported": NaN,
        "Diluted Average Shares": NaN,
        "Basic Average Shares": NaN,
        "Diluted EPS": NaN,
        "Basic EPS": NaN,
        "Diluted NI Availto Com Stockholders": NaN,
        "Net Income Common Stockholders": NaN,
        "Net Income": NaN,
        "Net Income Including Noncontrolling Interests": NaN,
        "Net Income Continuous Operations": NaN,
        "Tax Provision": NaN,
        "Pretax Income": NaN,
        "Special Income Charges": 0.0,
        "Net Non Operating Interest Income Expense": NaN,
        "Interest Expense Non Operating": NaN,
        "Operating Income": NaN,
        "Operating Expense": NaN,
        "Depreciation Amortization Depletion Income Statement": NaN,
        "Depreciation And Amortization In Income Statement": NaN,
        "Amortization": NaN,
        "Amortization Of Intangibles Income Statement": NaN,
        "Selling General And Administration": NaN,
        "General And Administrative Expense": NaN,
        "Other Gand A": NaN,
        "Salaries And Wages": NaN,
        "Gross Profit": NaN,
        "Cost Of Revenue": NaN,
        "Total Revenue": NaN,
        "Operating Revenue": NaN
    },
    "2024-09-30": {
        "Tax Effect Of Unusual Items": 0.0,
        "Tax Rate For Calcs": 0.0324,
        "Normalized EBITDA": 15209000.0,
        "Total Unusual Items": 0.0,
        "Total Unusual Items Excluding Goodwill": 0.0,
        "Net Income From Continuing Operation Net Minority Interest": 2974000.0,
        "Reconciled Depreciation": 9482000.0,
        "Reconciled Cost Of Revenue": 110548000.0,
        "EBITDA": 15209000.0,
        "EBIT": 5727000.0,
        "Net Interest Income": -2653000.0,
        "Interest Expense": 2653000.0,
        "Normalized Income": 2974000.0,
        "Net Income From Continuing And Discontinued Operation": 2974000.0,
        "Total Expenses": 129665000.0,
        "Total Operating Income As Reported": 5727000.0,
        "Diluted Average Shares": 21123494.0,
        "Basic Average Shares": 20715275.0,
        "Diluted EPS": 0.14,
        "Basic EPS": 0.14,
        "Diluted NI Availto Com Stockholders": 2974000.0,
        "Net Income Common Stockholders": 2974000.0,
        "Net Income": 2974000.0,
        "Net Income Including Noncontrolling Interests": 2974000.0,
        "Net Income Continuous Operations": 2974000.0,
        "Tax Provision": 100000.0,
        "Pretax Income": 3074000.0,
        "Special Income Charges": 0.0,
        "Net Non Operating Interest Income Expense": -2653000.0,
        "Interest Expense Non Operating": 2653000.0,
        "Operating Income": 5727000.0,
        "Operating Expense": 11368000.0,
        "Depreciation Amortization Depletion Income Statement": 1733000.0,
        "Depreciation And Amortization In Income Statement": 1733000.0,
        "Amortization": 1733000.0,
        "Amortization Of Intangibles Income Statement": 1733000.0,
        "Selling General And Administration": 9635000.0,
        "General And Administrative Expense": 9635000.0,
        "Other Gand A": 7559000.0,
        "Salaries And Wages": 2076000.0,
        "Gross Profit": 17095000.0,
        "Cost Of Revenue": 118297000.0,
        "Total Revenue": 135392000.0,
        "Operating Revenue": 138577000.0
    },
    "2024-12-31": {
        "Tax Effect Of Unusual Items": 6138911.338246,
        "Tax Rate For Calcs": 0.240742,
        "Normalized EBITDA": 7008000.0,
        "Total Unusual Items": 25500000.0,
        "Total Unusual Items Excluding Goodwill": 25500000.0,
        "Net Income From Continuing Operation Net Minority Interest": 15971000.0,
        "Reconciled Depreciation": 9461000.0,
        "Reconciled Cost Of Revenue": 102786000.0,
        "EBITDA": 32508000.0,
        "EBIT": 23047000.0,
        "Net Interest Income": -2012000.0,
        "Interest Expense": 2012000.0,
        "Normalized Income": -3390088.661754,
        "Net Income From Continuing And Discontinued Operation": 15971000.0,
        "Total Expenses": 123759000.0,
        "Total Operating Income As Reported": 23047000.0,
        "Diluted Average Shares": 21069686.0,
        "Basic Average Shares": 20639456.0,
        "Diluted EPS": 0.76,
        "Basic EPS": 0.77,
        "Diluted NI Availto Com Stockholders": 15971000.0,
        "Net Income Common Stockholders": 15971000.0,
        "Net Income": 15971000.0,
        "Net Income Including Noncontrolling Interests": 15971000.0,
        "Net Income Continuous Operations": 15971000.0,
        "Tax Provision": 5064000.0,
        "Pretax Income": 21035000.0,
        "Special Income Charges": 25500000.0,
        "Net Non Operating Interest Income Expense": -2012000.0,
        "Interest Expense Non Operating": 2012000.0,
        "Operating Income": -2453000.0,
        "Operating Expense": 13245000.0,
        "Depreciation Amortization Depletion Income Statement": 1733000.0,
        "Depreciation And Amortization In Income Statement": 1733000.0,
        "Amortization": 1733000.0,
        "Amortization Of Intangibles Income Statement": 1733000.0,
        "Selling General And Administration": 11512000.0,
        "General And Administrative Expense": 11512000.0,
        "Other Gand A": 7929000.0,
        "Salaries And Wages": 3583000.0,
        "Gross Profit": 10792000.0,
        "Cost Of Revenue": 110514000.0,
        "Total Revenue": 121306000.0,
        "Operating Revenue": 104361000.0
    },
    "2025-03-31": {
        "Tax Effect Of Unusual Items": 0.0,
        "Tax Rate For Calcs": 0.21,
        "Normalized EBITDA": 11060000.0,
        "Total Unusual Items": NaN,
        "Total Unusual Items Excluding Goodwill": NaN,
        "Net Income From Continuing Operation Net Minority Interest": 20000.0,
        "Reconciled Depreciation": 9483000.0,
        "Reconciled Cost Of Revenue": 112505000.0,
        "EBITDA": 11060000.0,
        "EBIT": 1577000.0,
        "Net Interest Income": -1567000.0,
        "Interest Expense": 1567000.0,
        "Normalized Income": 20000.0,
        "Net Income From Continuing And Discontinued Operation": 20000.0,
        "Total Expenses": 134002000.0,
        "Total Operating Income As Reported": 1577000.0,
        "Diluted Average Shares": 20750938.0,
        "Basic Average Shares": 20520696.0,
        "Diluted EPS": 0.0,
        "Basic EPS": 0.0,
        "Diluted NI Availto Com Stockholders": 20000.0,
        "Net Income Common Stockholders": 20000.0,
        "Net Income": 20000.0,
        "Net Income Including Noncontrolling Interests": 20000.0,
        "Net Income Continuous Operations": 20000.0,
        "Tax Provision": -10000.0,
        "Pretax Income": 10000.0,
        "Special Income Charges": NaN,
        "Net Non Operating Interest Income Expense": -1567000.0,
        "Interest Expense Non Operating": 1567000.0,
        "Operating Income": 1577000.0,
        "Operating Expense": 13747000.0,
        "Depreciation Amortization Depletion Income Statement": 1733000.0,
        "Depreciation And Amortization In Income Statement": 1733000.0,
        "Amortization": 1733000.0,
        "Amortization Of Intangibles Income Statement": 1733000.0,
        "Selling General And Administration": 12014000.0,
        "General And Administrative Expense": 12014000.0,
        "Other Gand A": 8689000.0,
        "Salaries And Wages": 3325000.0,
        "Gross Profit": 15324000.0,
        "Cost Of Revenue": 120255000.0,
        "Total Revenue": 135579000.0,
        "Operating Revenue": 139377000.0
    },
    "2025-06-30": {
        "Tax Effect Of Unusual Items": 0.0,
        "Tax Rate For Calcs": 0.170197,
        "Normalized EBITDA": 9678000.0,
        "Total Unusual Items": NaN,
        "Total Unusual Items Excluding Goodwill": NaN,
        "Net Income From Continuing Operation Net Minority Interest": -1097000.0,
        "Reconciled Depreciation": 9602000.0,
        "Reconciled Cost Of Revenue": 110835000.0,
        "EBITDA": 9678000.0,
        "EBIT": 76000.0,
        "Net Interest Income": -1398000.0,
        "Interest Expense": 1398000.0,
        "Normalized Income": -1097000.0,
        "Net Income From Continuing And Discontinued Operation": -1097000.0,
        "Total Expenses": 132252000.0,
        "Total Operating Income As Reported": 76000.0,
        "Diluted Average Shares": 20699151.0,
        "Basic Average Shares": 20514496.0,
        "Diluted EPS": -0.05,
        "Basic EPS": -0.05,
        "Diluted NI Availto Com Stockholders": -1097000.0,
        "Net Income Common Stockholders": -1097000.0,
        "Net Income": -1097000.0,
        "Net Income Including Noncontrolling Interests": -1097000.0,
        "Net Income Continuous Operations": -1097000.0,
        "Tax Provision": -225000.0,
        "Pretax Income": -1322000.0,
        "Special Income Charges": NaN,
        "Net Non Operating Interest Income Expense": -1398000.0,
        "Interest Expense Non Operating": 1398000.0,
        "Operating Income": 76000.0,
        "Operating Expense": 13548000.0,
        "Depreciation Amortization Depletion Income Statement": 1733000.0,
        "Depreciation And Amortization In Income Statement": 1733000.0,
        "Amortization": 1733000.0,
        "Amortization Of Intangibles Income Statement": 1733000.0,
        "Selling General And Administration": 11815000.0,
        "General And Administrative Expense": 11815000.0,
        "Other Gand A": 10290000.0,
        "Salaries And Wages": 1525000.0,
        "Gross Profit": 13624000.0,
        "Cost Of Revenue": 118704000.0,
        "Total Revenue": 132328000.0,
        "Operating Revenue": 135779000.0
    },
    "2025-09-30": {
        "Tax Effect Of Unusual Items": 0.0,
        "Tax Rate For Calcs": 0.209,
        "Normalized EBITDA": 11184000.0,
        "Total Unusual Items": NaN,
        "Total Unusual Items Excluding Goodwill": NaN,
        "Net Income From Continuing Operation Net Minority Interest": -2675000.0,
        "Reconciled Depreciation": 11136000.0,
        "Reconciled Cost Of Revenue": 120360000.0,
        "EBITDA": 11184000.0,
        "EBIT": 48000.0,
        "Net Interest Income": -3430000.0,
        "Interest Expense": 3430000.0,
        "Normalized Income": -2675000.0,
        "Net Income From Continuing And Discontinued Operation": -2675000.0,
        "Total Expenses": 144262000.0,
        "Total Operating Income As Reported": 48000.0,
        "Diluted Average Shares": 20683060.0,
        "Basic Average Shares": 20423858.0,
        "Diluted EPS": -0.13,
        "Basic EPS": -0.13,
        "Diluted NI Availto Com Stockholders": -2675000.0,
        "Net Income Common Stockholders": -2675000.0,
        "Net Income": -2675000.0,
        "Net Income Including Noncontrolling Interests": -2675000.0,
        "Net Income Continuous Operations": -2675000.0,
        "Tax Provision": -707000.0,
        "Pretax Income": -3382000.0,
        "Special Income Charges": NaN,
        "Net Non Operating Interest Income Expense": -3430000.0,
        "Interest Expense Non Operating": 3430000.0,
        "Operating Income": 48000.0,
        "Operating Expense": 15891000.0,
        "Depreciation Amortization Depletion Income Statement": 3125000.0,
        "Depreciation And Amortization In Income Statement": 3125000.0,
        "Amortization": 3125000.0,
        "Amortization Of Intangibles Income Statement": 3125000.0,
        "Selling General And Administration": 12766000.0,
        "General And Administrative Expense": 12766000.0,
        "Other Gand A": 10545000.0,
        "Salaries And Wages": 2221000.0,
        "Gross Profit": 15939000.0,
        "Cost Of Revenue": 128371000.0,
        "Total Revenue": 144310000.0,
        "Operating Revenue": 148643000.0
    }
}