{
    "2023-03-31": {
        "Tax Effect Of Unusual Items": NaN,
        "Tax Rate For Calcs": NaN,
        "Normalized EBITDA": NaN,
        "Net Income From Continuing Operation Net Minority Interest": NaN,
        "Reconciled Depreciation": NaN,
        "Reconciled Cost Of Revenue": NaN,
        "EBITDA": NaN,
        "EBIT": NaN,
        "Net Interest Income": NaN,
        "Interest Expense": 181000.0,
        "Interest Income": NaN,
        "Normalized Income": NaN,
        "Net Income From Continuing And Discontinued Operation": NaN,
        "Total Expenses": NaN,
        "Total Operating Income As Reported": NaN,
        "Diluted Average Shares": NaN,
        "Basic Average Shares": NaN,
        "Diluted EPS": NaN,
        "Basic EPS": NaN,
        "Diluted NI Availto Com Stockholders": NaN,
        "Net Income Common Stockholders": NaN,
        "Net Income": NaN,
        "Net Income Including Noncontrolling Interests": NaN,
        "Net Income Continuous Operations": NaN,
        "Tax Provision": NaN,
        "Pretax Income": NaN,
        "Other Income Expense": NaN,
        "Other Non Operating Income Expenses": NaN,
        "Net Non Operating Interest Income Expense": NaN,
        "Total Other Finance Cost": 181000.0,
        "Interest Expense Non Operating": 181000.0,
        "Interest Income Non Operating": NaN,
        "Operating Income": NaN,
        "Operating Expense": NaN,
        "Selling General And Administration": NaN,
        "Gross Profit": NaN,
        "Cost Of Revenue": NaN,
        "Total Revenue": NaN,
        "Operating Revenue": NaN
    },
    "2022-12-31": {
        "Tax Effect Of Unusual Items": 0.0,
        "Tax Rate For Calcs": 0.181745,
        "Normalized EBITDA": 35590000.0,
        "Net Income From Continuing Operation Net Minority Interest": 26518000.0,
        "Reconciled Depreciation": 2954000.0,
        "Reconciled Cost Of Revenue": 103648000.0,
        "EBITDA": 35590000.0,
        "EBIT": 32636000.0,
        "Net Interest Income": -182000.0,
        "Interest Expense": NaN,
        "Normalized Income": 26518000.0,
        "Net Income From Continuing And Discontinued Operation": 26518000.0,
        "Total Expenses": 304646000.0,
        "Total Operating Income As Reported": 32599000.0,
        "Diluted Average Shares": NaN,
        "Basic Average Shares": NaN,
        "Diluted EPS": NaN,
        "Basic EPS": NaN,
        "Diluted NI Availto Com Stockholders": 26518000.0,
        "Net Income Common Stockholders": 26518000.0,
        "Net Income": 26518000.0,
        "Net Income Including Noncontrolling Interests": 26518000.0,
        "Net Income Continuous Operations": 26518000.0,
        "Tax Provision": 5890000.0,
        "Pretax Income": 32408000.0,
        "Other Income Expense": -9000.0,
        "Other Non Operating Income Expenses": -9000.0,
        "Net Non Operating Interest Income Expense": -182000.0,
        "Total Other Finance Cost": NaN,
        "Interest Expense Non Operating": NaN,
        "Operating Income": 32599000.0,
        "Operating Expense": 200998000.0,
        "Selling General And Administration": 200998000.0,
        "Gross Profit": 233597000.0,
        "Cost Of Revenue": 103648000.0,
        "Total Revenue": 337245000.0,
        "Operating Revenue": 337245000.0
    },
    "2022-09-30": {
        "Tax Effect Of Unusual Items": NaN,
        "Tax Rate For Calcs": NaN,
        "Normalized EBITDA": NaN,
        "Net Income From Continuing Operation Net Minority Interest": NaN,
        "Reconciled Depreciation": NaN,
        "Reconciled Cost Of Revenue": NaN,
        "EBITDA": NaN,
        "EBIT": NaN,
        "Net Interest Income": NaN,
        "Interest Expense": 261000.0,
        "Normalized Income": NaN,
        "Net Income From Continuing And Discontinued Operation": NaN,
        "Total Expenses": NaN,
        "Total Operating Income As Reported": NaN,
        "Diluted Average Shares": NaN,
        "Basic Average Shares": NaN,
        "Diluted EPS": NaN,
        "Basic EPS": NaN,
        "Diluted NI Availto Com Stockholders": NaN,
        "Net Income Common Stockholders": NaN,
        "Net Income": NaN,
        "Net Income Including Noncontrolling Interests": NaN,
        "Net Income Continuous Operations": NaN,
        "Tax Provision": NaN,
        "Pretax Income": NaN,
        "Other Income Expense": NaN,
        "Other Non Operating Income Expenses": NaN,
        "Net Non Operating Interest Income Expense": NaN,
        "Total Other Finance Cost": 261000.0,
        "Interest Expense Non Operating": 261000.0,
        "Operating Income": NaN,
        "Operating Expense": NaN,
        "Selling General And Administration": NaN,
        "Gross Profit": NaN,
        "Cost Of Revenue": NaN,
        "Total Revenue": NaN,
        "Operating Revenue": NaN
    },
    "2022-06-30": {
        "Tax Effect Of Unusual Items": 0.0,
        "Tax Rate For Calcs": 0.198,
        "Normalized EBITDA": 51692000.0,
        "Net Income From Continuing Operation Net Minority Interest": 39113000.0,
        "Reconciled Depreciation": 2732000.0,
        "Reconciled Cost Of Revenue": 131651000.0,
        "EBITDA": 51692000.0,
        "EBIT": 48960000.0,
        "Net Interest Income": -164000.0,
        "Interest Expense": 164000.0,
        "Normalized Income": 39113000.0,
        "Net Income From Continuing And Discontinued Operation": 39113000.0,
        "Total Expenses": 404369000.0,
        "Total Operating Income As Reported": 48964000.0,
        "Diluted Average Shares": 11435000.0,
        "Basic Average Shares": 11354000.0,
        "Diluted EPS": 3.42,
        "Basic EPS": 3.44,
        "Diluted NI Availto Com Stockholders": 39113000.0,
        "Net Income Common Stockholders": 39113000.0,
        "Net Income": 39113000.0,
        "Net Income Including Noncontrolling Interests": 39113000.0,
        "Net Income Continuous Operations": 39113000.0,
        "Tax Provision": 9683000.0,
        "Pretax Income": 48796000.0,
        "Other Income Expense": -4000.0,
        "Other Non Operating Income Expenses": -4000.0,
        "Net Non Operating Interest Income Expense": -164000.0,
        "Total Other Finance Cost": NaN,
        "Interest Expense Non Operating": 164000.0,
        "Operating Income": 48964000.0,
        "Operating Expense": 272718000.0,
        "Selling General And Administration": 272718000.0,
        "Gross Profit": 321682000.0,
        "Cost Of Revenue": 131651000.0,
        "Total Revenue": 453333000.0,
        "Operating Revenue": 453333000.0
    },
    "2022-03-31": {
        "Diluted EPS": 3.59,
        "Total Revenue": 418,
        "Gross Profit": 302,
        "Operating Income": 55,
        "EBIT": 58,
        "Net Income": 42
    },
    "2021-12-31": {
        "Diluted EPS": 2.91,
        "Total Revenue": 378,
        "Gross Profit": 278,
        "Operating Income": 47,
        "EBIT": 50,
        "Net Income": 34
    },
    "2021-09-30": {
        "Diluted EPS": 3.56,
        "Total Revenue": 413,
        "Gross Profit": 307,
        "Operating Income": 55,
        "EBIT": 57,
        "Net Income": 42
    },
    "2021-06-30": {
        "Diluted EPS": 3.96,
        "Total Revenue": 394,
        "Gross Profit": 294,
        "Operating Income": 61,
        "EBIT": 63,
        "Net Income": 47
    },
    "2021-03-31": {
        "Diluted EPS": 3.46,
        "Total Revenue": 341,
        "Gross Profit": 249,
        "Operating Income": 53,
        "EBIT": 54,
        "Net Income": 41
    },
    "2020-12-31": {
        "Diluted EPS": 2.35,
        "Total Revenue": 265,
        "Gross Profit": 199,
        "Operating Income": 38,
        "EBIT": 37,
        "Net Income": 28
    },
    "2020-09-30": {
        "Diluted EPS": 2.91,
        "Total Revenue": 271,
        "Gross Profit": 204,
        "Operating Income": 45,
        "EBIT": 46,
        "Net Income": 34
    },
    "2020-06-30": {
        "Diluted EPS": 1.86,
        "Total Revenue": 220,
        "Gross Profit": 159,
        "Operating Income": 28,
        "EBIT": 30,
        "Net Income": 22
    },
    "2020-03-31": {
        "Diluted EPS": 1.56,
        "Total Revenue": 178,
        "Gross Profit": 135,
        "Operating Income": 24,
        "EBIT": 25,
        "Net Income": 18
    },
    "2019-12-31": {
        "Diluted EPS": 1.66,
        "Total Revenue": 171,
        "Gross Profit": 128,
        "Operating Income": 19,
        "EBIT": 18,
        "Net Income": 20
    },
    "2019-09-30": {
        "Diluted EPS": 1.32,
        "Total Revenue": 190,
        "Gross Profit": 143,
        "Operating Income": 20,
        "EBIT": 22,
        "Net Income": 16
    },
    "2019-06-30": {
        "Diluted EPS": 1.75,
        "Total Revenue": 187,
        "Gross Profit": 141,
        "Operating Income": 27,
        "EBIT": 29,
        "Net Income": 21
    },
    "2019-03-31": {
        "Diluted EPS": 1.7,
        "Total Revenue": 166,
        "Gross Profit": 125,
        "Operating Income": 25,
        "EBIT": 26,
        "Net Income": 21
    },
    "2018-12-31": {
        "Diluted EPS": 1.31,
        "Total Revenue": 146,
        "Gross Profit": 109,
        "Operating Income": 20,
        "EBIT": 21,
        "Net Income": 16
    },
    "2018-09-30": {
        "Diluted EPS": 1.14,
        "Total Revenue": 139,
        "Gross Profit": 107,
        "Operating Income": 17,
        "EBIT": 18,
        "Net Income": 14
    },
    "2018-06-30": {
        "Diluted EPS": 1.16,
        "Total Revenue": 117,
        "Gross Profit": 89,
        "Operating Income": 17,
        "EBIT": 18,
        "Net Income": 14
    },
    "2018-03-31": {
        "Diluted EPS": 1.01,
        "Total Revenue": 99,
        "Gross Profit": 75,
        "Operating Income": 15,
        "EBIT": 16,
        "Net Income": 12
    },
    "2017-12-31": {
        "Diluted EPS": 0.6,
        "Total Revenue": 78,
        "Gross Profit": 59,
        "Operating Income": 9,
        "EBIT": 11,
        "Net Income": 7
    },
    "2017-09-30": {
        "Diluted EPS": 0.55,
        "Total Revenue": 77,
        "Gross Profit": 58,
        "Operating Income": 10,
        "EBIT": 11,
        "Net Income": 7
    },
    "2017-06-30": {
        "Diluted EPS": 0.63,
        "Total Revenue": 76,
        "Gross Profit": 58,
        "Operating Income": 11,
        "EBIT": 13,
        "Net Income": 8
    },
    "2017-03-31": {
        "Diluted EPS": 0.51,
        "Total Revenue": 71,
        "Gross Profit": 53,
        "Operating Income": 9,
        "EBIT": 10,
        "Net Income": 6
    },
    "2016-12-31": {
        "Diluted EPS": 0.33,
        "Total Revenue": 62,
        "Gross Profit": 47,
        "Operating Income": 7,
        "EBIT": 8,
        "Net Income": 4
    },
    "2016-09-30": {
        "Diluted EPS": 0.51,
        "Total Revenue": 69,
        "Gross Profit": 52,
        "Operating Income": 9,
        "EBIT": 10,
        "Net Income": 6
    },
    "2016-06-30": {
        "Diluted EPS": 0.29,
        "Total Revenue": 71,
        "Gross Profit": 53,
        "Operating Income": 5,
        "EBIT": 6,
        "Net Income": 3
    },
    "2016-03-31": {
        "Diluted EPS": 0.36,
        "Total Revenue": 72,
        "Gross Profit": 53,
        "Operating Income": 6,
        "EBIT": 8,
        "Net Income": 4
    },
    "2015-12-31": {
        "Diluted EPS": 0.33,
        "Total Revenue": 61,
        "Gross Profit": 45,
        "Operating Income": 6,
        "EBIT": 7,
        "Net Income": 4
    },
    "2015-09-30": {
        "Diluted EPS": 0.46,
        "Total Revenue": 66,
        "Gross Profit": 49,
        "Operating Income": 8,
        "EBIT": 10,
        "Net Income": 6
    },
    "2015-06-30": {
        "Diluted EPS": 0.51,
        "Total Revenue": 72,
        "Gross Profit": 53,
        "Operating Income": 9,
        "EBIT": 10,
        "Net Income": 6
    },
    "2015-03-31": {
        "Diluted EPS": 0.36,
        "Total Revenue": 73,
        "Gross Profit": 54,
        "Operating Income": 7,
        "EBIT": 8,
        "Net Income": 4
    },
    "2014-12-31": {
        "Diluted EPS": -0.25,
        "Total Revenue": 62,
        "Gross Profit": 45,
        "Operating Income": 4,
        "EBIT": 6,
        "Net Income": -3
    },
    "2014-09-30": {
        "Diluted EPS": 0.39,
        "Total Revenue": 69,
        "Gross Profit": 51,
        "Operating Income": 7,
        "EBIT": 8,
        "Net Income": 5
    },
    "2014-06-30": {
        "Diluted EPS": 0.44,
        "Total Revenue": 75,
        "Gross Profit": 56,
        "Operating Income": 10,
        "EBIT": 12,
        "Net Income": 6
    },
    "2014-03-31": {
        "Diluted EPS": 0.45,
        "Total Revenue": 79,
        "Gross Profit": 58,
        "Operating Income": 10,
        "EBIT": 12,
        "Net Income": 6
    },
    "2013-12-31": {
        "Diluted EPS": 0.38,
        "Total Revenue": 44,
        "Gross Profit": 30,
        "Operating Income": 12,
        "EBIT": 12,
        "Net Income": 5
    },
    "2013-09-30": {
        "Diluted EPS": 0.41,
        "Total Revenue": 86,
        "Gross Profit": 65,
        "Operating Income": 7,
        "EBIT": 10,
        "Net Income": 6
    },
    "2013-06-30": {
        "Diluted EPS": 0.51,
        "Total Revenue": 97,
        "Gross Profit": 73,
        "Operating Income": 11,
        "EBIT": 13,
        "Net Income": 7
    },
    "2013-03-31": {
        "Diluted EPS": 0.43,
        "Total Revenue": 96,
        "Gross Profit": 72,
        "Operating Income": 9,
        "EBIT": 11,
        "Net Income": 6
    },
    "2012-12-31": {
        "Diluted EPS": 0.15,
        "Total Revenue": 45,
        "Gross Profit": 31,
        "Operating Income": 7,
        "EBIT": 8,
        "Net Income": 2
    },
    "2012-09-30": {
        "Diluted EPS": 0.52,
        "Total Revenue": 91,
        "Gross Profit": 68,
        "Operating Income": 9,
        "EBIT": 12,
        "Net Income": 7
    },
    "2012-06-30": {
        "Diluted EPS": 0.2,
        "Total Revenue": 94,
        "Gross Profit": 70,
        "Operating Income": 5,
        "EBIT": 7,
        "Net Income": 3
    },
    "2012-03-31": {
        "Diluted EPS": 0.29,
        "Total Revenue": 89,
        "Gross Profit": 67,
        "Operating Income": 6,
        "EBIT": 9,
        "Net Income": 4
    },
    "2011-12-31": {
        "Diluted EPS": 0.1,
        "Total Revenue": 70,
        "Gross Profit": 52,
        "Operating Income": 2,
        "EBIT": 4,
        "Net Income": 1
    },
    "2011-09-30": {
        "Diluted EPS": 0.36,
        "Total Revenue": 76,
        "Gross Profit": 56,
        "Operating Income": 7,
        "EBIT": 9,
        "Net Income": 5
    },
    "2011-06-30": {
        "Diluted EPS": 0.41,
        "Total Revenue": 78,
        "Gross Profit": 59,
        "Operating Income": 9,
        "EBIT": 11,
        "Net Income": 6
    },
    "2011-03-31": {
        "Diluted EPS": 0.44,
        "Total Revenue": 74,
        "Gross Profit": 57,
        "Operating Income": 10,
        "EBIT": 12,
        "Net Income": 6
    },
    "2010-12-31": {
        "Diluted EPS": 0.25,
        "Total Revenue": 63,
        "Gross Profit": 47,
        "Operating Income": 5,
        "EBIT": 7,
        "Net Income": 3
    },
    "2010-09-30": {
        "Diluted EPS": 0.39,
        "Total Revenue": 67,
        "Gross Profit": 50,
        "Operating Income": 9,
        "EBIT": 11,
        "Net Income": 6
    },
    "2010-06-30": {
        "Diluted EPS": 0.38,
        "Total Revenue": 67,
        "Gross Profit": 49,
        "Operating Income": 9,
        "EBIT": 11,
        "Net Income": 6
    },
    "2010-03-31": {
        "Diluted EPS": 0.33,
        "Total Revenue": 61,
        "Gross Profit": 46,
        "Operating Income": 8,
        "EBIT": 10,
        "Net Income": 5
    },
    "2009-12-31": {
        "Diluted EPS": 0.17,
        "Total Revenue": 47,
        "Gross Profit": 34,
        "Operating Income": 4,
        "EBIT": 6,
        "Net Income": 2
    },
    "2009-09-30": {
        "Diluted EPS": 0.23,
        "Total Revenue": 46,
        "Gross Profit": 34,
        "Operating Income": 6,
        "EBIT": 7,
        "Net Income": 3
    },
    "2009-06-30": {
        "Diluted EPS": 0.2,
        "Total Revenue": 42,
        "Gross Profit": 31,
        "Operating Income": 5,
        "EBIT": 6,
        "Net Income": 3
    },
    "2009-03-31": {
        "Diluted EPS": 0.17,
        "Total Revenue": 35,
        "Gross Profit": 26,
        "Operating Income": 4,
        "EBIT": 5,
        "Net Income": 2
    },
    "2023-06-30": {
        "Tax Effect Of Unusual Items": NaN,
        "Tax Rate For Calcs": NaN,
        "Normalized EBITDA": NaN,
        "Net Income From Continuing Operation Net Minority Interest": NaN,
        "Reconciled Depreciation": NaN,
        "Reconciled Cost Of Revenue": NaN,
        "EBITDA": NaN,
        "EBIT": NaN,
        "Net Interest Income": NaN,
        "Interest Income": 462000.0,
        "Normalized Income": NaN,
        "Net Income From Continuing And Discontinued Operation": NaN,
        "Total Expenses": NaN,
        "Total Operating Income As Reported": NaN,
        "Diluted Average Shares": NaN,
        "Basic Average Shares": NaN,
        "Diluted EPS": NaN,
        "Basic EPS": NaN,
        "Diluted NI Availto Com Stockholders": NaN,
        "Net Income Common Stockholders": NaN,
        "Net Income": NaN,
        "Net Income Including Noncontrolling Interests": NaN,
        "Net Income Continuous Operations": NaN,
        "Tax Provision": NaN,
        "Pretax Income": NaN,
        "Other Income Expense": NaN,
        "Other Non Operating Income Expenses": NaN,
        "Net Non Operating Interest Income Expense": NaN,
        "Total Other Finance Cost": -462000.0,
        "Interest Income Non Operating": 462000.0,
        "Operating Income": NaN,
        "Operating Expense": NaN,
        "Selling General And Administration": NaN,
        "Gross Profit": NaN,
        "Cost Of Revenue": NaN,
        "Total Revenue": NaN,
        "Operating Revenue": NaN
    },
    "2023-09-30": {
        "Tax Effect Of Unusual Items": NaN,
        "Tax Rate For Calcs": NaN,
        "Normalized EBITDA": NaN,
        "Net Income From Continuing Operation Net Minority Interest": NaN,
        "Reconciled Depreciation": NaN,
        "Reconciled Cost Of Revenue": NaN,
        "EBITDA": NaN,
        "EBIT": NaN,
        "Net Interest Income": NaN,
        "Interest Income": NaN,
        "Normalized Income": NaN,
        "Net Income From Continuing And Discontinued Operation": NaN,
        "Total Expenses": NaN,
        "Total Operating Income As Reported": NaN,
        "Diluted Average Shares": NaN,
        "Basic Average Shares": NaN,
        "Diluted EPS": NaN,
        "Basic EPS": NaN,
        "Diluted NI Availto Com Stockholders": NaN,
        "Net Income Common Stockholders": NaN,
        "Net Income": NaN,
        "Net Income Including Noncontrolling Interests": NaN,
        "Net Income Continuous Operations": NaN,
        "Tax Provision": NaN,
        "Pretax Income": NaN,
        "Other Income Expense": NaN,
        "Other Non Operating Income Expenses": NaN,
        "Net Non Operating Interest Income Expense": NaN,
        "Total Other Finance Cost": -1033000.0,
        "Interest Income Non Operating": NaN,
        "Operating Income": NaN,
        "Operating Expense": NaN,
        "Selling General And Administration": NaN,
        "Gross Profit": NaN,
        "Cost Of Revenue": NaN,
        "Total Revenue": NaN,
        "Operating Revenue": NaN
    },
    "2023-12-31": {
        "Tax Effect Of Unusual Items": 0.0,
        "Tax Rate For Calcs": 0.384309,
        "Normalized EBITDA": 12029000.0,
        "Net Income From Continuing Operation Net Minority Interest": 6035000.0,
        "Reconciled Depreciation": 3353000.0,
        "Reconciled Cost Of Revenue": 49646000.0,
        "EBITDA": 12029000.0,
        "EBIT": 8676000.0,
        "Net Interest Income": 1176000.0,
        "Interest Income": NaN,
        "Normalized Income": 6035000.0,
        "Net Income From Continuing And Discontinued Operation": 6035000.0,
        "Total Expenses": 182339000.0,
        "Total Operating Income As Reported": 8676000.0,
        "Diluted Average Shares": 10935000.0,
        "Basic Average Shares": 10893000.0,
        "Diluted EPS": 0.5,
        "Basic EPS": 0.5,
        "Diluted NI Availto Com Stockholders": 6035000.0,
        "Net Income Common Stockholders": 6035000.0,
        "Net Income": 6035000.0,
        "Net Income Including Noncontrolling Interests": 6035000.0,
        "Net Income Continuous Operations": 6035000.0,
        "Tax Provision": 3767000.0,
        "Pretax Income": 9802000.0,
        "Other Income Expense": -50000.0,
        "Other Non Operating Income Expenses": -50000.0,
        "Net Non Operating Interest Income Expense": 1176000.0,
        "Total Other Finance Cost": NaN,
        "Interest Income Non Operating": NaN,
        "Operating Income": 8676000.0,
        "Operating Expense": 132693000.0,
        "Selling General And Administration": 132693000.0,
        "Gross Profit": 141369000.0,
        "Cost Of Revenue": 49646000.0,
        "Total Revenue": 191015000.0,
        "Operating Revenue": 191015000.0
    },
    "2024-03-31": {
        "Tax Effect Of Unusual Items": NaN,
        "Tax Rate For Calcs": NaN,
        "Normalized EBITDA": NaN,
        "Net Income From Continuing Operation Net Minority Interest": NaN,
        "Reconciled Depreciation": NaN,
        "Reconciled Cost Of Revenue": NaN,
        "EBITDA": NaN,
        "EBIT": NaN,
        "Net Interest Income": NaN,
        "Interest Income": 1223000.0,
        "Normalized Income": NaN,
        "Net Income From Continuing And Discontinued Operation": NaN,
        "Total Expenses": NaN,
        "Total Operating Income As Reported": NaN,
        "Diluted Average Shares": NaN,
        "Basic Average Shares": NaN,
        "Diluted EPS": NaN,
        "Basic EPS": NaN,
        "Diluted NI Availto Com Stockholders": NaN,
        "Net Income Common Stockholders": NaN,
        "Net Income": NaN,
        "Net Income Including Noncontrolling Interests": NaN,
        "Net Income Continuous Operations": NaN,
        "Tax Provision": NaN,
        "Pretax Income": NaN,
        "Other Income Expense": NaN,
        "Other Non Operating Income Expenses": NaN,
        "Net Non Operating Interest Income Expense": NaN,
        "Total Other Finance Cost": -1223000.0,
        "Interest Income Non Operating": 1223000.0,
        "Operating Income": NaN,
        "Operating Expense": NaN,
        "Selling General And Administration": NaN,
        "Gross Profit": NaN,
        "Cost Of Revenue": NaN,
        "Total Revenue": NaN,
        "Operating Revenue": NaN
    },
    "2024-06-30": {
        "Tax Effect Of Unusual Items": NaN,
        "Tax Rate For Calcs": NaN,
        "Normalized EBITDA": NaN,
        "Net Income From Continuing Operation Net Minority Interest": NaN,
        "Reconciled Depreciation": NaN,
        "Reconciled Cost Of Revenue": NaN,
        "EBITDA": NaN,
        "EBIT": NaN,
        "Net Interest Income": NaN,
        "Interest Income": 1296000.0,
        "Normalized Income": NaN,
        "Net Income From Continuing And Discontinued Operation": NaN,
        "Total Expenses": NaN,
        "Total Operating Income As Reported": NaN,
        "Diluted Average Shares": NaN,
        "Basic Average Shares": NaN,
        "Diluted EPS": NaN,
        "Basic EPS": NaN,
        "Diluted NI Availto Com Stockholders": NaN,
        "Net Income Common Stockholders": NaN,
        "Net Income": NaN,
        "Net Income Including Noncontrolling Interests": NaN,
        "Net Income Continuous Operations": NaN,
        "Tax Provision": NaN,
        "Pretax Income": NaN,
        "Other Income Expense": NaN,
        "Other Non Operating Income Expenses": NaN,
        "Net Non Operating Interest Income Expense": NaN,
        "Total Other Finance Cost": NaN,
        "Interest Income Non Operating": 1296000.0,
        "Operating Income": NaN,
        "Operating Expense": NaN,
        "Selling General And Administration": NaN,
        "Gross Profit": NaN,
        "Cost Of Revenue": NaN,
        "Total Revenue": NaN,
        "Operating Revenue": NaN
    },
    "2024-09-30": {
        "Tax Effect Of Unusual Items": 0.0,
        "Tax Rate For Calcs": 0.285,
        "Normalized EBITDA": 5300000.0,
        "Net Income From Continuing Operation Net Minority Interest": 1129000.0,
        "Reconciled Depreciation": 3194000.0,
        "Reconciled Cost Of Revenue": 34489000.0,
        "EBITDA": 5300000.0,
        "EBIT": 2106000.0,
        "Net Interest Income": 1333000.0,
        "Interest Income": NaN,
        "Normalized Income": 1129000.0,
        "Net Income From Continuing And Discontinued Operation": 1129000.0,
        "Total Expenses": 138057000.0,
        "Total Operating Income As Reported": 2106000.0,
        "Diluted Average Shares": 10971000.0,
        "Basic Average Shares": 10937000.0,
        "Diluted EPS": 0.1,
        "Basic EPS": 0.1,
        "Diluted NI Availto Com Stockholders": 1129000.0,
        "Net Income Common Stockholders": 1129000.0,
        "Net Income": 1129000.0,
        "Net Income Including Noncontrolling Interests": 1129000.0,
        "Net Income Continuous Operations": 1129000.0,
        "Tax Provision": 449000.0,
        "Pretax Income": 1578000.0,
        "Other Income Expense": -1861000.0,
        "Other Non Operating Income Expenses": -1861000.0,
        "Net Non Operating Interest Income Expense": 1333000.0,
        "Total Other Finance Cost": -1333000.0,
        "Interest Income Non Operating": NaN,
        "Operating Income": 2106000.0,
        "Operating Expense": 103568000.0,
        "Selling General And Administration": 103568000.0,
        "Gross Profit": 105674000.0,
        "Cost Of Revenue": 34489000.0,
        "Total Revenue": 140163000.0,
        "Operating Revenue": 140163000.0
    },
    "2024-12-31": {
        "Tax Effect Of Unusual Items": 0.0,
        "Tax Rate For Calcs": 0.371765,
        "Normalized EBITDA": 3894000.0,
        "Net Income From Continuing Operation Net Minority Interest": 801000.0,
        "Reconciled Depreciation": 3185000.0,
        "Reconciled Cost Of Revenue": 30784000.0,
        "EBITDA": 3894000.0,
        "EBIT": 709000.0,
        "Net Interest Income": 953000.0,
        "Interest Income": NaN,
        "Normalized Income": 801000.0,
        "Net Income From Continuing And Discontinued Operation": 801000.0,
        "Total Expenses": 118294000.0,
        "Total Operating Income As Reported": 709000.0,
        "Diluted Average Shares": 10983000.0,
        "Basic Average Shares": 10938000.0,
        "Diluted EPS": 0.07,
        "Basic EPS": 0.07,
        "Diluted NI Availto Com Stockholders": 801000.0,
        "Net Income Common Stockholders": 801000.0,
        "Net Income": 801000.0,
        "Net Income Including Noncontrolling Interests": 801000.0,
        "Net Income Continuous Operations": 801000.0,
        "Tax Provision": 474000.0,
        "Pretax Income": 1275000.0,
        "Other Income Expense": -387000.0,
        "Other Non Operating Income Expenses": -387000.0,
        "Net Non Operating Interest Income Expense": 953000.0,
        "Total Other Finance Cost": NaN,
        "Interest Income Non Operating": NaN,
        "Operating Income": 709000.0,
        "Operating Expense": 87510000.0,
        "Selling General And Administration": 87510000.0,
        "Gross Profit": 88219000.0,
        "Cost Of Revenue": 30784000.0,
        "Total Revenue": 119003000.0,
        "Operating Revenue": 119003000.0
    },
    "2025-03-31": {
        "Tax Effect Of Unusual Items": 0.0,
        "Tax Rate For Calcs": 0.21,
        "Normalized EBITDA": 2018000.0,
        "Net Income From Continuing Operation Net Minority Interest": -772000.0,
        "Reconciled Depreciation": 3280000.0,
        "Reconciled Cost Of Revenue": 31483000.0,
        "EBITDA": 2018000.0,
        "EBIT": -1262000.0,
        "Net Interest Income": 1301000.0,
        "Interest Income": 1301000.0,
        "Normalized Income": -772000.0,
        "Net Income From Continuing And Discontinued Operation": -772000.0,
        "Total Expenses": 116990000.0,
        "Total Operating Income As Reported": -1262000.0,
        "Diluted Average Shares": 10948000.0,
        "Basic Average Shares": 10948000.0,
        "Diluted EPS": -0.07,
        "Basic EPS": -0.07,
        "Diluted NI Availto Com Stockholders": -772000.0,
        "Net Income Common Stockholders": -772000.0,
        "Net Income": -772000.0,
        "Net Income Including Noncontrolling Interests": -772000.0,
        "Net Income Continuous Operations": -772000.0,
        "Tax Provision": 1298000.0,
        "Pretax Income": 526000.0,
        "Other Income Expense": 487000.0,
        "Other Non Operating Income Expenses": 487000.0,
        "Net Non Operating Interest Income Expense": 1301000.0,
        "Total Other Finance Cost": NaN,
        "Interest Income Non Operating": 1301000.0,
        "Operating Income": -1262000.0,
        "Operating Expense": 85507000.0,
        "Selling General And Administration": 85507000.0,
        "Gross Profit": 84245000.0,
        "Cost Of Revenue": 31483000.0,
        "Total Revenue": 115728000.0,
        "Operating Revenue": 115728000.0
    },
    "2025-06-30": {
        "Tax Effect Of Unusual Items": 0.0,
        "Tax Rate For Calcs": 0.137391,
        "Normalized EBITDA": 2979000.0,
        "Net Income From Continuing Operation Net Minority Interest": 2480000.0,
        "Reconciled Depreciation": 4045000.0,
        "Reconciled Cost Of Revenue": 28911000.0,
        "EBITDA": 2979000.0,
        "EBIT": -1066000.0,
        "Net Interest Income": 1369000.0,
        "Interest Income": 1369000.0,
        "Normalized Income": 2480000.0,
        "Net Income From Continuing And Discontinued Operation": 2480000.0,
        "Total Expenses": 106621000.0,
        "Total Operating Income As Reported": -1066000.0,
        "Diluted Average Shares": 11060000.0,
        "Basic Average Shares": 10991000.0,
        "Diluted EPS": 0.22,
        "Basic EPS": 0.23,
        "Diluted NI Availto Com Stockholders": 2480000.0,
        "Net Income Common Stockholders": 2480000.0,
        "Net Income": 2480000.0,
        "Net Income Including Noncontrolling Interests": 2480000.0,
        "Net Income Continuous Operations": 2480000.0,
        "Tax Provision": 395000.0,
        "Pretax Income": 2875000.0,
        "Other Income Expense": 2572000.0,
        "Other Non Operating Income Expenses": 2572000.0,
        "Net Non Operating Interest Income Expense": 1369000.0,
        "Total Other Finance Cost": NaN,
        "Interest Income Non Operating": 1369000.0,
        "Operating Income": -1066000.0,
        "Operating Expense": 77710000.0,
        "Selling General And Administration": 77710000.0,
        "Gross Profit": 76644000.0,
        "Cost Of Revenue": 28911000.0,
        "Total Revenue": 105555000.0,
        "Operating Revenue": 105555000.0
    },
    "2025-09-30": {
        "Tax Effect Of Unusual Items": 0.0,
        "Tax Rate For Calcs": 0.14904,
        "Normalized EBITDA": -629000.0,
        "Net Income From Continuing Operation Net Minority Interest": -2261000.0,
        "Reconciled Depreciation": 3452000.0,
        "Reconciled Cost Of Revenue": 27250000.0,
        "EBITDA": -629000.0,
        "EBIT": -4081000.0,
        "Net Interest Income": 1426000.0,
        "Interest Income": NaN,
        "Normalized Income": -2261000.0,
        "Net Income From Continuing And Discontinued Operation": -2261000.0,
        "Total Expenses": 93490000.0,
        "Total Operating Income As Reported": -4081000.0,
        "Diluted Average Shares": 10991000.0,
        "Basic Average Shares": 10991000.0,
        "Diluted EPS": -0.21,
        "Basic EPS": -0.21,
        "Diluted NI Availto Com Stockholders": -2261000.0,
        "Net Income Common Stockholders": -2261000.0,
        "Net Income": -2261000.0,
        "Net Income Including Noncontrolling Interests": -2261000.0,
        "Net Income Continuous Operations": -2261000.0,
        "Tax Provision": -396000.0,
        "Pretax Income": -2657000.0,
        "Other Income Expense": -2000.0,
        "Other Non Operating Income Expenses": -2000.0,
        "Net Non Operating Interest Income Expense": 1426000.0,
        "Total Other Finance Cost": -1426000.0,
        "Interest Income Non Operating": NaN,
        "Operating Income": -4081000.0,
        "Operating Expense": 66240000.0,
        "Selling General And Administration": 66240000.0,
        "Gross Profit": 62159000.0,
        "Cost Of Revenue": 27250000.0,
        "Total Revenue": 89409000.0,
        "Operating Revenue": 89409000.0
    }
}