{
    "2023-03-31": {
        "Tax Effect Of Unusual Items": NaN,
        "Tax Rate For Calcs": NaN,
        "Normalized EBITDA": NaN,
        "Total Unusual Items": NaN,
        "Total Unusual Items Excluding Goodwill": NaN,
        "Net Income From Continuing Operation Net Minority Interest": NaN,
        "Reconciled Depreciation": NaN,
        "Reconciled Cost Of Revenue": NaN,
        "EBITDA": NaN,
        "EBIT": NaN,
        "Net Interest Income": NaN,
        "Interest Expense": NaN,
        "Normalized Income": NaN,
        "Net Income From Continuing And Discontinued Operation": NaN,
        "Total Expenses": NaN,
        "Total Operating Income As Reported": NaN,
        "Diluted Average Shares": 29857000.0,
        "Basic Average Shares": 29857000.0,
        "Diluted EPS": -0.63,
        "Basic EPS": -0.63,
        "Diluted NI Availto Com Stockholders": NaN,
        "Net Income Common Stockholders": NaN,
        "Preferred Stock Dividends": NaN,
        "Net Income": NaN,
        "Net Income Including Noncontrolling Interests": NaN,
        "Net Income Continuous Operations": NaN,
        "Tax Provision": NaN,
        "Pretax Income": NaN,
        "Other Income Expense": NaN,
        "Other Non Operating Income Expenses": NaN,
        "Special Income Charges": NaN,
        "Restructuring And Mergern Acquisition": NaN,
        "Net Non Operating Interest Income Expense": NaN,
        "Interest Expense Non Operating": NaN,
        "Operating Income": NaN,
        "Operating Expense": NaN,
        "Depreciation Amortization Depletion Income Statement": NaN,
        "Depreciation And Amortization In Income Statement": NaN,
        "Amortization": NaN,
        "Amortization Of Intangibles Income Statement": NaN,
        "Depreciation Income Statement": NaN,
        "Selling General And Administration": NaN,
        "Gross Profit": NaN,
        "Cost Of Revenue": NaN,
        "Total Revenue": NaN,
        "Operating Revenue": NaN
    },
    "2022-12-31": {
        "Tax Effect Of Unusual Items": NaN,
        "Tax Rate For Calcs": NaN,
        "Normalized EBITDA": NaN,
        "Total Unusual Items": NaN,
        "Total Unusual Items Excluding Goodwill": NaN,
        "Net Income From Continuing Operation Net Minority Interest": NaN,
        "Reconciled Depreciation": NaN,
        "Reconciled Cost Of Revenue": NaN,
        "EBITDA": NaN,
        "EBIT": NaN,
        "Net Interest Income": NaN,
        "Interest Expense": NaN,
        "Normalized Income": NaN,
        "Net Income From Continuing And Discontinued Operation": NaN,
        "Total Expenses": NaN,
        "Total Operating Income As Reported": NaN,
        "Diluted Average Shares": 29720000.0,
        "Basic Average Shares": 29720000.0,
        "Diluted EPS": -0.5,
        "Basic EPS": -0.5,
        "Diluted NI Availto Com Stockholders": NaN,
        "Net Income Common Stockholders": NaN,
        "Preferred Stock Dividends": NaN,
        "Net Income": NaN,
        "Net Income Including Noncontrolling Interests": NaN,
        "Net Income Continuous Operations": NaN,
        "Tax Provision": NaN,
        "Pretax Income": NaN,
        "Other Income Expense": NaN,
        "Other Non Operating Income Expenses": NaN,
        "Special Income Charges": NaN,
        "Restructuring And Mergern Acquisition": NaN,
        "Net Non Operating Interest Income Expense": NaN,
        "Interest Expense Non Operating": NaN,
        "Operating Income": NaN,
        "Operating Expense": NaN,
        "Depreciation Amortization Depletion Income Statement": NaN,
        "Depreciation And Amortization In Income Statement": NaN,
        "Amortization": NaN,
        "Amortization Of Intangibles Income Statement": NaN,
        "Depreciation Income Statement": NaN,
        "Selling General And Administration": NaN,
        "Gross Profit": NaN,
        "Cost Of Revenue": NaN,
        "Total Revenue": NaN,
        "Operating Revenue": NaN
    },
    "2022-09-30": {
        "Tax Effect Of Unusual Items": -2070.175439,
        "Tax Rate For Calcs": 0.035088,
        "Normalized EBITDA": 9387000.0,
        "Total Unusual Items": -59000.0,
        "Total Unusual Items Excluding Goodwill": -59000.0,
        "Net Income From Continuing Operation Net Minority Interest": -5720000.0,
        "Reconciled Depreciation": 13856000.0,
        "Reconciled Cost Of Revenue": 79882000.0,
        "EBITDA": 9328000.0,
        "EBIT": -4528000.0,
        "Net Interest Income": -1400000.0,
        "Interest Expense": 1400000.0,
        "Normalized Income": -5663070.175439,
        "Net Income From Continuing And Discontinued Operation": -5720000.0,
        "Total Expenses": 136595000.0,
        "Total Operating Income As Reported": -6342000.0,
        "Diluted Average Shares": 29691000.0,
        "Basic Average Shares": 29691000.0,
        "Diluted EPS": -0.33,
        "Basic EPS": -0.33,
        "Diluted NI Availto Com Stockholders": -9820000.0,
        "Net Income Common Stockholders": -9820000.0,
        "Preferred Stock Dividends": 4100000.0,
        "Net Income": -5720000.0,
        "Net Income Including Noncontrolling Interests": -5720000.0,
        "Net Income Continuous Operations": -5720000.0,
        "Tax Provision": -208000.0,
        "Pretax Income": -5928000.0,
        "Other Income Expense": 1755000.0,
        "Other Non Operating Income Expenses": 1814000.0,
        "Special Income Charges": -59000.0,
        "Restructuring And Mergern Acquisition": 59000.0,
        "Net Non Operating Interest Income Expense": -1400000.0,
        "Interest Expense Non Operating": 1400000.0,
        "Operating Income": -6283000.0,
        "Operating Expense": 54361000.0,
        "Depreciation Amortization Depletion Income Statement": 11504000.0,
        "Depreciation And Amortization In Income Statement": 11504000.0,
        "Selling General And Administration": 42857000.0,
        "General And Administrative Expense": NaN,
        "Other Gand A": NaN,
        "Gross Profit": 48078000.0,
        "Cost Of Revenue": 82234000.0,
        "Total Revenue": 130312000.0,
        "Operating Revenue": 130312000.0
    },
    "2022-06-30": {
        "Tax Effect Of Unusual Items": 1404000.0,
        "Tax Rate For Calcs": 0.4,
        "Normalized EBITDA": 3368000.0,
        "Total Unusual Items": 3510000.0,
        "Total Unusual Items Excluding Goodwill": 3510000.0,
        "Net Income From Continuing Operation Net Minority Interest": -7751000.0,
        "Reconciled Depreciation": 12280000.0,
        "Reconciled Cost Of Revenue": 90429000.0,
        "EBITDA": 6878000.0,
        "EBIT": -5402000.0,
        "Net Interest Income": -1518000.0,
        "Interest Expense": 1518000.0,
        "Normalized Income": -9857000.0,
        "Net Income From Continuing And Discontinued Operation": -7751000.0,
        "Total Expenses": 149165000.0,
        "Total Operating Income As Reported": -5745000.0,
        "Diluted Average Shares": 29678000.0,
        "Basic Average Shares": 29678000.0,
        "Diluted EPS": -0.4,
        "Basic EPS": -0.4,
        "Diluted NI Availto Com Stockholders": -11851000.0,
        "Net Income Common Stockholders": -11851000.0,
        "Preferred Stock Dividends": 4100000.0,
        "Net Income": -7751000.0,
        "Net Income Including Noncontrolling Interests": -7751000.0,
        "Net Income Continuous Operations": -7751000.0,
        "Tax Provision": 831000.0,
        "Pretax Income": -6920000.0,
        "Other Income Expense": 3853000.0,
        "Other Non Operating Income Expenses": 343000.0,
        "Special Income Charges": 3510000.0,
        "Restructuring And Mergern Acquisition": -3510000.0,
        "Net Non Operating Interest Income Expense": -1518000.0,
        "Interest Expense Non Operating": 1518000.0,
        "Operating Income": -9255000.0,
        "Operating Expense": 58736000.0,
        "Depreciation Amortization Depletion Income Statement": 12280000.0,
        "Depreciation And Amortization In Income Statement": 12280000.0,
        "Selling General And Administration": 46456000.0,
        "General And Administrative Expense": NaN,
        "Other Gand A": NaN,
        "Gross Profit": 49481000.0,
        "Cost Of Revenue": 90429000.0,
        "Total Revenue": 139910000.0,
        "Operating Revenue": 139910000.0
    },
    "2022-03-31": {
        "Diluted EPS": -0.39,
        "Total Revenue": 135,
        "Gross Profit": 46,
        "Operating Income": -8,
        "EBIT": 7,
        "Net Income": -12
    },
    "2021-12-31": {
        "Diluted EPS": -0.15,
        "Total Revenue": 144,
        "Gross Profit": 47,
        "Operating Income": 1,
        "EBIT": 15,
        "Net Income": -6
    },
    "2021-09-30": {
        "Diluted EPS": -0.07,
        "Total Revenue": 133,
        "Gross Profit": 47,
        "Operating Income": 5,
        "EBIT": 19,
        "Net Income": -2
    },
    "2021-06-30": {
        "Diluted EPS": -0.66,
        "Total Revenue": 136,
        "Gross Profit": 44,
        "Operating Income": -6,
        "EBIT": 6,
        "Net Income": -17
    },
    "2021-03-31": {
        "Diluted EPS": -0.68,
        "Total Revenue": 134,
        "Gross Profit": 39,
        "Operating Income": -9,
        "EBIT": 4,
        "Net Income": -17
    },
    "2020-12-31": {
        "Diluted EPS": 1.35,
        "Total Revenue": 109,
        "Gross Profit": 35,
        "Operating Income": 9,
        "EBIT": 19,
        "Net Income": -3
    },
    "2020-09-30": {
        "Diluted EPS": -2.99,
        "Total Revenue": 85,
        "Gross Profit": 33,
        "Operating Income": -15,
        "EBIT": -5,
        "Net Income": -64
    },
    "2020-06-30": {
        "Diluted EPS": 0.4,
        "Total Revenue": 74,
        "Gross Profit": 28,
        "Operating Income": -5,
        "EBIT": 5,
        "Net Income": 8
    },
    "2020-03-31": {
        "Diluted EPS": -5.24,
        "Total Revenue": 61,
        "Gross Profit": 17,
        "Operating Income": -12,
        "EBIT": -4,
        "Net Income": -47
    },
    "2019-12-31": {
        "Diluted EPS": 0.0,
        "Total Revenue": NaN,
        "Gross Profit": NaN,
        "Operating Income": NaN,
        "EBIT": NaN,
        "Net Income": NaN
    },
    "2019-09-30": {
        "Diluted EPS": -1.34,
        "Total Revenue": 58,
        "Gross Profit": 18,
        "Operating Income": -3,
        "EBIT": 5,
        "Net Income": -12
    },
    "2019-06-30": {
        "Diluted EPS": -0.59,
        "Total Revenue": 57,
        "Gross Profit": 18,
        "Operating Income": 0,
        "EBIT": 0,
        "Net Income": -5
    },
    "2018-12-31": {
        "Diluted EPS": 0.0,
        "Total Revenue": NaN,
        "Gross Profit": NaN,
        "Operating Income": NaN,
        "EBIT": NaN,
        "Net Income": NaN
    },
    "2023-06-30": {
        "Tax Effect Of Unusual Items": NaN,
        "Tax Rate For Calcs": NaN,
        "Normalized EBITDA": NaN,
        "Total Unusual Items": NaN,
        "Total Unusual Items Excluding Goodwill": NaN,
        "Net Income From Continuing Operation Net Minority Interest": NaN,
        "Reconciled Depreciation": NaN,
        "Reconciled Cost Of Revenue": NaN,
        "EBITDA": NaN,
        "EBIT": NaN,
        "Net Interest Income": NaN,
        "Interest Expense": NaN,
        "Normalized Income": NaN,
        "Net Income From Continuing And Discontinued Operation": NaN,
        "Total Expenses": NaN,
        "Total Operating Income As Reported": NaN,
        "Diluted Average Shares": 30047000.0,
        "Basic Average Shares": 30047000.0,
        "Diluted EPS": -0.38,
        "Basic EPS": -0.38,
        "Diluted NI Availto Com Stockholders": NaN,
        "Net Income Common Stockholders": NaN,
        "Preferred Stock Dividends": NaN,
        "Net Income": NaN,
        "Net Income Including Noncontrolling Interests": NaN,
        "Net Income Continuous Operations": NaN,
        "Tax Provision": NaN,
        "Pretax Income": NaN,
        "Other Income Expense": NaN,
        "Other Non Operating Income Expenses": NaN,
        "Special Income Charges": NaN,
        "Restructuring And Mergern Acquisition": NaN,
        "Net Non Operating Interest Income Expense": NaN,
        "Interest Expense Non Operating": NaN,
        "Operating Income": NaN,
        "Operating Expense": NaN,
        "Depreciation Amortization Depletion Income Statement": NaN,
        "Depreciation And Amortization In Income Statement": NaN,
        "Amortization": NaN,
        "Amortization Of Intangibles Income Statement": NaN,
        "Depreciation Income Statement": NaN,
        "Selling General And Administration": NaN,
        "Gross Profit": NaN,
        "Cost Of Revenue": NaN,
        "Total Revenue": NaN,
        "Operating Revenue": NaN
    },
    "2023-09-30": {
        "Tax Effect Of Unusual Items": NaN,
        "Tax Rate For Calcs": NaN,
        "Normalized EBITDA": NaN,
        "Total Unusual Items": NaN,
        "Total Unusual Items Excluding Goodwill": NaN,
        "Net Income From Continuing Operation Net Minority Interest": NaN,
        "Reconciled Depreciation": NaN,
        "Reconciled Cost Of Revenue": NaN,
        "EBITDA": NaN,
        "EBIT": NaN,
        "Net Interest Income": NaN,
        "Interest Expense": NaN,
        "Normalized Income": NaN,
        "Net Income From Continuing And Discontinued Operation": NaN,
        "Total Expenses": NaN,
        "Total Operating Income As Reported": NaN,
        "Diluted Average Shares": 30143000.0,
        "Basic Average Shares": 30143000.0,
        "Diluted EPS": -0.39,
        "Basic EPS": -0.39,
        "Diluted NI Availto Com Stockholders": NaN,
        "Net Income Common Stockholders": NaN,
        "Preferred Stock Dividends": NaN,
        "Net Income": NaN,
        "Net Income Including Noncontrolling Interests": NaN,
        "Net Income Continuous Operations": NaN,
        "Tax Provision": NaN,
        "Pretax Income": NaN,
        "Other Income Expense": NaN,
        "Other Non Operating Income Expenses": NaN,
        "Special Income Charges": NaN,
        "Restructuring And Mergern Acquisition": NaN,
        "Net Non Operating Interest Income Expense": NaN,
        "Interest Expense Non Operating": NaN,
        "Operating Income": NaN,
        "Operating Expense": NaN,
        "Depreciation Amortization Depletion Income Statement": NaN,
        "Depreciation And Amortization In Income Statement": NaN,
        "Amortization": NaN,
        "Amortization Of Intangibles Income Statement": NaN,
        "Depreciation Income Statement": NaN,
        "Selling General And Administration": NaN,
        "Gross Profit": NaN,
        "Cost Of Revenue": NaN,
        "Total Revenue": NaN,
        "Operating Revenue": NaN
    },
    "2023-12-31": {
        "Tax Effect Of Unusual Items": 69300.0,
        "Tax Rate For Calcs": 0.21,
        "Normalized EBITDA": 11184000.0,
        "Total Unusual Items": 330000.0,
        "Total Unusual Items Excluding Goodwill": 330000.0,
        "Net Income From Continuing Operation Net Minority Interest": -1441000.0,
        "Reconciled Depreciation": 14491000.0,
        "Reconciled Cost Of Revenue": 99392000.0,
        "EBITDA": 11514000.0,
        "EBIT": -2977000.0,
        "Net Interest Income": -2286000.0,
        "Interest Expense": 2286000.0,
        "Normalized Income": -1701700.0,
        "Net Income From Continuing And Discontinued Operation": -1441000.0,
        "Total Expenses": 174983000.0,
        "Total Operating Income As Reported": -8911000.0,
        "Diluted Average Shares": NaN,
        "Basic Average Shares": NaN,
        "Diluted EPS": NaN,
        "Basic EPS": NaN,
        "Diluted NI Availto Com Stockholders": -5541000.0,
        "Net Income Common Stockholders": -5541000.0,
        "Preferred Stock Dividends": 4100000.0,
        "Net Income": -1441000.0,
        "Net Income Including Noncontrolling Interests": -1441000.0,
        "Net Income Continuous Operations": -1441000.0,
        "Tax Provision": -3822000.0,
        "Pretax Income": -5263000.0,
        "Other Income Expense": 6264000.0,
        "Other Non Operating Income Expenses": 5934000.0,
        "Special Income Charges": 330000.0,
        "Restructuring And Mergern Acquisition": -330000.0,
        "Net Non Operating Interest Income Expense": -2286000.0,
        "Interest Expense Non Operating": 2286000.0,
        "Operating Income": -9241000.0,
        "Operating Expense": 73064000.0,
        "Depreciation Amortization Depletion Income Statement": 11964000.0,
        "Depreciation And Amortization In Income Statement": 11964000.0,
        "Amortization": NaN,
        "Amortization Of Intangibles Income Statement": NaN,
        "Depreciation Income Statement": NaN,
        "Selling General And Administration": 61100000.0,
        "Gross Profit": 63823000.0,
        "Cost Of Revenue": 101919000.0,
        "Total Revenue": 165742000.0,
        "Operating Revenue": 165742000.0
    },
    "2024-03-31": {
        "Tax Effect Of Unusual Items": NaN,
        "Tax Rate For Calcs": NaN,
        "Normalized EBITDA": NaN,
        "Total Unusual Items": NaN,
        "Total Unusual Items Excluding Goodwill": NaN,
        "Net Income From Continuing Operation Net Minority Interest": NaN,
        "Reconciled Depreciation": NaN,
        "Reconciled Cost Of Revenue": NaN,
        "EBITDA": NaN,
        "EBIT": NaN,
        "Net Interest Income": NaN,
        "Interest Expense": NaN,
        "Normalized Income": NaN,
        "Net Income From Continuing And Discontinued Operation": NaN,
        "Total Expenses": NaN,
        "Total Operating Income As Reported": NaN,
        "Diluted Average Shares": NaN,
        "Basic Average Shares": NaN,
        "Diluted EPS": NaN,
        "Basic EPS": NaN,
        "Diluted NI Availto Com Stockholders": NaN,
        "Net Income Common Stockholders": NaN,
        "Preferred Stock Dividends": NaN,
        "Net Income": NaN,
        "Net Income Including Noncontrolling Interests": NaN,
        "Net Income Continuous Operations": NaN,
        "Tax Provision": NaN,
        "Pretax Income": NaN,
        "Other Income Expense": NaN,
        "Other Non Operating Income Expenses": NaN,
        "Special Income Charges": NaN,
        "Restructuring And Mergern Acquisition": NaN,
        "Net Non Operating Interest Income Expense": NaN,
        "Interest Expense Non Operating": NaN,
        "Operating Income": NaN,
        "Operating Expense": NaN,
        "Depreciation Amortization Depletion Income Statement": NaN,
        "Depreciation And Amortization In Income Statement": NaN,
        "Amortization": 7400000.0,
        "Amortization Of Intangibles Income Statement": 7400000.0,
        "Depreciation Income Statement": 4253000.0,
        "Selling General And Administration": NaN,
        "Gross Profit": NaN,
        "Cost Of Revenue": NaN,
        "Total Revenue": NaN,
        "Operating Revenue": NaN
    },
    "2024-06-30": {
        "Tax Effect Of Unusual Items": NaN,
        "Tax Rate For Calcs": NaN,
        "Normalized EBITDA": NaN,
        "Total Unusual Items": NaN,
        "Total Unusual Items Excluding Goodwill": NaN,
        "Net Income From Continuing Operation Net Minority Interest": NaN,
        "Reconciled Depreciation": NaN,
        "Reconciled Cost Of Revenue": NaN,
        "EBITDA": NaN,
        "EBIT": NaN,
        "Net Interest Income": NaN,
        "Interest Expense": NaN,
        "Normalized Income": NaN,
        "Net Income From Continuing And Discontinued Operation": NaN,
        "Total Expenses": NaN,
        "Total Operating Income As Reported": NaN,
        "Diluted Average Shares": NaN,
        "Basic Average Shares": NaN,
        "Diluted EPS": NaN,
        "Basic EPS": NaN,
        "Diluted NI Availto Com Stockholders": NaN,
        "Net Income Common Stockholders": NaN,
        "Preferred Stock Dividends": 2750000.0,
        "Net Income": NaN,
        "Net Income Including Noncontrolling Interests": NaN,
        "Net Income Continuous Operations": NaN,
        "Tax Provision": NaN,
        "Pretax Income": NaN,
        "Other Income Expense": NaN,
        "Other Non Operating Income Expenses": NaN,
        "Special Income Charges": NaN,
        "Restructuring And Mergern Acquisition": NaN,
        "Net Non Operating Interest Income Expense": NaN,
        "Interest Expense Non Operating": NaN,
        "Operating Income": NaN,
        "Operating Expense": NaN,
        "Depreciation Amortization Depletion Income Statement": NaN,
        "Depreciation And Amortization In Income Statement": NaN,
        "Amortization": NaN,
        "Amortization Of Intangibles Income Statement": NaN,
        "Depreciation Income Statement": NaN,
        "Selling General And Administration": NaN,
        "Gross Profit": NaN,
        "Cost Of Revenue": NaN,
        "Total Revenue": NaN,
        "Operating Revenue": NaN
    },
    "2024-09-30": {
        "Tax Effect Of Unusual Items": -30030.0,
        "Tax Rate For Calcs": 0.21,
        "Normalized EBITDA": 16747000.0,
        "Total Unusual Items": -143000.0,
        "Total Unusual Items Excluding Goodwill": -143000.0,
        "Net Income From Continuing Operation Net Minority Interest": -10564000.0,
        "Reconciled Depreciation": 21663000.0,
        "Reconciled Cost Of Revenue": 97173000.0,
        "EBITDA": 16604000.0,
        "EBIT": -5059000.0,
        "Net Interest Income": -4137000.0,
        "Interest Expense": 4137000.0,
        "Normalized Income": -10451030.0,
        "Net Income From Continuing And Discontinued Operation": -10564000.0,
        "Total Expenses": 179705000.0,
        "Total Operating Income As Reported": -1161000.0,
        "Diluted Average Shares": 34242000.0,
        "Basic Average Shares": 34242000.0,
        "Diluted EPS": -0.39,
        "Basic EPS": -0.39,
        "Diluted NI Availto Com Stockholders": -13314000.0,
        "Net Income Common Stockholders": -13314000.0,
        "Preferred Stock Dividends": 2750000.0,
        "Net Income": -10564000.0,
        "Net Income Including Noncontrolling Interests": -10564000.0,
        "Net Income Continuous Operations": -10564000.0,
        "Tax Provision": 1368000.0,
        "Pretax Income": -9196000.0,
        "Other Income Expense": -4041000.0,
        "Other Non Operating Income Expenses": -3898000.0,
        "Special Income Charges": -143000.0,
        "Restructuring And Mergern Acquisition": 143000.0,
        "Net Non Operating Interest Income Expense": -4137000.0,
        "Interest Expense Non Operating": 4137000.0,
        "Operating Income": -1018000.0,
        "Operating Expense": 74109000.0,
        "Depreciation Amortization Depletion Income Statement": 13240000.0,
        "Depreciation And Amortization In Income Statement": 13240000.0,
        "Amortization": NaN,
        "Amortization Of Intangibles Income Statement": NaN,
        "Depreciation Income Statement": NaN,
        "Selling General And Administration": 60869000.0,
        "Gross Profit": 73091000.0,
        "Cost Of Revenue": 105596000.0,
        "Total Revenue": 178687000.0,
        "Operating Revenue": 178687000.0
    },
    "2024-12-31": {
        "Tax Effect Of Unusual Items": -31290.0,
        "Tax Rate For Calcs": 0.21,
        "Normalized EBITDA": -1613000.0,
        "Total Unusual Items": -149000.0,
        "Total Unusual Items Excluding Goodwill": -149000.0,
        "Net Income From Continuing Operation Net Minority Interest": -28223000.0,
        "Reconciled Depreciation": 18503000.0,
        "Reconciled Cost Of Revenue": 108805000.0,
        "EBITDA": -1762000.0,
        "EBIT": -20265000.0,
        "Net Interest Income": -4442000.0,
        "Interest Expense": 4442000.0,
        "Normalized Income": -28105290.0,
        "Net Income From Continuing And Discontinued Operation": -28223000.0,
        "Total Expenses": 211753000.0,
        "Total Operating Income As Reported": -22844000.0,
        "Diluted Average Shares": 34302000.0,
        "Basic Average Shares": 34302000.0,
        "Diluted EPS": -0.9,
        "Basic EPS": -0.9,
        "Diluted NI Availto Com Stockholders": -30973000.0,
        "Net Income Common Stockholders": -30973000.0,
        "Preferred Stock Dividends": 2750000.0,
        "Net Income": -28223000.0,
        "Net Income Including Noncontrolling Interests": -28223000.0,
        "Net Income Continuous Operations": -28223000.0,
        "Tax Provision": 3516000.0,
        "Pretax Income": -24707000.0,
        "Other Income Expense": 2430000.0,
        "Other Non Operating Income Expenses": 2579000.0,
        "Special Income Charges": -149000.0,
        "Restructuring And Mergern Acquisition": 149000.0,
        "Net Non Operating Interest Income Expense": -4442000.0,
        "Interest Expense Non Operating": 4442000.0,
        "Operating Income": -22695000.0,
        "Operating Expense": 99799000.0,
        "Depreciation Amortization Depletion Income Statement": 15354000.0,
        "Depreciation And Amortization In Income Statement": 15354000.0,
        "Amortization": NaN,
        "Amortization Of Intangibles Income Statement": NaN,
        "Depreciation Income Statement": NaN,
        "Selling General And Administration": 84445000.0,
        "Gross Profit": 77104000.0,
        "Cost Of Revenue": 111954000.0,
        "Total Revenue": 189058000.0,
        "Operating Revenue": 189058000.0
    },
    "2025-03-31": {
        "Tax Effect Of Unusual Items": -100170.0,
        "Tax Rate For Calcs": 0.21,
        "Normalized EBITDA": 2348000.0,
        "Total Unusual Items": -477000.0,
        "Total Unusual Items Excluding Goodwill": -477000.0,
        "Net Income From Continuing Operation Net Minority Interest": -19359000.0,
        "Reconciled Depreciation": 13294000.0,
        "Reconciled Cost Of Revenue": 108406000.0,
        "EBITDA": 1871000.0,
        "EBIT": -11423000.0,
        "Net Interest Income": -5065000.0,
        "Interest Expense": 5065000.0,
        "Normalized Income": -18982170.0,
        "Net Income From Continuing And Discontinued Operation": -19359000.0,
        "Total Expenses": 187932000.0,
        "Total Operating Income As Reported": -10575000.0,
        "Diluted Average Shares": 34502000.0,
        "Basic Average Shares": 34502000.0,
        "Diluted EPS": -0.64,
        "Basic EPS": -0.64,
        "Diluted NI Availto Com Stockholders": -22109000.0,
        "Net Income Common Stockholders": -22109000.0,
        "Preferred Stock Dividends": 2750000.0,
        "Net Income": -19359000.0,
        "Net Income Including Noncontrolling Interests": -19359000.0,
        "Net Income Continuous Operations": -19359000.0,
        "Tax Provision": 2871000.0,
        "Pretax Income": -16488000.0,
        "Other Income Expense": -1325000.0,
        "Other Non Operating Income Expenses": -848000.0,
        "Special Income Charges": -477000.0,
        "Restructuring And Mergern Acquisition": 477000.0,
        "Net Non Operating Interest Income Expense": -5065000.0,
        "Interest Expense Non Operating": 5065000.0,
        "Operating Income": -10098000.0,
        "Operating Expense": 79526000.0,
        "Depreciation Amortization Depletion Income Statement": 13294000.0,
        "Depreciation And Amortization In Income Statement": 13294000.0,
        "Amortization": NaN,
        "Amortization Of Intangibles Income Statement": NaN,
        "Depreciation Income Statement": NaN,
        "Selling General And Administration": 66232000.0,
        "Gross Profit": 69428000.0,
        "Cost Of Revenue": 108406000.0,
        "Total Revenue": 177834000.0,
        "Operating Revenue": 177834000.0
    },
    "2025-06-30": {
        "Tax Effect Of Unusual Items": -18054.0,
        "Tax Rate For Calcs": 0.051,
        "Normalized EBITDA": 37229000.0,
        "Total Unusual Items": -354000.0,
        "Total Unusual Items Excluding Goodwill": -354000.0,
        "Net Income From Continuing Operation Net Minority Interest": 18356000.0,
        "Reconciled Depreciation": 12763000.0,
        "Reconciled Cost Of Revenue": 132802000.0,
        "EBITDA": 36875000.0,
        "EBIT": 24112000.0,
        "Net Interest Income": -4768000.0,
        "Interest Expense": 4768000.0,
        "Normalized Income": 18691946.0,
        "Net Income From Continuing And Discontinued Operation": 18356000.0,
        "Total Expenses": 219248000.0,
        "Total Operating Income As Reported": 14941000.0,
        "Diluted Average Shares": 43455000.0,
        "Basic Average Shares": 35206000.0,
        "Diluted EPS": 0.42,
        "Basic EPS": 0.48,
        "Diluted NI Availto Com Stockholders": 16956000.0,
        "Net Income Common Stockholders": 16956000.0,
        "Preferred Stock Dividends": 1400000.0,
        "Net Income": 18356000.0,
        "Net Income Including Noncontrolling Interests": 18356000.0,
        "Net Income Continuous Operations": 18356000.0,
        "Tax Provision": 988000.0,
        "Pretax Income": 19344000.0,
        "Other Income Expense": 8817000.0,
        "Other Non Operating Income Expenses": 9171000.0,
        "Special Income Charges": -354000.0,
        "Restructuring And Mergern Acquisition": 354000.0,
        "Net Non Operating Interest Income Expense": -4768000.0,
        "Interest Expense Non Operating": 4768000.0,
        "Operating Income": 15295000.0,
        "Operating Expense": 86446000.0,
        "Depreciation Amortization Depletion Income Statement": 12763000.0,
        "Depreciation And Amortization In Income Statement": 12763000.0,
        "Amortization": NaN,
        "Amortization Of Intangibles Income Statement": NaN,
        "Depreciation Income Statement": NaN,
        "Selling General And Administration": 73683000.0,
        "Gross Profit": 101741000.0,
        "Cost Of Revenue": 132802000.0,
        "Total Revenue": 234543000.0,
        "Operating Revenue": 234543000.0
    },
    "2025-09-30": {
        "Tax Effect Of Unusual Items": -2730.0,
        "Tax Rate For Calcs": 0.21,
        "Normalized EBITDA": 42563000.0,
        "Total Unusual Items": -13000.0,
        "Total Unusual Items Excluding Goodwill": -13000.0,
        "Net Income From Continuing Operation Net Minority Interest": 8378000.0,
        "Reconciled Depreciation": 21852000.0,
        "Reconciled Cost Of Revenue": 127390000.0,
        "EBITDA": 42550000.0,
        "EBIT": 20698000.0,
        "Net Interest Income": -5039000.0,
        "Interest Expense": 5039000.0,
        "Normalized Income": 8388270.0,
        "Net Income From Continuing And Discontinued Operation": 8378000.0,
        "Total Expenses": 214938000.0,
        "Total Operating Income As Reported": 9937000.0,
        "Diluted Average Shares": 39935000.0,
        "Basic Average Shares": 35300000.0,
        "Diluted EPS": 0.21,
        "Basic EPS": 0.24,
        "Diluted NI Availto Com Stockholders": 8378000.0,
        "Net Income Common Stockholders": 8378000.0,
        "Preferred Stock Dividends": NaN,
        "Net Income": 8378000.0,
        "Net Income Including Noncontrolling Interests": 8378000.0,
        "Net Income Continuous Operations": 8378000.0,
        "Tax Provision": 7281000.0,
        "Pretax Income": 15659000.0,
        "Other Income Expense": 10748000.0,
        "Other Non Operating Income Expenses": 10761000.0,
        "Special Income Charges": -13000.0,
        "Restructuring And Mergern Acquisition": 13000.0,
        "Net Non Operating Interest Income Expense": -5039000.0,
        "Interest Expense Non Operating": 5039000.0,
        "Operating Income": 9950000.0,
        "Operating Expense": 78654000.0,
        "Depreciation Amortization Depletion Income Statement": 12958000.0,
        "Depreciation And Amortization In Income Statement": 12958000.0,
        "Amortization": NaN,
        "Amortization Of Intangibles Income Statement": NaN,
        "Depreciation Income Statement": NaN,
        "Selling General And Administration": 65696000.0,
        "Gross Profit": 88604000.0,
        "Cost Of Revenue": 136284000.0,
        "Total Revenue": 224888000.0,
        "Operating Revenue": 224888000.0
    }
}