{
    "2023-04-30": {
        "Tax Effect Of Unusual Items": NaN,
        "Tax Rate For Calcs": NaN,
        "Normalized EBITDA": NaN,
        "Total Unusual Items": NaN,
        "Total Unusual Items Excluding Goodwill": NaN,
        "Net Income From Continuing Operation Net Minority Interest": NaN,
        "Reconciled Depreciation": NaN,
        "Reconciled Cost Of Revenue": NaN,
        "EBITDA": NaN,
        "EBIT": NaN,
        "Net Interest Income": NaN,
        "Interest Expense": NaN,
        "Normalized Income": NaN,
        "Net Income From Continuing And Discontinued Operation": NaN,
        "Total Expenses": NaN,
        "Total Operating Income As Reported": NaN,
        "Diluted Average Shares": 36818182.0,
        "Basic Average Shares": 35217391.0,
        "Diluted EPS": 0.22,
        "Basic EPS": 0.23,
        "Diluted NI Availto Com Stockholders": NaN,
        "Net Income Common Stockholders": NaN,
        "Net Income": NaN,
        "Minority Interests": NaN,
        "Net Income Including Noncontrolling Interests": NaN,
        "Net Income Continuous Operations": NaN,
        "Tax Provision": NaN,
        "Pretax Income": NaN,
        "Other Income Expense": 700000.0,
        "Other Non Operating Income Expenses": 700000.0,
        "Special Income Charges": NaN,
        "Impairment Of Capital Assets": NaN,
        "Net Non Operating Interest Income Expense": NaN,
        "Interest Expense Non Operating": NaN,
        "Operating Income": NaN,
        "Operating Expense": NaN,
        "Depreciation Amortization Depletion Income Statement": NaN,
        "Depreciation And Amortization In Income Statement": NaN,
        "Amortization": NaN,
        "Amortization Of Intangibles Income Statement": NaN,
        "Selling General And Administration": NaN,
        "Gross Profit": NaN,
        "Cost Of Revenue": NaN,
        "Total Revenue": NaN,
        "Operating Revenue": NaN
    },
    "2023-01-31": {
        "Tax Effect Of Unusual Items": NaN,
        "Tax Rate For Calcs": NaN,
        "Normalized EBITDA": NaN,
        "Total Unusual Items": 0.0,
        "Total Unusual Items Excluding Goodwill": 0.0,
        "Net Income From Continuing Operation Net Minority Interest": NaN,
        "Reconciled Depreciation": NaN,
        "Reconciled Cost Of Revenue": NaN,
        "EBITDA": NaN,
        "EBIT": NaN,
        "Net Interest Income": NaN,
        "Interest Expense": NaN,
        "Normalized Income": NaN,
        "Net Income From Continuing And Discontinued Operation": NaN,
        "Total Expenses": NaN,
        "Total Operating Income As Reported": NaN,
        "Diluted Average Shares": NaN,
        "Basic Average Shares": NaN,
        "Diluted EPS": NaN,
        "Basic EPS": NaN,
        "Diluted NI Availto Com Stockholders": NaN,
        "Net Income Common Stockholders": NaN,
        "Net Income": NaN,
        "Minority Interests": 0.0,
        "Net Income Including Noncontrolling Interests": NaN,
        "Net Income Continuous Operations": NaN,
        "Tax Provision": NaN,
        "Pretax Income": NaN,
        "Other Income Expense": NaN,
        "Other Non Operating Income Expenses": NaN,
        "Special Income Charges": 0.0,
        "Impairment Of Capital Assets": 0.0,
        "Net Non Operating Interest Income Expense": NaN,
        "Interest Expense Non Operating": NaN,
        "Operating Income": NaN,
        "Operating Expense": NaN,
        "Depreciation Amortization Depletion Income Statement": NaN,
        "Depreciation And Amortization In Income Statement": NaN,
        "Amortization": NaN,
        "Amortization Of Intangibles Income Statement": NaN,
        "Selling General And Administration": NaN,
        "Gross Profit": NaN,
        "Cost Of Revenue": NaN,
        "Total Revenue": NaN,
        "Operating Revenue": NaN
    },
    "2022-10-31": {
        "Tax Effect Of Unusual Items": NaN,
        "Tax Rate For Calcs": NaN,
        "Normalized EBITDA": NaN,
        "Total Unusual Items": 0.0,
        "Total Unusual Items Excluding Goodwill": 0.0,
        "Net Income From Continuing Operation Net Minority Interest": NaN,
        "Reconciled Depreciation": NaN,
        "Reconciled Cost Of Revenue": NaN,
        "EBITDA": NaN,
        "EBIT": NaN,
        "Net Interest Income": NaN,
        "Interest Expense": NaN,
        "Normalized Income": NaN,
        "Net Income From Continuing And Discontinued Operation": NaN,
        "Total Expenses": NaN,
        "Total Operating Income As Reported": NaN,
        "Diluted Average Shares": NaN,
        "Basic Average Shares": NaN,
        "Diluted EPS": NaN,
        "Basic EPS": NaN,
        "Diluted NI Availto Com Stockholders": NaN,
        "Net Income Common Stockholders": NaN,
        "Net Income": NaN,
        "Minority Interests": NaN,
        "Net Income Including Noncontrolling Interests": NaN,
        "Net Income Continuous Operations": NaN,
        "Tax Provision": NaN,
        "Pretax Income": NaN,
        "Other Income Expense": NaN,
        "Other Non Operating Income Expenses": NaN,
        "Special Income Charges": 0.0,
        "Impairment Of Capital Assets": 0.0,
        "Net Non Operating Interest Income Expense": NaN,
        "Interest Expense Non Operating": NaN,
        "Operating Income": NaN,
        "Operating Expense": NaN,
        "Depreciation Amortization Depletion Income Statement": NaN,
        "Depreciation And Amortization In Income Statement": NaN,
        "Amortization": NaN,
        "Amortization Of Intangibles Income Statement": NaN,
        "Selling General And Administration": NaN,
        "Gross Profit": NaN,
        "Cost Of Revenue": NaN,
        "Total Revenue": NaN,
        "Operating Revenue": NaN
    },
    "2022-07-31": {
        "Tax Effect Of Unusual Items": 0.0,
        "Tax Rate For Calcs": 0.17,
        "Normalized EBITDA": 38200000.0,
        "Net Income From Continuing Operation Net Minority Interest": 21500000.0,
        "Reconciled Depreciation": 12300000.0,
        "Reconciled Cost Of Revenue": 213000000.0,
        "EBITDA": 38200000.0,
        "EBIT": 25900000.0,
        "Net Interest Income": 0.0,
        "Interest Expense": 0.0,
        "Normalized Income": 21500000.0,
        "Net Income From Continuing And Discontinued Operation": 21500000.0,
        "Total Expenses": 260600000.0,
        "Total Operating Income As Reported": 21800000.0,
        "Diluted Average Shares": 37215800.0,
        "Basic Average Shares": 36565975.0,
        "Diluted EPS": 0.58,
        "Basic EPS": 0.59,
        "Diluted NI Availto Com Stockholders": 21500000.0,
        "Net Income Common Stockholders": 21500000.0,
        "Net Income": 21500000.0,
        "Minority Interests": NaN,
        "Net Income Including Noncontrolling Interests": 21500000.0,
        "Net Income Continuous Operations": 21500000.0,
        "Tax Provision": 4400000.0,
        "Pretax Income": 25900000.0,
        "Other Income Expense": 4100000.0,
        "Other Non Operating Income Expenses": 4100000.0,
        "Net Non Operating Interest Income Expense": 0.0,
        "Interest Expense Non Operating": 0.0,
        "Operating Income": 21800000.0,
        "Operating Expense": 40000000.0,
        "Depreciation Amortization Depletion Income Statement": 4700000.0,
        "Depreciation And Amortization In Income Statement": 4700000.0,
        "Amortization": 4700000.0,
        "Amortization Of Intangibles Income Statement": 4700000.0,
        "Selling General And Administration": 35300000.0,
        "Gross Profit": 61800000.0,
        "Cost Of Revenue": 220600000.0,
        "Total Revenue": 282400000.0,
        "Operating Revenue": 282400000.0
    },
    "2022-04-30": {
        "Diluted EPS": 0.44,
        "Total Revenue": 289,
        "Gross Profit": 55,
        "Operating Income": 15,
        "EBIT": 28,
        "Net Income": 16
    },
    "2022-01-31": {
        "Diluted EPS": 0.78,
        "Total Revenue": 292,
        "Gross Profit": 69,
        "Operating Income": 30,
        "EBIT": 44,
        "Net Income": 29
    },
    "2021-10-31": {
        "Diluted EPS": 0.72,
        "Total Revenue": 296,
        "Gross Profit": 69,
        "Operating Income": 33,
        "EBIT": 47,
        "Net Income": 28
    },
    "2021-07-31": {
        "Diluted EPS": 0.76,
        "Total Revenue": 288,
        "Gross Profit": 72,
        "Operating Income": 34,
        "EBIT": 47,
        "Net Income": 29
    },
    "2021-04-30": {
        "Diluted EPS": 0.81,
        "Total Revenue": 301,
        "Gross Profit": 76,
        "Operating Income": 34,
        "EBIT": 47,
        "Net Income": 31
    },
    "2021-01-31": {
        "Diluted EPS": 0.83,
        "Total Revenue": 295,
        "Gross Profit": 73,
        "Operating Income": 35,
        "EBIT": 49,
        "Net Income": 32
    },
    "2020-10-31": {
        "Diluted EPS": 1.01,
        "Total Revenue": 301,
        "Gross Profit": 81,
        "Operating Income": 45,
        "EBIT": 58,
        "Net Income": 39
    },
    "2020-07-31": {
        "Diluted EPS": 0.54,
        "Total Revenue": 191,
        "Gross Profit": 45,
        "Operating Income": 14,
        "EBIT": 26,
        "Net Income": 21
    },
    "2020-04-30": {
        "Diluted EPS": 0.79,
        "Total Revenue": 211,
        "Gross Profit": 59,
        "Operating Income": 36,
        "EBIT": 49,
        "Net Income": 30
    },
    "2020-01-31": {
        "Diluted EPS": 1.09,
        "Total Revenue": 286,
        "Gross Profit": 79,
        "Operating Income": 42,
        "EBIT": 54,
        "Net Income": 41
    },
    "2019-10-31": {
        "Diluted EPS": 0.63,
        "Total Revenue": 257,
        "Gross Profit": 69,
        "Operating Income": 31,
        "EBIT": 43,
        "Net Income": 24
    },
    "2019-07-31": {
        "Diluted EPS": 0.75,
        "Total Revenue": 270,
        "Gross Profit": 76,
        "Operating Income": 39,
        "EBIT": 51,
        "Net Income": 28
    },
    "2019-04-30": {
        "Diluted EPS": 0.59,
        "Total Revenue": 266,
        "Gross Profit": 71,
        "Operating Income": 33,
        "EBIT": 46,
        "Net Income": 23
    },
    "2019-01-31": {
        "Diluted EPS": 0.82,
        "Total Revenue": 247,
        "Gross Profit": 64,
        "Operating Income": 26,
        "EBIT": 38,
        "Net Income": 31
    },
    "2018-10-31": {
        "Diluted EPS": 0.39,
        "Total Revenue": 264,
        "Gross Profit": 71,
        "Operating Income": 19,
        "EBIT": 29,
        "Net Income": 15
    },
    "2018-07-31": {
        "Diluted EPS": 0.63,
        "Total Revenue": 223,
        "Gross Profit": 60,
        "Operating Income": 29,
        "EBIT": 37,
        "Net Income": 24
    },
    "2018-04-30": {
        "Diluted EPS": 0.98,
        "Total Revenue": 249,
        "Gross Profit": 62,
        "Operating Income": 28,
        "EBIT": 36,
        "Net Income": 37
    },
    "2018-01-31": {
        "Diluted EPS": -0.65,
        "Total Revenue": 228,
        "Gross Profit": 60,
        "Operating Income": 36,
        "EBIT": 43,
        "Net Income": -24
    },
    "2017-10-31": {
        "Diluted EPS": 0.64,
        "Total Revenue": 230,
        "Gross Profit": 62,
        "Operating Income": 30,
        "EBIT": 37,
        "Net Income": 24
    },
    "2017-07-31": {
        "Diluted EPS": 0.55,
        "Total Revenue": 201,
        "Gross Profit": 56,
        "Operating Income": 25,
        "EBIT": 31,
        "Net Income": 21
    },
    "2017-04-30": {
        "Diluted EPS": 0.62,
        "Total Revenue": 220,
        "Gross Profit": 55,
        "Operating Income": 26,
        "EBIT": 33,
        "Net Income": 23
    },
    "2017-01-31": {
        "Diluted EPS": 0.63,
        "Total Revenue": 196,
        "Gross Profit": 53,
        "Operating Income": 29,
        "EBIT": 35,
        "Net Income": 24
    },
    "2016-10-31": {
        "Diluted EPS": 0.66,
        "Total Revenue": 209,
        "Gross Profit": 56,
        "Operating Income": 29,
        "EBIT": 35,
        "Net Income": 25
    },
    "2016-07-31": {
        "Diluted EPS": 0.57,
        "Total Revenue": 192,
        "Gross Profit": 54,
        "Operating Income": 27,
        "EBIT": 33,
        "Net Income": 21
    },
    "2016-04-30": {
        "Diluted EPS": 0.61,
        "Total Revenue": 213,
        "Gross Profit": 61,
        "Operating Income": 31,
        "EBIT": 33,
        "Net Income": 23
    },
    "2016-01-31": {
        "Diluted EPS": 0.45,
        "Total Revenue": 185,
        "Gross Profit": 48,
        "Operating Income": 22,
        "EBIT": 30,
        "Net Income": 17
    },
    "2015-10-31": {
        "Diluted EPS": 0.54,
        "Total Revenue": 208,
        "Gross Profit": 51,
        "Operating Income": 26,
        "EBIT": 34,
        "Net Income": 21
    },
    "2015-07-31": {
        "Diluted EPS": 0.6,
        "Total Revenue": 203,
        "Gross Profit": 54,
        "Operating Income": 30,
        "EBIT": 37,
        "Net Income": 24
    },
    "2015-04-30": {
        "Diluted EPS": 0.68,
        "Total Revenue": 227,
        "Gross Profit": 52,
        "Operating Income": 14,
        "EBIT": 28,
        "Net Income": 27
    },
    "2015-01-31": {
        "Diluted EPS": 0.68,
        "Total Revenue": 206,
        "Gross Profit": 56,
        "Operating Income": 35,
        "EBIT": 42,
        "Net Income": 27
    },
    "2014-10-31": {
        "Diluted EPS": 0.66,
        "Total Revenue": 230,
        "Gross Profit": 60,
        "Operating Income": 35,
        "EBIT": 42,
        "Net Income": 26
    },
    "2014-07-31": {
        "Diluted EPS": 0.55,
        "Total Revenue": 218,
        "Gross Profit": 51,
        "Operating Income": 28,
        "EBIT": 35,
        "Net Income": 21
    },
    "2014-04-30": {
        "Diluted EPS": 1.26,
        "Total Revenue": 225,
        "Gross Profit": 43,
        "Operating Income": 20,
        "EBIT": 26,
        "Net Income": 48
    },
    "2014-01-31": {
        "Diluted EPS": 0.38,
        "Total Revenue": 190,
        "Gross Profit": 39,
        "Operating Income": 16,
        "EBIT": 23,
        "Net Income": 15
    },
    "2013-10-31": {
        "Diluted EPS": 0.51,
        "Total Revenue": 191,
        "Gross Profit": 41,
        "Operating Income": 22,
        "EBIT": 28,
        "Net Income": 20
    },
    "2013-07-31": {
        "Diluted EPS": 0.36,
        "Total Revenue": 167,
        "Gross Profit": 34,
        "Operating Income": 15,
        "EBIT": 22,
        "Net Income": 14
    },
    "2013-04-30": {
        "Diluted EPS": 0.27,
        "Total Revenue": 148,
        "Gross Profit": 28,
        "Operating Income": 4,
        "EBIT": 7,
        "Net Income": 10
    },
    "2013-01-31": {
        "Diluted EPS": 0.09,
        "Total Revenue": 123,
        "Gross Profit": 20,
        "Operating Income": 4,
        "EBIT": 9,
        "Net Income": 3
    },
    "2012-10-31": {
        "Diluted EPS": 0.62,
        "Total Revenue": 130,
        "Gross Profit": 22,
        "Operating Income": 27,
        "EBIT": 32,
        "Net Income": 23
    },
    "2012-07-31": {
        "Diluted EPS": 0.1,
        "Total Revenue": 119,
        "Gross Profit": 21,
        "Operating Income": 4,
        "EBIT": 9,
        "Net Income": 4
    },
    "2012-04-30": {
        "Diluted EPS": 0.15,
        "Total Revenue": 126,
        "Gross Profit": 23,
        "Operating Income": 5,
        "EBIT": 6,
        "Net Income": 6
    },
    "2012-01-31": {
        "Diluted EPS": 0.02,
        "Total Revenue": 112,
        "Gross Profit": 19,
        "Operating Income": 2,
        "EBIT": 8,
        "Net Income": 1
    },
    "2011-10-31": {
        "Diluted EPS": 0.01,
        "Total Revenue": 116,
        "Gross Profit": 21,
        "Operating Income": 3,
        "EBIT": 8,
        "Net Income": 0
    },
    "2011-07-31": {
        "Diluted EPS": 0.04,
        "Total Revenue": 111,
        "Gross Profit": 20,
        "Operating Income": 1,
        "EBIT": 6,
        "Net Income": 1
    },
    "2011-04-30": {
        "Diluted EPS": 0.26,
        "Total Revenue": 119,
        "Gross Profit": 27,
        "Operating Income": 6,
        "EBIT": 8,
        "Net Income": 10
    },
    "2011-01-31": {
        "Diluted EPS": 0.16,
        "Total Revenue": 102,
        "Gross Profit": 19,
        "Operating Income": 4,
        "EBIT": 9,
        "Net Income": 6
    },
    "2010-10-31": {
        "Diluted EPS": -0.01,
        "Total Revenue": 108,
        "Gross Profit": 24,
        "Operating Income": 2,
        "EBIT": 6,
        "Net Income": -1
    },
    "2010-07-31": {
        "Diluted EPS": 0.11,
        "Total Revenue": 99,
        "Gross Profit": 19,
        "Operating Income": 4,
        "EBIT": 8,
        "Net Income": 4
    },
    "2010-04-30": {
        "Diluted EPS": 0.43,
        "Total Revenue": 97,
        "Gross Profit": 23,
        "Operating Income": 7,
        "EBIT": 10,
        "Net Income": 16
    },
    "2010-01-31": {
        "Diluted EPS": -0.12,
        "Total Revenue": 90,
        "Gross Profit": 15,
        "Operating Income": -2,
        "EBIT": 2,
        "Net Income": -4
    },
    "2009-10-31": {
        "Diluted EPS": 0.06,
        "Total Revenue": 100,
        "Gross Profit": 22,
        "Operating Income": 2,
        "EBIT": 8,
        "Net Income": 2
    },
    "2009-07-31": {
        "Diluted EPS": -0.0,
        "Total Revenue": 91,
        "Gross Profit": 20,
        "Operating Income": 1,
        "EBIT": 7,
        "Net Income": 0
    },
    "2009-04-30": {
        "Diluted EPS": -2.5,
        "Total Revenue": 90,
        "Gross Profit": 7,
        "Operating Income": -79,
        "EBIT": -7,
        "Net Income": -93
    },
    "2009-01-31": {
        "Diluted EPS": -0.74,
        "Total Revenue": 82,
        "Gross Profit": 11,
        "Operating Income": -40,
        "EBIT": 1,
        "Net Income": -27
    },
    "2023-07-31": {
        "Tax Effect Of Unusual Items": NaN,
        "Tax Rate For Calcs": NaN,
        "Normalized EBITDA": NaN,
        "Total Unusual Items": NaN,
        "Total Unusual Items Excluding Goodwill": NaN,
        "Net Income From Continuing Operation Net Minority Interest": NaN,
        "Reconciled Depreciation": NaN,
        "Reconciled Cost Of Revenue": NaN,
        "EBITDA": NaN,
        "EBIT": NaN,
        "Net Interest Income": NaN,
        "Interest Expense": NaN,
        "Normalized Income": NaN,
        "Net Income From Continuing And Discontinued Operation": NaN,
        "Total Expenses": NaN,
        "Total Operating Income As Reported": NaN,
        "Diluted Average Shares": NaN,
        "Basic Average Shares": NaN,
        "Diluted EPS": NaN,
        "Basic EPS": NaN,
        "Diluted NI Availto Com Stockholders": NaN,
        "Net Income Common Stockholders": NaN,
        "Net Income": NaN,
        "Minority Interests": 0.0,
        "Net Income Including Noncontrolling Interests": NaN,
        "Net Income Continuous Operations": NaN,
        "Tax Provision": NaN,
        "Pretax Income": NaN,
        "Other Income Expense": NaN,
        "Other Non Operating Income Expenses": NaN,
        "Special Income Charges": NaN,
        "Impairment Of Capital Assets": NaN,
        "Net Non Operating Interest Income Expense": NaN,
        "Interest Expense Non Operating": NaN,
        "Operating Income": NaN,
        "Operating Expense": NaN,
        "Depreciation Amortization Depletion Income Statement": NaN,
        "Depreciation And Amortization In Income Statement": NaN,
        "Amortization": NaN,
        "Amortization Of Intangibles Income Statement": NaN,
        "Selling General And Administration": NaN,
        "Gross Profit": NaN,
        "Cost Of Revenue": NaN,
        "Total Revenue": NaN,
        "Operating Revenue": NaN
    },
    "2023-10-31": {
        "Tax Effect Of Unusual Items": NaN,
        "Tax Rate For Calcs": NaN,
        "Normalized EBITDA": NaN,
        "Total Unusual Items": NaN,
        "Total Unusual Items Excluding Goodwill": NaN,
        "Net Income From Continuing Operation Net Minority Interest": NaN,
        "Reconciled Depreciation": NaN,
        "Reconciled Cost Of Revenue": NaN,
        "EBITDA": NaN,
        "EBIT": NaN,
        "Net Interest Income": NaN,
        "Interest Expense": NaN,
        "Normalized Income": NaN,
        "Net Income From Continuing And Discontinued Operation": NaN,
        "Total Expenses": NaN,
        "Total Operating Income As Reported": NaN,
        "Diluted Average Shares": NaN,
        "Basic Average Shares": NaN,
        "Diluted EPS": NaN,
        "Basic EPS": NaN,
        "Diluted NI Availto Com Stockholders": NaN,
        "Net Income Common Stockholders": NaN,
        "Net Income": NaN,
        "Minority Interests": 0.0,
        "Net Income Including Noncontrolling Interests": NaN,
        "Net Income Continuous Operations": NaN,
        "Tax Provision": NaN,
        "Pretax Income": NaN,
        "Other Income Expense": NaN,
        "Other Non Operating Income Expenses": NaN,
        "Special Income Charges": NaN,
        "Impairment Of Capital Assets": NaN,
        "Net Non Operating Interest Income Expense": NaN,
        "Interest Expense Non Operating": NaN,
        "Operating Income": NaN,
        "Operating Expense": NaN,
        "Depreciation Amortization Depletion Income Statement": NaN,
        "Depreciation And Amortization In Income Statement": NaN,
        "Amortization": NaN,
        "Amortization Of Intangibles Income Statement": NaN,
        "Selling General And Administration": NaN,
        "Gross Profit": NaN,
        "Cost Of Revenue": NaN,
        "Total Revenue": NaN,
        "Operating Revenue": NaN
    },
    "2024-01-31": {
        "Tax Effect Of Unusual Items": NaN,
        "Tax Rate For Calcs": NaN,
        "Normalized EBITDA": NaN,
        "Total Unusual Items": NaN,
        "Total Unusual Items Excluding Goodwill": NaN,
        "Net Income From Continuing Operation Net Minority Interest": NaN,
        "Reconciled Depreciation": NaN,
        "Reconciled Cost Of Revenue": NaN,
        "EBITDA": NaN,
        "EBIT": NaN,
        "Net Interest Income": NaN,
        "Interest Expense": NaN,
        "Normalized Income": NaN,
        "Net Income From Continuing And Discontinued Operation": NaN,
        "Total Expenses": NaN,
        "Total Operating Income As Reported": NaN,
        "Diluted Average Shares": NaN,
        "Basic Average Shares": NaN,
        "Diluted EPS": NaN,
        "Basic EPS": NaN,
        "Diluted NI Availto Com Stockholders": NaN,
        "Net Income Common Stockholders": NaN,
        "Net Income": NaN,
        "Minority Interests": 0.0,
        "Net Income Including Noncontrolling Interests": NaN,
        "Net Income Continuous Operations": NaN,
        "Tax Provision": NaN,
        "Pretax Income": NaN,
        "Other Income Expense": NaN,
        "Other Non Operating Income Expenses": NaN,
        "Special Income Charges": NaN,
        "Impairment Of Capital Assets": 0.0,
        "Net Non Operating Interest Income Expense": NaN,
        "Interest Expense Non Operating": NaN,
        "Operating Income": NaN,
        "Operating Expense": NaN,
        "Depreciation Amortization Depletion Income Statement": NaN,
        "Depreciation And Amortization In Income Statement": NaN,
        "Amortization": NaN,
        "Amortization Of Intangibles Income Statement": NaN,
        "Selling General And Administration": NaN,
        "Gross Profit": NaN,
        "Cost Of Revenue": NaN,
        "Total Revenue": NaN,
        "Operating Revenue": NaN
    },
    "2024-04-30": {
        "Tax Effect Of Unusual Items": NaN,
        "Tax Rate For Calcs": NaN,
        "Normalized EBITDA": NaN,
        "Total Unusual Items": NaN,
        "Total Unusual Items Excluding Goodwill": NaN,
        "Net Income From Continuing Operation Net Minority Interest": NaN,
        "Reconciled Depreciation": NaN,
        "Reconciled Cost Of Revenue": NaN,
        "EBITDA": NaN,
        "EBIT": NaN,
        "Net Interest Income": NaN,
        "Interest Expense": NaN,
        "Normalized Income": NaN,
        "Net Income From Continuing And Discontinued Operation": NaN,
        "Total Expenses": NaN,
        "Total Operating Income As Reported": NaN,
        "Diluted Average Shares": 35153374.0,
        "Basic Average Shares": 35153374.0,
        "Diluted EPS": -1.63,
        "Basic EPS": -1.63,
        "Diluted NI Availto Com Stockholders": NaN,
        "Net Income Common Stockholders": NaN,
        "Net Income": NaN,
        "Minority Interests": 0.0,
        "Net Income Including Noncontrolling Interests": NaN,
        "Net Income Continuous Operations": NaN,
        "Tax Provision": NaN,
        "Pretax Income": NaN,
        "Other Income Expense": NaN,
        "Other Non Operating Income Expenses": NaN,
        "Special Income Charges": NaN,
        "Impairment Of Capital Assets": 49400000.0,
        "Net Non Operating Interest Income Expense": NaN,
        "Interest Expense Non Operating": NaN,
        "Operating Income": NaN,
        "Operating Expense": NaN,
        "Depreciation Amortization Depletion Income Statement": NaN,
        "Depreciation And Amortization In Income Statement": NaN,
        "Amortization": NaN,
        "Amortization Of Intangibles Income Statement": NaN,
        "Selling General And Administration": NaN,
        "Gross Profit": NaN,
        "Cost Of Revenue": NaN,
        "Total Revenue": NaN,
        "Operating Revenue": NaN
    },
    "2024-07-31": {
        "Tax Effect Of Unusual Items": -63000.0,
        "Tax Rate For Calcs": 0.21,
        "Normalized EBITDA": 6100000.0,
        "Total Unusual Items": -300000.0,
        "Total Unusual Items Excluding Goodwill": -300000.0,
        "Net Income From Continuing Operation Net Minority Interest": -18300000.0,
        "Reconciled Depreciation": 14100000.0,
        "Reconciled Cost Of Revenue": 205700000.0,
        "EBITDA": 5800000.0,
        "EBIT": -8300000.0,
        "Net Interest Income": -4800000.0,
        "Interest Expense": 4800000.0,
        "Normalized Income": -18063000.0,
        "Net Income From Continuing And Discontinued Operation": -18300000.0,
        "Total Expenses": 265700000.0,
        "Total Operating Income As Reported": -7500000.0,
        "Diluted Average Shares": 35423886.0,
        "Basic Average Shares": 35423886.0,
        "Diluted EPS": -0.52,
        "Basic EPS": -0.52,
        "Diluted NI Availto Com Stockholders": -18300000.0,
        "Net Income Common Stockholders": -18300000.0,
        "Net Income": -18300000.0,
        "Minority Interests": NaN,
        "Net Income Including Noncontrolling Interests": -18300000.0,
        "Net Income Continuous Operations": -18300000.0,
        "Tax Provision": 5200000.0,
        "Pretax Income": -13100000.0,
        "Other Income Expense": -1100000.0,
        "Other Non Operating Income Expenses": -800000.0,
        "Special Income Charges": -300000.0,
        "Impairment Of Capital Assets": NaN,
        "Net Non Operating Interest Income Expense": -4800000.0,
        "Interest Expense Non Operating": 4800000.0,
        "Operating Income": -7200000.0,
        "Operating Expense": 51800000.0,
        "Depreciation Amortization Depletion Income Statement": 5900000.0,
        "Depreciation And Amortization In Income Statement": 5900000.0,
        "Amortization": 5900000.0,
        "Amortization Of Intangibles Income Statement": 5900000.0,
        "Selling General And Administration": 45900000.0,
        "Gross Profit": 44600000.0,
        "Cost Of Revenue": 213900000.0,
        "Total Revenue": 258500000.0,
        "Operating Revenue": 258500000.0
    },
    "2024-10-31": {
        "Tax Effect Of Unusual Items": 0.0,
        "Tax Rate For Calcs": 0.21,
        "Normalized EBITDA": 22100000.0,
        "Total Unusual Items": 0.0,
        "Total Unusual Items Excluding Goodwill": 0.0,
        "Net Income From Continuing Operation Net Minority Interest": -1600000.0,
        "Reconciled Depreciation": 14300000.0,
        "Reconciled Cost Of Revenue": 226300000.0,
        "EBITDA": 22100000.0,
        "EBIT": 7800000.0,
        "Net Interest Income": -6200000.0,
        "Interest Expense": 6200000.0,
        "Normalized Income": -1600000.0,
        "Net Income From Continuing And Discontinued Operation": -1600000.0,
        "Total Expenses": 283200000.0,
        "Total Operating Income As Reported": 9400000.0,
        "Diluted Average Shares": 35494664.0,
        "Basic Average Shares": 35494664.0,
        "Diluted EPS": -0.05,
        "Basic EPS": -0.05,
        "Diluted NI Availto Com Stockholders": -1600000.0,
        "Net Income Common Stockholders": -1600000.0,
        "Net Income": -1600000.0,
        "Minority Interests": NaN,
        "Net Income Including Noncontrolling Interests": -1600000.0,
        "Net Income Continuous Operations": -1600000.0,
        "Tax Provision": 3200000.0,
        "Pretax Income": 1600000.0,
        "Other Income Expense": -1600000.0,
        "Other Non Operating Income Expenses": -1600000.0,
        "Special Income Charges": 0.0,
        "Impairment Of Capital Assets": 0.0,
        "Net Non Operating Interest Income Expense": -6200000.0,
        "Interest Expense Non Operating": 6200000.0,
        "Operating Income": 9400000.0,
        "Operating Expense": 48500000.0,
        "Depreciation Amortization Depletion Income Statement": 5900000.0,
        "Depreciation And Amortization In Income Statement": 5900000.0,
        "Amortization": 5900000.0,
        "Amortization Of Intangibles Income Statement": 5900000.0,
        "Selling General And Administration": 42600000.0,
        "Gross Profit": 57900000.0,
        "Cost Of Revenue": 234700000.0,
        "Total Revenue": 292600000.0,
        "Operating Revenue": 292600000.0
    },
    "2025-01-31": {
        "Tax Effect Of Unusual Items": 0.0,
        "Tax Rate For Calcs": 0.21,
        "Normalized EBITDA": 11400000.0,
        "Total Unusual Items": 0.0,
        "Total Unusual Items Excluding Goodwill": 0.0,
        "Net Income From Continuing Operation Net Minority Interest": -14400000.0,
        "Reconciled Depreciation": 14100000.0,
        "Reconciled Cost Of Revenue": 190300000.0,
        "EBITDA": 11400000.0,
        "EBIT": -2700000.0,
        "Net Interest Income": -5500000.0,
        "Interest Expense": 5500000.0,
        "Normalized Income": -14400000.0,
        "Net Income From Continuing And Discontinued Operation": -14400000.0,
        "Total Expenses": 242100000.0,
        "Total Operating Income As Reported": -2200000.0,
        "Diluted Average Shares": 35182166.0,
        "Basic Average Shares": 35182166.0,
        "Diluted EPS": -0.41,
        "Basic EPS": -0.41,
        "Diluted NI Availto Com Stockholders": -14400000.0,
        "Net Income Common Stockholders": -14400000.0,
        "Net Income": -14400000.0,
        "Minority Interests": NaN,
        "Net Income Including Noncontrolling Interests": -14400000.0,
        "Net Income Continuous Operations": -14400000.0,
        "Tax Provision": 6200000.0,
        "Pretax Income": -8200000.0,
        "Other Income Expense": -500000.0,
        "Other Non Operating Income Expenses": -500000.0,
        "Special Income Charges": 0.0,
        "Impairment Of Capital Assets": 0.0,
        "Net Non Operating Interest Income Expense": -5500000.0,
        "Interest Expense Non Operating": 5500000.0,
        "Operating Income": -2200000.0,
        "Operating Expense": 43500000.0,
        "Depreciation Amortization Depletion Income Statement": 5800000.0,
        "Depreciation And Amortization In Income Statement": 5800000.0,
        "Amortization": 5800000.0,
        "Amortization Of Intangibles Income Statement": 5800000.0,
        "Selling General And Administration": 37700000.0,
        "Gross Profit": 41300000.0,
        "Cost Of Revenue": 198600000.0,
        "Total Revenue": 239900000.0,
        "Operating Revenue": 239900000.0
    },
    "2025-04-30": {
        "Tax Effect Of Unusual Items": 0.0,
        "Tax Rate For Calcs": 0.069079,
        "Normalized EBITDA": -8900000.0,
        "Total Unusual Items": 0.0,
        "Total Unusual Items Excluding Goodwill": 0.0,
        "Net Income From Continuing Operation Net Minority Interest": -28300000.0,
        "Reconciled Depreciation": 16000000.0,
        "Reconciled Cost Of Revenue": 227300000.0,
        "EBITDA": -8900000.0,
        "EBIT": -24900000.0,
        "Net Interest Income": -5500000.0,
        "Interest Expense": 5500000.0,
        "Normalized Income": -28300000.0,
        "Net Income From Continuing And Discontinued Operation": -28300000.0,
        "Total Expenses": 280700000.0,
        "Total Operating Income As Reported": -23600000.0,
        "Diluted Average Shares": NaN,
        "Basic Average Shares": NaN,
        "Diluted EPS": NaN,
        "Basic EPS": NaN,
        "Diluted NI Availto Com Stockholders": -28300000.0,
        "Net Income Common Stockholders": -28300000.0,
        "Net Income": -28300000.0,
        "Minority Interests": NaN,
        "Net Income Including Noncontrolling Interests": -28300000.0,
        "Net Income Continuous Operations": -28300000.0,
        "Tax Provision": -2100000.0,
        "Pretax Income": -30400000.0,
        "Other Income Expense": -1300000.0,
        "Other Non Operating Income Expenses": -1300000.0,
        "Special Income Charges": 0.0,
        "Impairment Of Capital Assets": 0.0,
        "Net Non Operating Interest Income Expense": -5500000.0,
        "Interest Expense Non Operating": 5500000.0,
        "Operating Income": -23600000.0,
        "Operating Expense": 43200000.0,
        "Depreciation Amortization Depletion Income Statement": 5800000.0,
        "Depreciation And Amortization In Income Statement": 5800000.0,
        "Amortization": 5800000.0,
        "Amortization Of Intangibles Income Statement": 5800000.0,
        "Selling General And Administration": 37400000.0,
        "Gross Profit": 19600000.0,
        "Cost Of Revenue": 237500000.0,
        "Total Revenue": 257100000.0,
        "Operating Revenue": 257100000.0
    },
    "2025-07-31": {
        "Tax Effect Of Unusual Items": -189000.0,
        "Tax Rate For Calcs": 0.21,
        "Normalized EBITDA": 15600000.0,
        "Total Unusual Items": -900000.0,
        "Total Unusual Items Excluding Goodwill": -900000.0,
        "Net Income From Continuing Operation Net Minority Interest": -10300000.0,
        "Reconciled Depreciation": 14900000.0,
        "Reconciled Cost Of Revenue": 187900000.0,
        "EBITDA": 14700000.0,
        "EBIT": -200000.0,
        "Net Interest Income": -5900000.0,
        "Interest Expense": 5900000.0,
        "Normalized Income": -9589000.0,
        "Net Income From Continuing And Discontinued Operation": -10300000.0,
        "Total Expenses": 238500000.0,
        "Total Operating Income As Reported": 1100000.0,
        "Diluted Average Shares": 35372619.0,
        "Basic Average Shares": 35372619.0,
        "Diluted EPS": -0.29,
        "Basic EPS": -0.29,
        "Diluted NI Availto Com Stockholders": -10300000.0,
        "Net Income Common Stockholders": -10300000.0,
        "Net Income": -10300000.0,
        "Minority Interests": NaN,
        "Net Income Including Noncontrolling Interests": -10300000.0,
        "Net Income Continuous Operations": -10300000.0,
        "Tax Provision": 4200000.0,
        "Pretax Income": -6100000.0,
        "Other Income Expense": -2200000.0,
        "Other Non Operating Income Expenses": -1300000.0,
        "Special Income Charges": -900000.0,
        "Impairment Of Capital Assets": NaN,
        "Net Non Operating Interest Income Expense": -5900000.0,
        "Interest Expense Non Operating": 5900000.0,
        "Operating Income": 2000000.0,
        "Operating Expense": 41500000.0,
        "Depreciation Amortization Depletion Income Statement": 5800000.0,
        "Depreciation And Amortization In Income Statement": 5800000.0,
        "Amortization": 5800000.0,
        "Amortization Of Intangibles Income Statement": 5800000.0,
        "Selling General And Administration": 35700000.0,
        "Gross Profit": 43500000.0,
        "Cost Of Revenue": 197000000.0,
        "Total Revenue": 240500000.0,
        "Operating Revenue": 240500000.0
    }
}