{
    "2023-03-31": {
        "Tax Effect Of Unusual Items": NaN,
        "Tax Rate For Calcs": NaN,
        "Normalized EBITDA": NaN,
        "Total Unusual Items": 0.0,
        "Total Unusual Items Excluding Goodwill": 0.0,
        "Net Income From Continuing Operation Net Minority Interest": NaN,
        "Reconciled Depreciation": NaN,
        "Reconciled Cost Of Revenue": NaN,
        "EBITDA": NaN,
        "EBIT": NaN,
        "Net Interest Income": NaN,
        "Interest Expense": NaN,
        "Normalized Income": NaN,
        "Net Income From Continuing And Discontinued Operation": NaN,
        "Total Expenses": NaN,
        "Total Operating Income As Reported": NaN,
        "Diluted Average Shares": NaN,
        "Basic Average Shares": NaN,
        "Diluted EPS": NaN,
        "Basic EPS": NaN,
        "Diluted NI Availto Com Stockholders": NaN,
        "Net Income Common Stockholders": NaN,
        "Net Income": NaN,
        "Net Income Including Noncontrolling Interests": NaN,
        "Net Income Continuous Operations": NaN,
        "Tax Provision": NaN,
        "Pretax Income": NaN,
        "Other Income Expense": NaN,
        "Other Non Operating Income Expenses": 3234000.0,
        "Special Income Charges": 0.0,
        "Gain On Sale Of Business": 0.0,
        "Impairment Of Capital Assets": NaN,
        "Net Non Operating Interest Income Expense": NaN,
        "Interest Expense Non Operating": NaN,
        "Operating Income": NaN,
        "Operating Expense": NaN,
        "Selling General And Administration": NaN,
        "Gross Profit": NaN,
        "Cost Of Revenue": NaN,
        "Total Revenue": NaN,
        "Operating Revenue": NaN
    },
    "2022-12-31": {
        "Tax Effect Of Unusual Items": NaN,
        "Tax Rate For Calcs": NaN,
        "Normalized EBITDA": NaN,
        "Total Unusual Items": 18494000.0,
        "Total Unusual Items Excluding Goodwill": 18494000.0,
        "Net Income From Continuing Operation Net Minority Interest": NaN,
        "Reconciled Depreciation": NaN,
        "Reconciled Cost Of Revenue": NaN,
        "EBITDA": NaN,
        "EBIT": NaN,
        "Net Interest Income": NaN,
        "Interest Expense": NaN,
        "Normalized Income": NaN,
        "Net Income From Continuing And Discontinued Operation": NaN,
        "Total Expenses": NaN,
        "Total Operating Income As Reported": NaN,
        "Diluted Average Shares": NaN,
        "Basic Average Shares": NaN,
        "Diluted EPS": NaN,
        "Basic EPS": NaN,
        "Diluted NI Availto Com Stockholders": NaN,
        "Net Income Common Stockholders": NaN,
        "Net Income": NaN,
        "Net Income Including Noncontrolling Interests": NaN,
        "Net Income Continuous Operations": NaN,
        "Tax Provision": NaN,
        "Pretax Income": NaN,
        "Other Income Expense": NaN,
        "Other Non Operating Income Expenses": NaN,
        "Special Income Charges": 0.0,
        "Gain On Sale Of Business": NaN,
        "Impairment Of Capital Assets": NaN,
        "Net Non Operating Interest Income Expense": NaN,
        "Interest Expense Non Operating": NaN,
        "Operating Income": NaN,
        "Operating Expense": NaN,
        "Selling General And Administration": NaN,
        "Gross Profit": NaN,
        "Cost Of Revenue": NaN,
        "Total Revenue": NaN,
        "Operating Revenue": NaN
    },
    "2022-09-30": {
        "Tax Effect Of Unusual Items": NaN,
        "Tax Rate For Calcs": NaN,
        "Normalized EBITDA": NaN,
        "Total Unusual Items": 0.0,
        "Total Unusual Items Excluding Goodwill": 0.0,
        "Net Income From Continuing Operation Net Minority Interest": NaN,
        "Reconciled Depreciation": NaN,
        "Reconciled Cost Of Revenue": NaN,
        "EBITDA": NaN,
        "EBIT": NaN,
        "Net Interest Income": NaN,
        "Interest Expense": NaN,
        "Normalized Income": NaN,
        "Net Income From Continuing And Discontinued Operation": NaN,
        "Total Expenses": NaN,
        "Total Operating Income As Reported": NaN,
        "Diluted Average Shares": NaN,
        "Basic Average Shares": NaN,
        "Diluted EPS": NaN,
        "Basic EPS": NaN,
        "Diluted NI Availto Com Stockholders": NaN,
        "Net Income Common Stockholders": NaN,
        "Net Income": NaN,
        "Net Income Including Noncontrolling Interests": NaN,
        "Net Income Continuous Operations": NaN,
        "Tax Provision": NaN,
        "Pretax Income": NaN,
        "Other Income Expense": NaN,
        "Other Non Operating Income Expenses": NaN,
        "Special Income Charges": 0.0,
        "Gain On Sale Of Business": NaN,
        "Net Non Operating Interest Income Expense": NaN,
        "Interest Expense Non Operating": NaN,
        "Operating Income": NaN,
        "Operating Expense": NaN,
        "Selling General And Administration": NaN,
        "Gross Profit": NaN,
        "Cost Of Revenue": NaN,
        "Total Revenue": NaN,
        "Operating Revenue": NaN
    },
    "2022-06-30": {
        "Tax Effect Of Unusual Items": 0.0,
        "Tax Rate For Calcs": 0.32,
        "Normalized EBITDA": 153858000.0,
        "Total Unusual Items": 0.0,
        "Total Unusual Items Excluding Goodwill": 0.0,
        "Net Income From Continuing Operation Net Minority Interest": 71372000.0,
        "Reconciled Depreciation": 31028000.0,
        "Reconciled Cost Of Revenue": 434675000.0,
        "EBITDA": 153858000.0,
        "EBIT": 122830000.0,
        "Net Interest Income": -17332000.0,
        "Interest Expense": 17332000.0,
        "Normalized Income": 71372000.0,
        "Net Income From Continuing And Discontinued Operation": 71372000.0,
        "Total Expenses": 458295000.0,
        "Total Operating Income As Reported": 114031000.0,
        "Diluted Average Shares": 66588932.0,
        "Basic Average Shares": 66098975.0,
        "Diluted EPS": 1.07,
        "Basic EPS": 1.08,
        "Diluted NI Availto Com Stockholders": 71372000.0,
        "Net Income Common Stockholders": 71372000.0,
        "Net Income": 71372000.0,
        "Net Income Including Noncontrolling Interests": 71372000.0,
        "Net Income Continuous Operations": 71372000.0,
        "Tax Provision": 34126000.0,
        "Pretax Income": 105498000.0,
        "Other Income Expense": 8799000.0,
        "Other Non Operating Income Expenses": 8799000.0,
        "Special Income Charges": 0.0,
        "Net Non Operating Interest Income Expense": -17332000.0,
        "Interest Expense Non Operating": 17332000.0,
        "Operating Income": 114031000.0,
        "Operating Expense": 23620000.0,
        "Selling General And Administration": 23620000.0,
        "Gross Profit": 137651000.0,
        "Cost Of Revenue": 434675000.0,
        "Total Revenue": 572326000.0,
        "Operating Revenue": 572326000.0
    },
    "2023-06-30": {
        "Tax Effect Of Unusual Items": NaN,
        "Tax Rate For Calcs": NaN,
        "Normalized EBITDA": NaN,
        "Total Unusual Items": NaN,
        "Total Unusual Items Excluding Goodwill": NaN,
        "Net Income From Continuing Operation Net Minority Interest": NaN,
        "Reconciled Depreciation": NaN,
        "Reconciled Cost Of Revenue": NaN,
        "EBITDA": NaN,
        "EBIT": NaN,
        "Net Interest Income": NaN,
        "Interest Expense": NaN,
        "Normalized Income": NaN,
        "Net Income From Continuing And Discontinued Operation": NaN,
        "Total Expenses": NaN,
        "Total Operating Income As Reported": NaN,
        "Diluted Average Shares": NaN,
        "Basic Average Shares": NaN,
        "Diluted EPS": NaN,
        "Basic EPS": NaN,
        "Diluted NI Availto Com Stockholders": NaN,
        "Net Income Common Stockholders": NaN,
        "Net Income": NaN,
        "Net Income Including Noncontrolling Interests": NaN,
        "Net Income Continuous Operations": NaN,
        "Tax Provision": NaN,
        "Pretax Income": NaN,
        "Other Income Expense": NaN,
        "Other Non Operating Income Expenses": 3138000.0,
        "Special Income Charges": NaN,
        "Gain On Sale Of Business": NaN,
        "Impairment Of Capital Assets": 0.0,
        "Net Non Operating Interest Income Expense": NaN,
        "Interest Expense Non Operating": NaN,
        "Operating Income": NaN,
        "Operating Expense": NaN,
        "Selling General And Administration": NaN,
        "Gross Profit": NaN,
        "Cost Of Revenue": NaN,
        "Total Revenue": NaN,
        "Operating Revenue": NaN
    },
    "2022-03-31": {
        "Diluted EPS": 1.34,
        "Total Revenue": 593,
        "Gross Profit": 145,
        "Operating Income": 122,
        "EBIT": 154,
        "Net Income": 89
    },
    "2021-12-31": {
        "Diluted EPS": 1.13,
        "Total Revenue": 519,
        "Gross Profit": 149,
        "Operating Income": 130,
        "EBIT": 165,
        "Net Income": 75
    },
    "2021-09-30": {
        "Diluted EPS": 1.04,
        "Total Revenue": 470,
        "Gross Profit": 133,
        "Operating Income": 114,
        "EBIT": 148,
        "Net Income": 69
    },
    "2021-06-30": {
        "Diluted EPS": 0.32,
        "Total Revenue": 402,
        "Gross Profit": 72,
        "Operating Income": 52,
        "EBIT": 84,
        "Net Income": 21
    },
    "2021-03-31": {
        "Diluted EPS": 0.09,
        "Total Revenue": 413,
        "Gross Profit": 72,
        "Operating Income": 51,
        "EBIT": 82,
        "Net Income": 6
    },
    "2020-12-31": {
        "Diluted EPS": -0.19,
        "Total Revenue": 398,
        "Gross Profit": 33,
        "Operating Income": 16,
        "EBIT": 50,
        "Net Income": -13
    },
    "2020-09-30": {
        "Diluted EPS": 0.11,
        "Total Revenue": 333,
        "Gross Profit": 29,
        "Operating Income": 14,
        "EBIT": 46,
        "Net Income": 8
    },
    "2020-06-30": {
        "Diluted EPS": -0.13,
        "Total Revenue": 341,
        "Gross Profit": 27,
        "Operating Income": 10,
        "EBIT": 41,
        "Net Income": -8
    },
    "2020-03-31": {
        "Diluted EPS": -0.05,
        "Total Revenue": 351,
        "Gross Profit": 42,
        "Operating Income": 24,
        "EBIT": 57,
        "Net Income": -3
    },
    "2019-12-31": {
        "Diluted EPS": -1.11,
        "Total Revenue": 331,
        "Gross Profit": -47,
        "Operating Income": -66,
        "EBIT": -34,
        "Net Income": -73
    },
    "2019-09-30": {
        "Diluted EPS": 0.02,
        "Total Revenue": 384,
        "Gross Profit": 37,
        "Operating Income": 19,
        "EBIT": 51,
        "Net Income": 1
    },
    "2019-06-30": {
        "Diluted EPS": 0.16,
        "Total Revenue": 426,
        "Gross Profit": 57,
        "Operating Income": 38,
        "EBIT": 70,
        "Net Income": 10
    },
    "2019-03-31": {
        "Diluted EPS": 0.78,
        "Total Revenue": 484,
        "Gross Profit": 111,
        "Operating Income": 94,
        "EBIT": 124,
        "Net Income": 52
    },
    "2018-12-31": {
        "Diluted EPS": 0.68,
        "Total Revenue": 412,
        "Gross Profit": 109,
        "Operating Income": 91,
        "EBIT": 118,
        "Net Income": 45
    },
    "2018-09-30": {
        "Diluted EPS": 0.63,
        "Total Revenue": 331,
        "Gross Profit": 78,
        "Operating Income": 63,
        "EBIT": 87,
        "Net Income": 41
    },
    "2018-06-30": {
        "Diluted EPS": 0.26,
        "Total Revenue": 347,
        "Gross Profit": 52,
        "Operating Income": 37,
        "EBIT": 60,
        "Net Income": 17
    },
    "2018-03-31": {
        "Diluted EPS": 0.39,
        "Total Revenue": 368,
        "Gross Profit": 90,
        "Operating Income": 76,
        "EBIT": 99,
        "Net Income": 26
    },
    "2017-12-31": {
        "Diluted EPS": 0.64,
        "Total Revenue": 338,
        "Gross Profit": 81,
        "Operating Income": 67,
        "EBIT": 89,
        "Net Income": 42
    },
    "2017-09-30": {
        "Diluted EPS": 0.32,
        "Total Revenue": 305,
        "Gross Profit": 54,
        "Operating Income": 42,
        "EBIT": 64,
        "Net Income": 21
    },
    "2017-06-30": {
        "Diluted EPS": -0.03,
        "Total Revenue": 283,
        "Gross Profit": 32,
        "Operating Income": 19,
        "EBIT": 39,
        "Net Income": -2
    },
    "2017-03-31": {
        "Diluted EPS": 0.15,
        "Total Revenue": 243,
        "Gross Profit": 51,
        "Operating Income": 41,
        "EBIT": 61,
        "Net Income": 10
    },
    "2016-12-31": {
        "Diluted EPS": 0.29,
        "Total Revenue": 222,
        "Gross Profit": 51,
        "Operating Income": 39,
        "EBIT": 58,
        "Net Income": 18
    },
    "2016-09-30": {
        "Diluted EPS": 0.18,
        "Total Revenue": 238,
        "Gross Profit": 40,
        "Operating Income": 30,
        "EBIT": 48,
        "Net Income": 12
    },
    "2016-06-30": {
        "Diluted EPS": -0.07,
        "Total Revenue": 218,
        "Gross Profit": 27,
        "Operating Income": 17,
        "EBIT": 35,
        "Net Income": -4
    },
    "2016-03-31": {
        "Diluted EPS": 0.14,
        "Total Revenue": 254,
        "Gross Profit": 40,
        "Operating Income": 28,
        "EBIT": 45,
        "Net Income": 9
    },
    "2015-12-31": {
        "Diluted EPS": 0.34,
        "Total Revenue": 238,
        "Gross Profit": 55,
        "Operating Income": 44,
        "EBIT": 62,
        "Net Income": 22
    },
    "2015-09-30": {
        "Diluted EPS": 0.37,
        "Total Revenue": 271,
        "Gross Profit": 56,
        "Operating Income": 44,
        "EBIT": 61,
        "Net Income": 24
    },
    "2015-06-30": {
        "Diluted EPS": 0.25,
        "Total Revenue": 267,
        "Gross Profit": 45,
        "Operating Income": 34,
        "EBIT": 50,
        "Net Income": 16
    },
    "2015-03-31": {
        "Diluted EPS": 0.21,
        "Total Revenue": 258,
        "Gross Profit": 55,
        "Operating Income": 44,
        "EBIT": 61,
        "Net Income": 14
    },
    "2014-12-31": {
        "Diluted EPS": 0.06,
        "Total Revenue": 283,
        "Gross Profit": 66,
        "Operating Income": 52,
        "EBIT": 71,
        "Net Income": 3
    },
    "2014-09-30": {
        "Diluted EPS": 1.37,
        "Total Revenue": 302,
        "Gross Profit": 59,
        "Operating Income": 48,
        "EBIT": 68,
        "Net Income": 88
    },
    "2014-06-30": {
        "Diluted EPS": 0.01,
        "Total Revenue": 285,
        "Gross Profit": 35,
        "Operating Income": 22,
        "EBIT": 42,
        "Net Income": 1
    },
    "2014-03-31": {
        "Diluted EPS": 0.37,
        "Total Revenue": 306,
        "Gross Profit": 50,
        "Operating Income": 39,
        "EBIT": 59,
        "Net Income": 21
    },
    "2013-12-31": {
        "Diluted EPS": -0.18,
        "Total Revenue": 283,
        "Gross Profit": 24,
        "Operating Income": 7,
        "EBIT": 27,
        "Net Income": -10
    },
    "2013-09-30": {
        "Diluted EPS": -0.05,
        "Total Revenue": 269,
        "Gross Profit": 30,
        "Operating Income": 13,
        "EBIT": 33,
        "Net Income": -3
    },
    "2013-06-30": {
        "Diluted EPS": -0.23,
        "Total Revenue": 275,
        "Gross Profit": 11,
        "Operating Income": -1,
        "EBIT": 18,
        "Net Income": -13
    },
    "2013-03-31": {
        "Diluted EPS": -0.01,
        "Total Revenue": 262,
        "Gross Profit": 24,
        "Operating Income": 13,
        "EBIT": 32,
        "Net Income": -1
    },
    "2012-12-31": {
        "Diluted EPS": 0.0,
        "Total Revenue": NaN,
        "Gross Profit": NaN,
        "Operating Income": NaN,
        "EBIT": NaN,
        "Net Income": NaN
    },
    "2012-09-30": {
        "Diluted EPS": 0.0,
        "Total Revenue": NaN,
        "Gross Profit": NaN,
        "Operating Income": NaN,
        "EBIT": NaN,
        "Net Income": NaN
    },
    "2012-06-30": {
        "Diluted EPS": 0.0,
        "Total Revenue": NaN,
        "Gross Profit": NaN,
        "Operating Income": NaN,
        "EBIT": NaN,
        "Net Income": NaN
    },
    "2012-03-31": {
        "Diluted EPS": 0.0,
        "Total Revenue": NaN,
        "Gross Profit": NaN,
        "Operating Income": NaN,
        "EBIT": NaN,
        "Net Income": NaN
    },
    "2011-12-31": {
        "Diluted EPS": 0.0,
        "Total Revenue": NaN,
        "Gross Profit": NaN,
        "Operating Income": NaN,
        "EBIT": NaN,
        "Net Income": NaN
    },
    "2011-09-30": {
        "Diluted EPS": 0.0,
        "Total Revenue": NaN,
        "Gross Profit": NaN,
        "Operating Income": NaN,
        "EBIT": NaN,
        "Net Income": NaN
    },
    "2011-06-30": {
        "Diluted EPS": 0.0,
        "Total Revenue": NaN,
        "Gross Profit": NaN,
        "Operating Income": NaN,
        "EBIT": NaN,
        "Net Income": NaN
    },
    "2011-03-31": {
        "Diluted EPS": 0.0,
        "Total Revenue": NaN,
        "Gross Profit": NaN,
        "Operating Income": NaN,
        "EBIT": NaN,
        "Net Income": NaN
    },
    "2010-12-31": {
        "Diluted EPS": 0.0,
        "Total Revenue": NaN,
        "Gross Profit": NaN,
        "Operating Income": NaN,
        "EBIT": NaN,
        "Net Income": NaN
    },
    "2010-09-30": {
        "Diluted EPS": 0.0,
        "Total Revenue": NaN,
        "Gross Profit": NaN,
        "Operating Income": NaN,
        "EBIT": NaN,
        "Net Income": NaN
    },
    "2010-06-30": {
        "Diluted EPS": 0.0,
        "Total Revenue": NaN,
        "Gross Profit": NaN,
        "Operating Income": NaN,
        "EBIT": NaN,
        "Net Income": NaN
    },
    "2010-03-31": {
        "Diluted EPS": 0.0,
        "Total Revenue": NaN,
        "Gross Profit": NaN,
        "Operating Income": NaN,
        "EBIT": NaN,
        "Net Income": NaN
    },
    "2009-12-31": {
        "Diluted EPS": 0.0,
        "Total Revenue": NaN,
        "Gross Profit": NaN,
        "Operating Income": NaN,
        "EBIT": NaN,
        "Net Income": NaN
    },
    "2009-09-30": {
        "Diluted EPS": 0.0,
        "Total Revenue": NaN,
        "Gross Profit": NaN,
        "Operating Income": NaN,
        "EBIT": NaN,
        "Net Income": NaN
    },
    "2009-06-30": {
        "Diluted EPS": 0.0,
        "Total Revenue": NaN,
        "Gross Profit": NaN,
        "Operating Income": NaN,
        "EBIT": NaN,
        "Net Income": NaN
    },
    "2009-03-31": {
        "Diluted EPS": 0.0,
        "Total Revenue": NaN,
        "Gross Profit": NaN,
        "Operating Income": NaN,
        "EBIT": NaN,
        "Net Income": NaN
    },
    "2023-09-30": {
        "Tax Effect Of Unusual Items": NaN,
        "Tax Rate For Calcs": NaN,
        "Normalized EBITDA": NaN,
        "Total Unusual Items": NaN,
        "Total Unusual Items Excluding Goodwill": NaN,
        "Net Income From Continuing Operation Net Minority Interest": NaN,
        "Reconciled Depreciation": NaN,
        "Reconciled Cost Of Revenue": NaN,
        "EBITDA": NaN,
        "EBIT": NaN,
        "Net Interest Income": NaN,
        "Interest Expense": NaN,
        "Normalized Income": NaN,
        "Net Income From Continuing And Discontinued Operation": NaN,
        "Total Expenses": NaN,
        "Total Operating Income As Reported": NaN,
        "Diluted Average Shares": NaN,
        "Basic Average Shares": NaN,
        "Diluted EPS": NaN,
        "Basic EPS": NaN,
        "Diluted NI Availto Com Stockholders": NaN,
        "Net Income Common Stockholders": NaN,
        "Net Income": NaN,
        "Net Income Including Noncontrolling Interests": NaN,
        "Net Income Continuous Operations": NaN,
        "Tax Provision": NaN,
        "Pretax Income": NaN,
        "Other Income Expense": NaN,
        "Other Non Operating Income Expenses": 3317000.0,
        "Special Income Charges": NaN,
        "Gain On Sale Of Business": NaN,
        "Impairment Of Capital Assets": 0.0,
        "Net Non Operating Interest Income Expense": NaN,
        "Interest Expense Non Operating": NaN,
        "Operating Income": NaN,
        "Operating Expense": NaN,
        "Selling General And Administration": NaN,
        "Gross Profit": NaN,
        "Cost Of Revenue": NaN,
        "Total Revenue": NaN,
        "Operating Revenue": NaN
    },
    "2023-12-31": {
        "Tax Effect Of Unusual Items": 0.0,
        "Tax Rate For Calcs": 0.4,
        "Normalized EBITDA": -15081000.0,
        "Total Unusual Items": NaN,
        "Total Unusual Items Excluding Goodwill": NaN,
        "Net Income From Continuing Operation Net Minority Interest": -87216000.0,
        "Reconciled Depreciation": 43806000.0,
        "Reconciled Cost Of Revenue": 466415000.0,
        "EBITDA": -15081000.0,
        "EBIT": -58887000.0,
        "Net Interest Income": -18227000.0,
        "Interest Expense": 27245000.0,
        "Normalized Income": -87216000.0,
        "Net Income From Continuing And Discontinued Operation": -87216000.0,
        "Total Expenses": 493155000.0,
        "Total Operating Income As Reported": -56395000.0,
        "Diluted Average Shares": 66577099.0,
        "Basic Average Shares": 66577099.0,
        "Diluted EPS": -1.31,
        "Basic EPS": -1.31,
        "Diluted NI Availto Com Stockholders": -87216000.0,
        "Net Income Common Stockholders": -87216000.0,
        "Net Income": -87216000.0,
        "Net Income Including Noncontrolling Interests": -87216000.0,
        "Net Income Continuous Operations": -87216000.0,
        "Tax Provision": 1084000.0,
        "Pretax Income": -86132000.0,
        "Other Income Expense": -45244000.0,
        "Other Non Operating Income Expenses": NaN,
        "Special Income Charges": NaN,
        "Gain On Sale Of Business": NaN,
        "Impairment Of Capital Assets": NaN,
        "Net Non Operating Interest Income Expense": -18227000.0,
        "Interest Expense Non Operating": 27245000.0,
        "Operating Income": -22661000.0,
        "Operating Expense": 26740000.0,
        "Selling General And Administration": 26740000.0,
        "Gross Profit": 4079000.0,
        "Cost Of Revenue": 466415000.0,
        "Total Revenue": 470494000.0,
        "Operating Revenue": 470494000.0
    },
    "2024-03-31": {
        "Tax Effect Of Unusual Items": NaN,
        "Tax Rate For Calcs": NaN,
        "Normalized EBITDA": NaN,
        "Total Unusual Items": NaN,
        "Total Unusual Items Excluding Goodwill": NaN,
        "Net Income From Continuing Operation Net Minority Interest": NaN,
        "Reconciled Depreciation": NaN,
        "Reconciled Cost Of Revenue": NaN,
        "EBITDA": NaN,
        "EBIT": NaN,
        "Net Interest Income": NaN,
        "Interest Expense": NaN,
        "Normalized Income": NaN,
        "Net Income From Continuing And Discontinued Operation": NaN,
        "Total Expenses": NaN,
        "Total Operating Income As Reported": NaN,
        "Diluted Average Shares": NaN,
        "Basic Average Shares": NaN,
        "Diluted EPS": NaN,
        "Basic EPS": NaN,
        "Diluted NI Availto Com Stockholders": NaN,
        "Net Income Common Stockholders": NaN,
        "Net Income": NaN,
        "Net Income Including Noncontrolling Interests": NaN,
        "Net Income Continuous Operations": NaN,
        "Tax Provision": NaN,
        "Pretax Income": NaN,
        "Other Income Expense": NaN,
        "Other Non Operating Income Expenses": 4939000.0,
        "Special Income Charges": NaN,
        "Gain On Sale Of Business": NaN,
        "Impairment Of Capital Assets": NaN,
        "Net Non Operating Interest Income Expense": NaN,
        "Interest Expense Non Operating": NaN,
        "Operating Income": NaN,
        "Operating Expense": NaN,
        "Selling General And Administration": NaN,
        "Gross Profit": NaN,
        "Cost Of Revenue": NaN,
        "Total Revenue": NaN,
        "Operating Revenue": NaN
    },
    "2024-06-30": {
        "Tax Effect Of Unusual Items": NaN,
        "Tax Rate For Calcs": NaN,
        "Normalized EBITDA": NaN,
        "Total Unusual Items": NaN,
        "Total Unusual Items Excluding Goodwill": NaN,
        "Net Income From Continuing Operation Net Minority Interest": NaN,
        "Reconciled Depreciation": NaN,
        "Reconciled Cost Of Revenue": NaN,
        "EBITDA": NaN,
        "EBIT": NaN,
        "Net Interest Income": NaN,
        "Interest Expense": NaN,
        "Normalized Income": NaN,
        "Net Income From Continuing And Discontinued Operation": NaN,
        "Total Expenses": NaN,
        "Total Operating Income As Reported": NaN,
        "Diluted Average Shares": NaN,
        "Basic Average Shares": NaN,
        "Diluted EPS": NaN,
        "Basic EPS": NaN,
        "Diluted NI Availto Com Stockholders": NaN,
        "Net Income Common Stockholders": NaN,
        "Net Income": NaN,
        "Net Income Including Noncontrolling Interests": NaN,
        "Net Income Continuous Operations": NaN,
        "Tax Provision": NaN,
        "Pretax Income": NaN,
        "Other Income Expense": NaN,
        "Other Non Operating Income Expenses": 4299000.0,
        "Special Income Charges": NaN,
        "Gain On Sale Of Business": NaN,
        "Impairment Of Capital Assets": 34277000.0,
        "Net Non Operating Interest Income Expense": NaN,
        "Interest Expense Non Operating": NaN,
        "Operating Income": NaN,
        "Operating Expense": NaN,
        "Selling General And Administration": NaN,
        "Gross Profit": NaN,
        "Cost Of Revenue": NaN,
        "Total Revenue": NaN,
        "Operating Revenue": NaN
    },
    "2024-09-30": {
        "Tax Effect Of Unusual Items": 0.0,
        "Tax Rate For Calcs": 0.01,
        "Normalized EBITDA": 50364000.0,
        "Total Unusual Items": 0.0,
        "Total Unusual Items Excluding Goodwill": 0.0,
        "Net Income From Continuing Operation Net Minority Interest": -17559000.0,
        "Reconciled Depreciation": 41614000.0,
        "Reconciled Cost Of Revenue": 464144000.0,
        "EBITDA": 50364000.0,
        "EBIT": 8750000.0,
        "Net Interest Income": -26429000.0,
        "Interest Expense": 26429000.0,
        "Normalized Income": -17559000.0,
        "Net Income From Continuing And Discontinued Operation": -17559000.0,
        "Total Expenses": 493300000.0,
        "Total Operating Income As Reported": 8841000.0,
        "Diluted Average Shares": 66849720.0,
        "Basic Average Shares": 66849720.0,
        "Diluted EPS": -0.26,
        "Basic EPS": -0.26,
        "Diluted NI Availto Com Stockholders": -17559000.0,
        "Net Income Common Stockholders": -17559000.0,
        "Net Income": -17559000.0,
        "Net Income Including Noncontrolling Interests": -17559000.0,
        "Net Income Continuous Operations": -17559000.0,
        "Tax Provision": -120000.0,
        "Pretax Income": -17679000.0,
        "Other Income Expense": -91000.0,
        "Other Non Operating Income Expenses": -91000.0,
        "Special Income Charges": 0.0,
        "Gain On Sale Of Business": 0.0,
        "Impairment Of Capital Assets": 0.0,
        "Net Non Operating Interest Income Expense": -26429000.0,
        "Interest Expense Non Operating": 26429000.0,
        "Operating Income": 8841000.0,
        "Operating Expense": 29156000.0,
        "Selling General And Administration": 29156000.0,
        "Gross Profit": 37997000.0,
        "Cost Of Revenue": 464144000.0,
        "Total Revenue": 502141000.0,
        "Operating Revenue": 502141000.0
    },
    "2024-12-31": {
        "Tax Effect Of Unusual Items": -775308.161746,
        "Tax Rate For Calcs": 0.171074,
        "Normalized EBITDA": 101840000.0,
        "Total Unusual Items": -4532000.0,
        "Total Unusual Items Excluding Goodwill": -4532000.0,
        "Net Income From Continuing Operation Net Minority Interest": 16707000.0,
        "Reconciled Depreciation": 48834000.0,
        "Reconciled Cost Of Revenue": 412225000.0,
        "EBITDA": 97308000.0,
        "EBIT": 48474000.0,
        "Net Interest Income": -16559000.0,
        "Interest Expense": 28319000.0,
        "Normalized Income": 20463691.838254,
        "Net Income From Continuing And Discontinued Operation": 16707000.0,
        "Total Expenses": 438012000.0,
        "Total Operating Income As Reported": 50393000.0,
        "Diluted Average Shares": 66828000.0,
        "Basic Average Shares": 66828000.0,
        "Diluted EPS": 0.25,
        "Basic EPS": 0.25,
        "Diluted NI Availto Com Stockholders": 16707000.0,
        "Net Income Common Stockholders": 16707000.0,
        "Net Income": 16707000.0,
        "Net Income Including Noncontrolling Interests": 16707000.0,
        "Net Income Continuous Operations": 16707000.0,
        "Tax Provision": 3448000.0,
        "Pretax Income": 20155000.0,
        "Other Income Expense": -13679000.0,
        "Other Non Operating Income Expenses": NaN,
        "Special Income Charges": 0.0,
        "Gain On Sale Of Business": 0.0,
        "Impairment Of Capital Assets": 0.0,
        "Net Non Operating Interest Income Expense": -16559000.0,
        "Interest Expense Non Operating": 28319000.0,
        "Operating Income": 50393000.0,
        "Operating Expense": 25787000.0,
        "Selling General And Administration": 25787000.0,
        "Gross Profit": 76180000.0,
        "Cost Of Revenue": 412225000.0,
        "Total Revenue": 488405000.0,
        "Operating Revenue": 488405000.0
    },
    "2025-03-31": {
        "Tax Effect Of Unusual Items": 0.0,
        "Tax Rate For Calcs": 0.15,
        "Normalized EBITDA": 46903000.0,
        "Total Unusual Items": 0.0,
        "Total Unusual Items Excluding Goodwill": 0.0,
        "Net Income From Continuing Operation Net Minority Interest": -22339000.0,
        "Reconciled Depreciation": 40355000.0,
        "Reconciled Cost Of Revenue": 470537000.0,
        "EBITDA": 46903000.0,
        "EBIT": 6548000.0,
        "Net Interest Income": -28155000.0,
        "Interest Expense": 28155000.0,
        "Normalized Income": -22339000.0,
        "Net Income From Continuing And Discontinued Operation": -22339000.0,
        "Total Expenses": 500241000.0,
        "Total Operating Income As Reported": 6733000.0,
        "Diluted Average Shares": 66893083.0,
        "Basic Average Shares": 66893083.0,
        "Diluted EPS": -0.33,
        "Basic EPS": -0.33,
        "Diluted NI Availto Com Stockholders": -22339000.0,
        "Net Income Common Stockholders": -22339000.0,
        "Net Income": -22339000.0,
        "Net Income Including Noncontrolling Interests": -22339000.0,
        "Net Income Continuous Operations": -22339000.0,
        "Tax Provision": 732000.0,
        "Pretax Income": -21607000.0,
        "Other Income Expense": -185000.0,
        "Other Non Operating Income Expenses": -185000.0,
        "Special Income Charges": 0.0,
        "Gain On Sale Of Business": 0.0,
        "Impairment Of Capital Assets": NaN,
        "Net Non Operating Interest Income Expense": -28155000.0,
        "Interest Expense Non Operating": 28155000.0,
        "Operating Income": 6733000.0,
        "Operating Expense": 29704000.0,
        "Selling General And Administration": 29704000.0,
        "Gross Profit": 36437000.0,
        "Cost Of Revenue": 470537000.0,
        "Total Revenue": 506974000.0,
        "Operating Revenue": 506974000.0
    },
    "2025-06-30": {
        "Tax Effect Of Unusual Items": 0.0,
        "Tax Rate For Calcs": 0.021197,
        "Normalized EBITDA": -22001000.0,
        "Total Unusual Items": 0.0,
        "Total Unusual Items Excluding Goodwill": 0.0,
        "Net Income From Continuing Operation Net Minority Interest": -86071000.0,
        "Reconciled Depreciation": 37523000.0,
        "Reconciled Cost Of Revenue": 481498000.0,
        "EBITDA": -22001000.0,
        "EBIT": -59524000.0,
        "Net Interest Income": -28411000.0,
        "Interest Expense": 28411000.0,
        "Normalized Income": -86071000.0,
        "Net Income From Continuing And Discontinued Operation": -86071000.0,
        "Total Expenses": 511928000.0,
        "Total Operating Income As Reported": -58404000.0,
        "Diluted Average Shares": 66914282.0,
        "Basic Average Shares": 66914282.0,
        "Diluted EPS": -1.29,
        "Basic EPS": -1.29,
        "Diluted NI Availto Com Stockholders": -86071000.0,
        "Net Income Common Stockholders": -86071000.0,
        "Net Income": -86071000.0,
        "Net Income Including Noncontrolling Interests": -86071000.0,
        "Net Income Continuous Operations": -86071000.0,
        "Tax Provision": -1864000.0,
        "Pretax Income": -87935000.0,
        "Other Income Expense": -1120000.0,
        "Other Non Operating Income Expenses": -1120000.0,
        "Special Income Charges": 0.0,
        "Gain On Sale Of Business": 0.0,
        "Impairment Of Capital Assets": 0.0,
        "Net Non Operating Interest Income Expense": -28411000.0,
        "Interest Expense Non Operating": 28411000.0,
        "Operating Income": -58404000.0,
        "Operating Expense": 30430000.0,
        "Selling General And Administration": 30430000.0,
        "Gross Profit": -27974000.0,
        "Cost Of Revenue": 481498000.0,
        "Total Revenue": 453524000.0,
        "Operating Revenue": 453524000.0
    },
    "2025-09-30": {
        "Tax Effect Of Unusual Items": 0.0,
        "Tax Rate For Calcs": 0.15,
        "Normalized EBITDA": -27538000.0,
        "Total Unusual Items": 0.0,
        "Total Unusual Items Excluding Goodwill": 0.0,
        "Net Income From Continuing Operation Net Minority Interest": -80779000.0,
        "Reconciled Depreciation": 39512000.0,
        "Reconciled Cost Of Revenue": 496836000.0,
        "EBITDA": -27538000.0,
        "EBIT": -67050000.0,
        "Net Interest Income": -28506000.0,
        "Interest Expense": 28506000.0,
        "Normalized Income": -80779000.0,
        "Net Income From Continuing And Discontinued Operation": -80779000.0,
        "Total Expenses": 525657000.0,
        "Total Operating Income As Reported": -67589000.0,
        "Diluted Average Shares": 66964534.0,
        "Basic Average Shares": 66964534.0,
        "Diluted EPS": -1.21,
        "Basic EPS": -1.21,
        "Diluted NI Availto Com Stockholders": -80779000.0,
        "Net Income Common Stockholders": -80779000.0,
        "Net Income": -80779000.0,
        "Net Income Including Noncontrolling Interests": -80779000.0,
        "Net Income Continuous Operations": -80779000.0,
        "Tax Provision": -14777000.0,
        "Pretax Income": -95556000.0,
        "Other Income Expense": 539000.0,
        "Other Non Operating Income Expenses": 539000.0,
        "Special Income Charges": 0.0,
        "Gain On Sale Of Business": 0.0,
        "Impairment Of Capital Assets": 0.0,
        "Net Non Operating Interest Income Expense": -28506000.0,
        "Interest Expense Non Operating": 28506000.0,
        "Operating Income": -67589000.0,
        "Operating Expense": 28821000.0,
        "Selling General And Administration": 28821000.0,
        "Gross Profit": -38768000.0,
        "Cost Of Revenue": 496836000.0,
        "Total Revenue": 458068000.0,
        "Operating Revenue": 458068000.0
    }
}