{
    "2023-03-31": {
        "Tax Effect Of Unusual Items": -820288.0,
        "Tax Rate For Calcs": 0.056,
        "Normalized EBITDA": 7000000.0,
        "Total Unusual Items": -14648000.0,
        "Total Unusual Items Excluding Goodwill": -14648000.0,
        "Net Income From Continuing Operation Net Minority Interest": -35122000.0,
        "Reconciled Depreciation": 16541000.0,
        "Reconciled Cost Of Revenue": 118191000.0,
        "EBITDA": -7648000.0,
        "EBIT": -24189000.0,
        "Net Interest Income": -12981000.0,
        "Interest Expense": 13030000.0,
        "Interest Income": 49000.0,
        "Normalized Income": -21294288.0,
        "Net Income From Continuing And Discontinued Operation": -35122000.0,
        "Total Expenses": 131962000.0,
        "Rent Expense Supplemental": 835000.0,
        "Total Operating Income As Reported": -26871000.0,
        "Diluted Average Shares": 39932000.0,
        "Basic Average Shares": 39932000.0,
        "Diluted EPS": -0.88,
        "Basic EPS": -0.88,
        "Diluted NI Availto Com Stockholders": -35122000.0,
        "Net Income Common Stockholders": -35122000.0,
        "Net Income": -35122000.0,
        "Net Income Including Noncontrolling Interests": -35122000.0,
        "Net Income Continuous Operations": -35122000.0,
        "Tax Provision": -2097000.0,
        "Pretax Income": -37219000.0,
        "Other Income Expense": -14110000.0,
        "Other Non Operating Income Expenses": 538000.0,
        "Special Income Charges": -16743000.0,
        "Gain On Sale Of Ppe": NaN,
        "Other Special Charges": NaN,
        "Impairment Of Capital Assets": 16743000.0,
        "Gain On Sale Of Security": 2095000.0,
        "Net Non Operating Interest Income Expense": -12981000.0,
        "Interest Expense Non Operating": 13030000.0,
        "Interest Income Non Operating": 49000.0,
        "Operating Income": -10128000.0,
        "Operating Expense": 13771000.0,
        "Other Operating Expenses": 233000.0,
        "Selling General And Administration": 13538000.0,
        "General And Administrative Expense": 13538000.0,
        "Other Gand A": 13538000.0,
        "Gross Profit": 3643000.0,
        "Cost Of Revenue": 118191000.0,
        "Total Revenue": 121834000.0,
        "Operating Revenue": 103782000.0
    },
    "2022-12-31": {
        "Tax Effect Of Unusual Items": NaN,
        "Tax Rate For Calcs": NaN,
        "Normalized EBITDA": NaN,
        "Total Unusual Items": NaN,
        "Total Unusual Items Excluding Goodwill": NaN,
        "Net Income From Continuing Operation Net Minority Interest": NaN,
        "Reconciled Depreciation": NaN,
        "Reconciled Cost Of Revenue": NaN,
        "EBITDA": NaN,
        "EBIT": NaN,
        "Net Interest Income": NaN,
        "Interest Expense": NaN,
        "Interest Income": NaN,
        "Normalized Income": NaN,
        "Net Income From Continuing And Discontinued Operation": NaN,
        "Total Expenses": NaN,
        "Rent Expense Supplemental": NaN,
        "Total Operating Income As Reported": NaN,
        "Diluted Average Shares": NaN,
        "Basic Average Shares": NaN,
        "Diluted EPS": NaN,
        "Basic EPS": NaN,
        "Diluted NI Availto Com Stockholders": NaN,
        "Net Income Common Stockholders": NaN,
        "Net Income": NaN,
        "Net Income Including Noncontrolling Interests": NaN,
        "Net Income Continuous Operations": NaN,
        "Tax Provision": NaN,
        "Pretax Income": NaN,
        "Other Income Expense": NaN,
        "Other Non Operating Income Expenses": NaN,
        "Special Income Charges": NaN,
        "Gain On Sale Of Ppe": 0.0,
        "Other Special Charges": NaN,
        "Impairment Of Capital Assets": NaN,
        "Gain On Sale Of Security": NaN,
        "Net Non Operating Interest Income Expense": NaN,
        "Interest Expense Non Operating": NaN,
        "Interest Income Non Operating": NaN,
        "Operating Income": NaN,
        "Operating Expense": NaN,
        "Other Operating Expenses": NaN,
        "Selling General And Administration": NaN,
        "General And Administrative Expense": NaN,
        "Other Gand A": NaN,
        "Gross Profit": NaN,
        "Cost Of Revenue": NaN,
        "Total Revenue": NaN,
        "Operating Revenue": NaN
    },
    "2022-09-30": {
        "Tax Effect Of Unusual Items": -28625810.016214,
        "Tax Rate For Calcs": 0.222035,
        "Normalized EBITDA": 10439000.0,
        "Total Unusual Items": -128925000.0,
        "Total Unusual Items Excluding Goodwill": -128925000.0,
        "Net Income From Continuing Operation Net Minority Interest": -115636000.0,
        "Reconciled Depreciation": 19630000.0,
        "Reconciled Cost Of Revenue": 117974000.0,
        "EBITDA": -118486000.0,
        "EBIT": -138116000.0,
        "Net Interest Income": -10501000.0,
        "Interest Expense": 10523000.0,
        "Interest Income": 22000.0,
        "Normalized Income": -15336810.016214,
        "Net Income From Continuing And Discontinued Operation": -115636000.0,
        "Total Expenses": 134249000.0,
        "Rent Expense Supplemental": 8670000.0,
        "Total Operating Income As Reported": -141197000.0,
        "Diluted Average Shares": 36336000.0,
        "Basic Average Shares": 36336000.0,
        "Diluted EPS": -3.18,
        "Basic EPS": -3.18,
        "Diluted NI Availto Com Stockholders": -115636000.0,
        "Net Income Common Stockholders": -115636000.0,
        "Net Income": -115636000.0,
        "Net Income Including Noncontrolling Interests": -115636000.0,
        "Net Income Continuous Operations": -115636000.0,
        "Tax Provision": -33003000.0,
        "Pretax Income": -148639000.0,
        "Other Income Expense": -129523000.0,
        "Other Non Operating Income Expenses": -598000.0,
        "Special Income Charges": -127859000.0,
        "Gain On Sale Of Ppe": NaN,
        "Impairment Of Capital Assets": NaN,
        "Gain On Sale Of Security": -1066000.0,
        "Net Non Operating Interest Income Expense": -10501000.0,
        "Interest Expense Non Operating": 10523000.0,
        "Interest Income Non Operating": 22000.0,
        "Operating Income": -8615000.0,
        "Operating Expense": 16275000.0,
        "Other Operating Expenses": 3859000.0,
        "Selling General And Administration": 12416000.0,
        "General And Administrative Expense": 12416000.0,
        "Other Gand A": 12416000.0,
        "Gross Profit": 7660000.0,
        "Cost Of Revenue": 117974000.0,
        "Total Revenue": 125634000.0,
        "Operating Revenue": 110701000.0
    },
    "2022-06-30": {
        "Tax Effect Of Unusual Items": -781274.0,
        "Tax Rate For Calcs": 0.199,
        "Normalized EBITDA": 20267000.0,
        "Total Unusual Items": -3926000.0,
        "Total Unusual Items Excluding Goodwill": -3926000.0,
        "Net Income From Continuing Operation Net Minority Interest": -9985000.0,
        "Reconciled Depreciation": 20103000.0,
        "Reconciled Cost Of Revenue": 122350000.0,
        "EBITDA": 16341000.0,
        "EBIT": -3762000.0,
        "Net Interest Income": -8692000.0,
        "Interest Expense": 8716000.0,
        "Interest Income": 24000.0,
        "Normalized Income": -6840274.0,
        "Net Income From Continuing And Discontinued Operation": -9985000.0,
        "Total Expenses": 134184000.0,
        "Rent Expense Supplemental": 9299000.0,
        "Total Operating Income As Reported": 213000.0,
        "Diluted Average Shares": 36183000.0,
        "Basic Average Shares": 36183000.0,
        "Diluted EPS": -0.28,
        "Basic EPS": -0.28,
        "Diluted NI Availto Com Stockholders": -9985000.0,
        "Net Income Common Stockholders": -9985000.0,
        "Net Income": -9985000.0,
        "Net Income Including Noncontrolling Interests": -9985000.0,
        "Net Income Continuous Operations": -9985000.0,
        "Tax Provision": -2493000.0,
        "Pretax Income": -12478000.0,
        "Other Income Expense": -3999000.0,
        "Other Non Operating Income Expenses": -73000.0,
        "Special Income Charges": 0.0,
        "Gain On Sale Of Ppe": NaN,
        "Other Special Charges": NaN,
        "Write Off": 0.0,
        "Impairment Of Capital Assets": NaN,
        "Gain On Sale Of Security": -3926000.0,
        "Net Non Operating Interest Income Expense": -8692000.0,
        "Interest Expense Non Operating": 8716000.0,
        "Interest Income Non Operating": 24000.0,
        "Operating Income": 213000.0,
        "Operating Expense": 11834000.0,
        "Other Operating Expenses": 722000.0,
        "Selling General And Administration": 11112000.0,
        "General And Administrative Expense": 11112000.0,
        "Other Gand A": 11112000.0,
        "Gross Profit": 12047000.0,
        "Cost Of Revenue": 122350000.0,
        "Total Revenue": 134397000.0,
        "Operating Revenue": 118899000.0
    },
    "2022-03-31": {
        "Diluted EPS": -1.19,
        "Total Revenue": 123,
        "Gross Profit": 24,
        "Operating Income": -45,
        "EBIT": -21,
        "Net Income": -43
    },
    "2021-12-31": {
        "Diluted EPS": -0.4,
        "Total Revenue": 148,
        "Gross Profit": 32,
        "Operating Income": -4,
        "EBIT": 20,
        "Net Income": -14
    },
    "2021-09-30": {
        "Diluted EPS": -0.21,
        "Total Revenue": 131,
        "Gross Profit": 15,
        "Operating Income": 5,
        "EBIT": 29,
        "Net Income": -7
    },
    "2021-06-30": {
        "Diluted EPS": 0.11,
        "Total Revenue": 125,
        "Gross Profit": 22,
        "Operating Income": 14,
        "EBIT": 38,
        "Net Income": 4
    },
    "2021-03-31": {
        "Diluted EPS": 0.14,
        "Total Revenue": 97,
        "Gross Profit": -2,
        "Operating Income": 17,
        "EBIT": 39,
        "Net Income": 6
    },
    "2020-12-31": {
        "Diluted EPS": 0.39,
        "Total Revenue": 150,
        "Gross Profit": 49,
        "Operating Income": 27,
        "EBIT": 49,
        "Net Income": 14
    },
    "2020-09-30": {
        "Diluted EPS": 0.32,
        "Total Revenue": 108,
        "Gross Profit": 21,
        "Operating Income": 24,
        "EBIT": 45,
        "Net Income": 11
    },
    "2020-06-30": {
        "Diluted EPS": 0.1,
        "Total Revenue": 73,
        "Gross Profit": 5,
        "Operating Income": 15,
        "EBIT": 36,
        "Net Income": 3
    },
    "2020-03-31": {
        "Diluted EPS": 0.05,
        "Total Revenue": 180,
        "Gross Profit": 49,
        "Operating Income": 14,
        "EBIT": 35,
        "Net Income": 2
    },
    "2019-12-31": {
        "Diluted EPS": 0.31,
        "Total Revenue": 184,
        "Gross Profit": 61,
        "Operating Income": 27,
        "EBIT": 48,
        "Net Income": 11
    },
    "2019-09-30": {
        "Diluted EPS": 0.35,
        "Total Revenue": 188,
        "Gross Profit": 63,
        "Operating Income": 30,
        "EBIT": 51,
        "Net Income": 12
    },
    "2019-06-30": {
        "Diluted EPS": 0.09,
        "Total Revenue": 180,
        "Gross Profit": 59,
        "Operating Income": 17,
        "EBIT": 37,
        "Net Income": 3
    },
    "2019-03-31": {
        "Diluted EPS": 0.38,
        "Total Revenue": 177,
        "Gross Profit": 67,
        "Operating Income": 34,
        "EBIT": 53,
        "Net Income": 13
    },
    "2018-12-31": {
        "Diluted EPS": 0.54,
        "Total Revenue": 178,
        "Gross Profit": 70,
        "Operating Income": 39,
        "EBIT": 58,
        "Net Income": 19
    },
    "2018-09-30": {
        "Diluted EPS": 0.74,
        "Total Revenue": 178,
        "Gross Profit": 70,
        "Operating Income": 42,
        "EBIT": 64,
        "Net Income": 19
    },
    "2018-06-30": {
        "Diluted EPS": -0.48,
        "Total Revenue": 172,
        "Gross Profit": 53,
        "Operating Income": -1,
        "EBIT": 14,
        "Net Income": -11
    },
    "2018-03-31": {
        "Diluted EPS": 0.1,
        "Total Revenue": 168,
        "Gross Profit": 42,
        "Operating Income": 16,
        "EBIT": 30,
        "Net Income": 2
    },
    "2017-12-31": {
        "Diluted EPS": 0.96,
        "Total Revenue": 165,
        "Gross Profit": 42,
        "Operating Income": 15,
        "EBIT": 30,
        "Net Income": 23
    },
    "2017-09-30": {
        "Diluted EPS": 0.0,
        "Total Revenue": NaN,
        "Gross Profit": NaN,
        "Operating Income": NaN,
        "EBIT": NaN,
        "Net Income": NaN
    },
    "2017-06-30": {
        "Diluted EPS": 0.66,
        "Total Revenue": 167,
        "Gross Profit": 63,
        "Operating Income": 36,
        "EBIT": 36,
        "Net Income": 15
    },
    "2016-09-30": {
        "Diluted EPS": 0.0,
        "Total Revenue": NaN,
        "Gross Profit": NaN,
        "Operating Income": NaN,
        "EBIT": NaN,
        "Net Income": NaN
    },
    "2009-06-30": {
        "Diluted EPS": 0.0,
        "Total Revenue": 233,
        "Gross Profit": 43,
        "Operating Income": 38,
        "EBIT": 43,
        "Net Income": -3
    },
    "2009-03-31": {
        "Diluted EPS": 0.0,
        "Total Revenue": 233,
        "Gross Profit": 41,
        "Operating Income": -2,
        "EBIT": -2,
        "Net Income": -37
    },
    "2023-06-30": {
        "Tax Effect Of Unusual Items": -1149940.0,
        "Tax Rate For Calcs": 0.055,
        "Normalized EBITDA": -2085000.0,
        "Total Unusual Items": -20908000.0,
        "Total Unusual Items Excluding Goodwill": -20908000.0,
        "Net Income From Continuing Operation Net Minority Interest": -47560000.0,
        "Reconciled Depreciation": 15316000.0,
        "Reconciled Cost Of Revenue": 118809000.0,
        "EBITDA": -22993000.0,
        "EBIT": -38309000.0,
        "Net Interest Income": -12007000.0,
        "Interest Expense": 12015000.0,
        "Interest Income": 8000.0,
        "Normalized Income": -27801940.0,
        "Net Income From Continuing And Discontinued Operation": -47560000.0,
        "Total Expenses": 131154000.0,
        "Rent Expense Supplemental": 864000.0,
        "Total Operating Income As Reported": -40230000.0,
        "Diluted Average Shares": 40688000.0,
        "Basic Average Shares": 40688000.0,
        "Diluted EPS": -1.17,
        "Basic EPS": -1.17,
        "Diluted NI Availto Com Stockholders": -47560000.0,
        "Net Income Common Stockholders": -47560000.0,
        "Net Income": -47560000.0,
        "Net Income Including Noncontrolling Interests": -47560000.0,
        "Net Income Continuous Operations": -47560000.0,
        "Tax Provision": -2764000.0,
        "Pretax Income": -50324000.0,
        "Other Income Expense": -21854000.0,
        "Other Non Operating Income Expenses": -946000.0,
        "Special Income Charges": -23767000.0,
        "Gain On Sale Of Ppe": 6722000.0,
        "Other Special Charges": NaN,
        "Impairment Of Capital Assets": 30489000.0,
        "Gain On Sale Of Security": 2859000.0,
        "Net Non Operating Interest Income Expense": -12007000.0,
        "Interest Expense Non Operating": 12015000.0,
        "Interest Income Non Operating": 8000.0,
        "Operating Income": -16463000.0,
        "Operating Expense": 12345000.0,
        "Other Operating Expenses": 999000.0,
        "Selling General And Administration": 11346000.0,
        "General And Administrative Expense": 11346000.0,
        "Other Gand A": 11346000.0,
        "Gross Profit": -4118000.0,
        "Cost Of Revenue": 118809000.0,
        "Total Revenue": 114691000.0,
        "Operating Revenue": 94356000.0
    },
    "2023-09-30": {
        "Tax Effect Of Unusual Items": NaN,
        "Tax Rate For Calcs": NaN,
        "Normalized EBITDA": NaN,
        "Total Unusual Items": NaN,
        "Total Unusual Items Excluding Goodwill": NaN,
        "Net Income From Continuing Operation Net Minority Interest": NaN,
        "Reconciled Depreciation": NaN,
        "Reconciled Cost Of Revenue": NaN,
        "EBITDA": NaN,
        "EBIT": NaN,
        "Net Interest Income": NaN,
        "Interest Expense": NaN,
        "Interest Income": NaN,
        "Normalized Income": NaN,
        "Net Income From Continuing And Discontinued Operation": NaN,
        "Total Expenses": NaN,
        "Rent Expense Supplemental": NaN,
        "Total Operating Income As Reported": NaN,
        "Diluted Average Shares": 40885000.0,
        "Basic Average Shares": 40885000.0,
        "Diluted EPS": -0.69,
        "Basic EPS": -0.69,
        "Diluted NI Availto Com Stockholders": NaN,
        "Net Income Common Stockholders": NaN,
        "Net Income": NaN,
        "Net Income Including Noncontrolling Interests": NaN,
        "Net Income Continuous Operations": NaN,
        "Tax Provision": NaN,
        "Pretax Income": NaN,
        "Other Income Expense": NaN,
        "Other Non Operating Income Expenses": NaN,
        "Special Income Charges": NaN,
        "Gain On Sale Of Ppe": -109000.0,
        "Other Special Charges": NaN,
        "Impairment Of Capital Assets": NaN,
        "Gain On Sale Of Security": NaN,
        "Net Non Operating Interest Income Expense": NaN,
        "Interest Expense Non Operating": NaN,
        "Interest Income Non Operating": NaN,
        "Operating Income": NaN,
        "Operating Expense": NaN,
        "Other Operating Expenses": NaN,
        "Selling General And Administration": NaN,
        "General And Administrative Expense": NaN,
        "Other Gand A": NaN,
        "Gross Profit": NaN,
        "Cost Of Revenue": NaN,
        "Total Revenue": NaN,
        "Operating Revenue": NaN
    },
    "2023-12-31": {
        "Tax Effect Of Unusual Items": -7426650.0,
        "Tax Rate For Calcs": 0.21,
        "Normalized EBITDA": 2832000.0,
        "Total Unusual Items": -35365000.0,
        "Total Unusual Items Excluding Goodwill": -35365000.0,
        "Net Income From Continuing Operation Net Minority Interest": -57850000.0,
        "Reconciled Depreciation": 13293000.0,
        "Reconciled Cost Of Revenue": 114942000.0,
        "EBITDA": -32533000.0,
        "EBIT": -45826000.0,
        "Net Interest Income": -11146000.0,
        "Interest Expense": 11160000.0,
        "Interest Income": 14000.0,
        "Normalized Income": -29911650.0,
        "Net Income From Continuing And Discontinued Operation": -57850000.0,
        "Total Expenses": 129409000.0,
        "Rent Expense Supplemental": 1204000.0,
        "Total Operating Income As Reported": -48448000.0,
        "Diluted Average Shares": 40940000.0,
        "Basic Average Shares": 40940000.0,
        "Diluted EPS": -1.41,
        "Basic EPS": -1.41,
        "Diluted NI Availto Com Stockholders": -57850000.0,
        "Net Income Common Stockholders": -57850000.0,
        "Net Income": -57850000.0,
        "Net Income Including Noncontrolling Interests": -57850000.0,
        "Net Income Continuous Operations": -57850000.0,
        "Tax Provision": 864000.0,
        "Pretax Income": -56986000.0,
        "Other Income Expense": -35208000.0,
        "Other Non Operating Income Expenses": 157000.0,
        "Special Income Charges": -37816000.0,
        "Gain On Sale Of Ppe": -386000.0,
        "Other Special Charges": -2954000.0,
        "Impairment Of Capital Assets": 40384000.0,
        "Gain On Sale Of Security": 2451000.0,
        "Net Non Operating Interest Income Expense": -11146000.0,
        "Interest Expense Non Operating": 11160000.0,
        "Interest Income Non Operating": 14000.0,
        "Operating Income": -10632000.0,
        "Operating Expense": 14467000.0,
        "Other Operating Expenses": 2458000.0,
        "Selling General And Administration": 12009000.0,
        "General And Administrative Expense": 12009000.0,
        "Other Gand A": NaN,
        "Gross Profit": 3835000.0,
        "Cost Of Revenue": NaN,
        "Total Revenue": 118777000.0,
        "Operating Revenue": 101100000.0
    },
    "2024-03-31": {
        "Tax Effect Of Unusual Items": 42860.0,
        "Tax Rate For Calcs": 0.005,
        "Normalized EBITDA": 23623000.0,
        "Total Unusual Items": 8572000.0,
        "Total Unusual Items Excluding Goodwill": 8572000.0,
        "Net Income From Continuing Operation Net Minority Interest": 11660000.0,
        "Reconciled Depreciation": 9823000.0,
        "Reconciled Cost Of Revenue": 104832000.0,
        "EBITDA": 32195000.0,
        "EBIT": 22372000.0,
        "Net Interest Income": -10626000.0,
        "Interest Expense": 10640000.0,
        "Interest Income": 14000.0,
        "Normalized Income": 3130860.0,
        "Net Income From Continuing And Discontinued Operation": 11660000.0,
        "Total Expenses": 117280000.0,
        "Rent Expense Supplemental": 1408000.0,
        "Total Operating Income As Reported": 11643000.0,
        "Diluted Average Shares": 41068000.0,
        "Basic Average Shares": 41068000.0,
        "Diluted EPS": 0.28,
        "Basic EPS": 0.28,
        "Diluted NI Availto Com Stockholders": 11660000.0,
        "Net Income Common Stockholders": 11660000.0,
        "Net Income": 11660000.0,
        "Net Income Including Noncontrolling Interests": 11660000.0,
        "Net Income Continuous Operations": 11660000.0,
        "Tax Provision": 72000.0,
        "Pretax Income": 11732000.0,
        "Other Income Expense": 8056000.0,
        "Other Non Operating Income Expenses": -516000.0,
        "Special Income Charges": 7841000.0,
        "Gain On Sale Of Ppe": NaN,
        "Other Special Charges": -10500000.0,
        "Impairment Of Capital Assets": 2659000.0,
        "Gain On Sale Of Security": 731000.0,
        "Net Non Operating Interest Income Expense": -10626000.0,
        "Interest Expense Non Operating": 10640000.0,
        "Interest Income Non Operating": 14000.0,
        "Operating Income": 14302000.0,
        "Operating Expense": 12448000.0,
        "Other Operating Expenses": 1315000.0,
        "Selling General And Administration": 11133000.0,
        "General And Administrative Expense": 11133000.0,
        "Other Gand A": 11133000.0,
        "Gross Profit": 26750000.0,
        "Cost Of Revenue": 104832000.0,
        "Total Revenue": 131582000.0,
        "Operating Revenue": 113820000.0
    },
    "2024-06-30": {
        "Tax Effect Of Unusual Items": -416559.0,
        "Tax Rate For Calcs": 0.039,
        "Normalized EBITDA": 8725000.0,
        "Total Unusual Items": -10681000.0,
        "Total Unusual Items Excluding Goodwill": -10681000.0,
        "Net Income From Continuing Operation Net Minority Interest": -19908000.0,
        "Reconciled Depreciation": 9730000.0,
        "Reconciled Cost Of Revenue": 101135000.0,
        "EBITDA": -1956000.0,
        "EBIT": -11686000.0,
        "Net Interest Income": -9015000.0,
        "Interest Expense": 9032000.0,
        "Interest Income": 17000.0,
        "Normalized Income": -9643559.0,
        "Net Income From Continuing And Discontinued Operation": -19908000.0,
        "Total Expenses": 111940000.0,
        "Rent Expense Supplemental": 1684000.0,
        "Total Operating Income As Reported": -9027000.0,
        "Diluted Average Shares": 41217000.0,
        "Basic Average Shares": 41217000.0,
        "Diluted EPS": -0.48,
        "Basic EPS": -0.48,
        "Diluted NI Availto Com Stockholders": -19908000.0,
        "Net Income Common Stockholders": -19908000.0,
        "Net Income": -19908000.0,
        "Net Income Including Noncontrolling Interests": -19908000.0,
        "Net Income Continuous Operations": -19908000.0,
        "Tax Provision": -810000.0,
        "Pretax Income": -20718000.0,
        "Other Income Expense": -10556000.0,
        "Other Non Operating Income Expenses": 125000.0,
        "Special Income Charges": -7880000.0,
        "Gain On Sale Of Ppe": 0.0,
        "Other Special Charges": NaN,
        "Impairment Of Capital Assets": 7880000.0,
        "Gain On Sale Of Security": -2801000.0,
        "Net Non Operating Interest Income Expense": -9015000.0,
        "Interest Expense Non Operating": 9032000.0,
        "Interest Income Non Operating": 17000.0,
        "Operating Income": -1147000.0,
        "Operating Expense": 10805000.0,
        "Other Operating Expenses": 1090000.0,
        "Selling General And Administration": 9715000.0,
        "General And Administrative Expense": 9715000.0,
        "Other Gand A": 9715000.0,
        "Gross Profit": 9658000.0,
        "Cost Of Revenue": 101135000.0,
        "Total Revenue": 110793000.0,
        "Operating Revenue": 95596000.0
    },
    "2024-09-30": {
        "Tax Effect Of Unusual Items": -4580520.0,
        "Tax Rate For Calcs": 0.21,
        "Normalized EBITDA": 12105000.0,
        "Total Unusual Items": -21812000.0,
        "Total Unusual Items Excluding Goodwill": -21812000.0,
        "Net Income From Continuing Operation Net Minority Interest": -24918000.0,
        "Reconciled Depreciation": 7195000.0,
        "Reconciled Cost Of Revenue": 96126000.0,
        "EBITDA": -9707000.0,
        "EBIT": -16902000.0,
        "Net Interest Income": -7600000.0,
        "Interest Expense": 7623000.0,
        "Interest Income": 23000.0,
        "Normalized Income": -7686520.0,
        "Net Income From Continuing And Discontinued Operation": -24918000.0,
        "Total Expenses": 108974000.0,
        "Rent Expense Supplemental": 3501000.0,
        "Total Operating Income As Reported": -17035000.0,
        "Diluted Average Shares": NaN,
        "Basic Average Shares": NaN,
        "Diluted EPS": NaN,
        "Basic EPS": NaN,
        "Diluted NI Availto Com Stockholders": -24918000.0,
        "Net Income Common Stockholders": -24918000.0,
        "Net Income": -24918000.0,
        "Net Income Including Noncontrolling Interests": -24918000.0,
        "Net Income Continuous Operations": -24918000.0,
        "Tax Provision": 393000.0,
        "Pretax Income": -24525000.0,
        "Other Income Expense": -23208000.0,
        "Other Non Operating Income Expenses": -1396000.0,
        "Special Income Charges": -23318000.0,
        "Gain On Sale Of Ppe": -532000.0,
        "Other Special Charges": 0.0,
        "Impairment Of Capital Assets": 22786000.0,
        "Gain On Sale Of Security": 1506000.0,
        "Net Non Operating Interest Income Expense": -7600000.0,
        "Interest Expense Non Operating": 7623000.0,
        "Interest Income Non Operating": 23000.0,
        "Operating Income": 6283000.0,
        "Operating Expense": 12848000.0,
        "Other Operating Expenses": 1457000.0,
        "Selling General And Administration": 11391000.0,
        "General And Administrative Expense": 11391000.0,
        "Other Gand A": 11391000.0,
        "Gross Profit": 19131000.0,
        "Cost Of Revenue": 96126000.0,
        "Total Revenue": 115257000.0,
        "Operating Revenue": 93806000.0
    },
    "2024-12-31": {
        "Tax Effect Of Unusual Items": -1603355.03844,
        "Tax Rate For Calcs": 0.01486,
        "Normalized EBITDA": 6655000.0,
        "Total Unusual Items": -107898000.0,
        "Total Unusual Items Excluding Goodwill": -107898000.0,
        "Net Income From Continuing Operation Net Minority Interest": -114558000.0,
        "Reconciled Depreciation": 7979000.0,
        "Reconciled Cost Of Revenue": 91395000.0,
        "EBITDA": -101243000.0,
        "EBIT": -109222000.0,
        "Net Interest Income": -7047000.0,
        "Interest Expense": 7064000.0,
        "Interest Income": 17000.0,
        "Normalized Income": -8263355.03844,
        "Net Income From Continuing And Discontinued Operation": -114558000.0,
        "Total Expenses": 101674000.0,
        "Rent Expense Supplemental": 1616000.0,
        "Total Operating Income As Reported": -110797000.0,
        "Diluted Average Shares": 41332000.0,
        "Basic Average Shares": 41332000.0,
        "Diluted EPS": -2.77,
        "Basic EPS": -2.77,
        "Diluted NI Availto Com Stockholders": -114558000.0,
        "Net Income Common Stockholders": -114558000.0,
        "Net Income": -114558000.0,
        "Net Income Including Noncontrolling Interests": -114558000.0,
        "Net Income Continuous Operations": -114558000.0,
        "Tax Provision": -1728000.0,
        "Pretax Income": -116286000.0,
        "Other Income Expense": -110798000.0,
        "Other Non Operating Income Expenses": -2900000.0,
        "Special Income Charges": -107856000.0,
        "Gain On Sale Of Ppe": -46691000.0,
        "Other Special Charges": -4500000.0,
        "Impairment Of Capital Assets": 65665000.0,
        "Gain On Sale Of Security": -42000.0,
        "Net Non Operating Interest Income Expense": -7047000.0,
        "Interest Expense Non Operating": 7064000.0,
        "Interest Income Non Operating": 17000.0,
        "Operating Income": 1559000.0,
        "Operating Expense": 10279000.0,
        "Other Operating Expenses": 760000.0,
        "Selling General And Administration": 9519000.0,
        "General And Administrative Expense": 9519000.0,
        "Other Gand A": 9519000.0,
        "Gross Profit": 11838000.0,
        "Cost Of Revenue": 91395000.0,
        "Total Revenue": 103233000.0,
        "Operating Revenue": 80678000.0
    },
    "2025-03-31": {
        "Tax Effect Of Unusual Items": NaN,
        "Tax Rate For Calcs": NaN,
        "Normalized EBITDA": NaN,
        "Total Unusual Items": NaN,
        "Total Unusual Items Excluding Goodwill": NaN,
        "Net Income From Continuing Operation Net Minority Interest": NaN,
        "Reconciled Depreciation": NaN,
        "Reconciled Cost Of Revenue": NaN,
        "EBITDA": NaN,
        "EBIT": NaN,
        "Net Interest Income": NaN,
        "Interest Expense": NaN,
        "Interest Income": NaN,
        "Normalized Income": NaN,
        "Net Income From Continuing And Discontinued Operation": NaN,
        "Total Expenses": NaN,
        "Rent Expense Supplemental": NaN,
        "Total Operating Income As Reported": NaN,
        "Diluted Average Shares": NaN,
        "Basic Average Shares": NaN,
        "Diluted EPS": NaN,
        "Basic EPS": NaN,
        "Diluted NI Availto Com Stockholders": NaN,
        "Net Income Common Stockholders": NaN,
        "Net Income": NaN,
        "Net Income Including Noncontrolling Interests": NaN,
        "Net Income Continuous Operations": NaN,
        "Tax Provision": NaN,
        "Pretax Income": NaN,
        "Other Income Expense": NaN,
        "Other Non Operating Income Expenses": NaN,
        "Special Income Charges": NaN,
        "Gain On Sale Of Ppe": NaN,
        "Other Special Charges": NaN,
        "Impairment Of Capital Assets": NaN,
        "Gain On Sale Of Security": NaN,
        "Net Non Operating Interest Income Expense": NaN,
        "Interest Expense Non Operating": NaN,
        "Interest Income Non Operating": NaN,
        "Operating Income": NaN,
        "Operating Expense": NaN,
        "Other Operating Expenses": NaN,
        "Selling General And Administration": NaN,
        "General And Administrative Expense": NaN,
        "Other Gand A": 11484000.0,
        "Gross Profit": NaN,
        "Cost Of Revenue": 87015000.0,
        "Total Revenue": NaN,
        "Operating Revenue": NaN
    }
}