{
    "2023-06-30": {
        "Tax Effect Of Unusual Items": -5432.16413,
        "Tax Rate For Calcs": 0.258674,
        "Total Unusual Items": -21000.0,
        "Total Unusual Items Excluding Goodwill": -21000.0,
        "Net Income From Continuing Operation Net Minority Interest": 14170000.0,
        "Reconciled Depreciation": 1238000.0,
        "Net Interest Income": 46691000.0,
        "Interest Expense": 15035000.0,
        "Interest Income": 61726000.0,
        "Normalized Income": 14185567.83587,
        "Net Income From Continuing And Discontinued Operation": 14170000.0,
        "Rent Expense Supplemental": 603000.0,
        "Diluted Average Shares": 22853927.0,
        "Basic Average Shares": 22488463.0,
        "Diluted EPS": 0.62,
        "Basic EPS": 0.63,
        "Diluted NI Availto Com Stockholders": 14170000.0,
        "Net Income Common Stockholders": 14170000.0,
        "Net Income": 14170000.0,
        "Minority Interests": -1512000.0,
        "Net Income Including Noncontrolling Interests": 15682000.0,
        "Net Income Continuous Operations": 15682000.0,
        "Tax Provision": 5472000.0,
        "Pretax Income": 21154000.0,
        "Special Income Charges": -21000.0,
        "Write Off": 21000.0,
        "Gain On Sale Of Security": 99000.0,
        "Depreciation Amortization Depletion Income Statement": 363000.0,
        "Depreciation And Amortization In Income Statement": 363000.0,
        "Amortization": 363000.0,
        "Amortization Of Intangibles Income Statement": 363000.0,
        "Selling General And Administration": 9942000.0,
        "General And Administrative Expense": 9942000.0,
        "Rent And Landing Fees": 603000.0,
        "Salaries And Wages": 9339000.0,
        "Total Revenue": 44685000.0,
        "Operating Revenue": 44685000.0,
        "Professional Expense And Contract Services Expense": 1368000.0,
        "Other Non Interest Expense": 3361000.0
    },
    "2023-03-31": {
        "Tax Effect Of Unusual Items": -69157.772522,
        "Tax Rate For Calcs": 0.274436,
        "Total Unusual Items": -252000.0,
        "Total Unusual Items Excluding Goodwill": -252000.0,
        "Net Income From Continuing Operation Net Minority Interest": 15361000.0,
        "Reconciled Depreciation": 1300000.0,
        "Net Interest Income": 43603000.0,
        "Interest Expense": 12240000.0,
        "Interest Income": 55843000.0,
        "Normalized Income": 15543842.227478,
        "Net Income From Continuing And Discontinued Operation": 15361000.0,
        "Rent Expense Supplemental": 623000.0,
        "Diluted Average Shares": 22975457.0,
        "Basic Average Shares": 22342911.0,
        "Diluted EPS": 0.67,
        "Basic EPS": 0.69,
        "Diluted NI Availto Com Stockholders": 15361000.0,
        "Net Income Common Stockholders": 15361000.0,
        "Net Income": 15361000.0,
        "Minority Interests": -1512000.0,
        "Net Income Including Noncontrolling Interests": 16873000.0,
        "Net Income Continuous Operations": 16873000.0,
        "Tax Provision": 6382000.0,
        "Pretax Income": 23255000.0,
        "Special Income Charges": -252000.0,
        "Write Off": 252000.0,
        "Gain On Sale Of Security": -90000.0,
        "Depreciation Amortization Depletion Income Statement": 360000.0,
        "Depreciation And Amortization In Income Statement": 360000.0,
        "Amortization": 360000.0,
        "Amortization Of Intangibles Income Statement": 360000.0,
        "Selling General And Administration": 9459000.0,
        "General And Administrative Expense": 9459000.0,
        "Rent And Landing Fees": 623000.0,
        "Salaries And Wages": 8836000.0,
        "Total Revenue": 43716000.0,
        "Operating Revenue": 43716000.0,
        "Professional Expense And Contract Services Expense": 1707000.0,
        "Other Non Interest Expense": 4645000.0
    },
    "2022-12-31": {
        "Tax Effect Of Unusual Items": -12647.816349,
        "Tax Rate For Calcs": 0.258119,
        "Total Unusual Items": -49000.0,
        "Total Unusual Items Excluding Goodwill": -49000.0,
        "Net Income From Continuing Operation Net Minority Interest": 13063000.0,
        "Reconciled Depreciation": 821000.0,
        "Net Interest Income": 43586000.0,
        "Interest Expense": 10927000.0,
        "Interest Income": 54513000.0,
        "Normalized Income": 13099352.183651,
        "Net Income From Continuing And Discontinued Operation": 13063000.0,
        "Rent Expense Supplemental": 614000.0,
        "Diluted Average Shares": 22725292.0,
        "Basic Average Shares": 22286272.0,
        "Diluted EPS": 0.57,
        "Basic EPS": 0.59,
        "Diluted NI Availto Com Stockholders": 13063000.0,
        "Net Income Common Stockholders": 13063000.0,
        "Net Income": 13063000.0,
        "Minority Interests": -1512000.0,
        "Net Income Including Noncontrolling Interests": 14575000.0,
        "Net Income Continuous Operations": 14575000.0,
        "Tax Provision": 5071000.0,
        "Pretax Income": 19646000.0,
        "Special Income Charges": -49000.0,
        "Write Off": 49000.0,
        "Gain On Sale Of Security": -206000.0,
        "Depreciation Amortization Depletion Income Statement": 363000.0,
        "Depreciation And Amortization In Income Statement": 363000.0,
        "Amortization": 363000.0,
        "Amortization Of Intangibles Income Statement": 363000.0,
        "Selling General And Administration": 6414000.0,
        "General And Administrative Expense": 6414000.0,
        "Rent And Landing Fees": 614000.0,
        "Salaries And Wages": 7421000.0,
        "Total Revenue": 40987000.0,
        "Operating Revenue": 40987000.0
    },
    "2022-09-30": {
        "Tax Effect Of Unusual Items": NaN,
        "Tax Rate For Calcs": NaN,
        "Total Unusual Items": NaN,
        "Total Unusual Items Excluding Goodwill": NaN,
        "Net Income From Continuing Operation Net Minority Interest": NaN,
        "Reconciled Depreciation": NaN,
        "Net Interest Income": NaN,
        "Interest Expense": NaN,
        "Interest Income": NaN,
        "Normalized Income": NaN,
        "Net Income From Continuing And Discontinued Operation": NaN,
        "Rent Expense Supplemental": NaN,
        "Diluted Average Shares": NaN,
        "Basic Average Shares": NaN,
        "Diluted EPS": NaN,
        "Basic EPS": NaN,
        "Diluted NI Availto Com Stockholders": NaN,
        "Net Income Common Stockholders": NaN,
        "Net Income": NaN,
        "Minority Interests": NaN,
        "Net Income Including Noncontrolling Interests": NaN,
        "Net Income Continuous Operations": NaN,
        "Tax Provision": NaN,
        "Pretax Income": NaN,
        "Special Income Charges": NaN,
        "Write Off": NaN,
        "Gain On Sale Of Security": NaN,
        "Depreciation Amortization Depletion Income Statement": NaN,
        "Depreciation And Amortization In Income Statement": NaN,
        "Amortization": NaN,
        "Amortization Of Intangibles Income Statement": NaN,
        "Selling General And Administration": NaN,
        "General And Administrative Expense": NaN,
        "Other Gand A": 610000.0,
        "Rent And Landing Fees": NaN,
        "Salaries And Wages": NaN,
        "Total Revenue": NaN,
        "Operating Revenue": NaN
    },
    "2022-06-30": {
        "Tax Effect Of Unusual Items": -31604.616871,
        "Tax Rate For Calcs": 0.246911,
        "Total Unusual Items": -128000.0,
        "Total Unusual Items Excluding Goodwill": -128000.0,
        "Net Income From Continuing Operation Net Minority Interest": 13300000.0,
        "Reconciled Depreciation": 1204000.0,
        "Net Interest Income": 38881000.0,
        "Interest Expense": 8230000.0,
        "Interest Income": 47111000.0,
        "Normalized Income": 13396395.383129,
        "Net Income From Continuing And Discontinued Operation": 13300000.0,
        "Rent Expense Supplemental": 490000.0,
        "Diluted Average Shares": 24421867.0,
        "Basic Average Shares": 24153015.0,
        "Diluted EPS": 0.54,
        "Basic EPS": 0.55,
        "Diluted NI Availto Com Stockholders": 13300000.0,
        "Net Income Common Stockholders": 13300000.0,
        "Net Income": 13300000.0,
        "Minority Interests": -1511000.0,
        "Net Income Including Noncontrolling Interests": 14811000.0,
        "Net Income Continuous Operations": 14811000.0,
        "Tax Provision": 4856000.0,
        "Pretax Income": 19667000.0,
        "Special Income Charges": -128000.0,
        "Write Off": 128000.0,
        "Gain On Sale Of Security": 4241000.0,
        "Depreciation Amortization Depletion Income Statement": 363000.0,
        "Depreciation And Amortization In Income Statement": 363000.0,
        "Amortization": 363000.0,
        "Amortization Of Intangibles Income Statement": 363000.0,
        "Selling General And Administration": 7730000.0,
        "General And Administrative Expense": 7730000.0,
        "Other Gand A": 560000.0,
        "Rent And Landing Fees": 490000.0,
        "Salaries And Wages": 7730000.0,
        "Total Revenue": 43249000.0,
        "Operating Revenue": 43249000.0
    },
    "2022-03-31": {
        "Diluted EPS": 0.39,
        "Total Revenue": 45,
        "Gross Profit": 37,
        "Operating Income": 16,
        "EBIT": NaN,
        "Net Income": 10
    },
    "2021-12-31": {
        "Diluted EPS": 0.78,
        "Total Revenue": 58,
        "Gross Profit": 50,
        "Operating Income": 28,
        "EBIT": NaN,
        "Net Income": 19
    },
    "2021-09-30": {
        "Diluted EPS": 0.64,
        "Total Revenue": 49,
        "Gross Profit": 41,
        "Operating Income": 23,
        "EBIT": NaN,
        "Net Income": 16
    },
    "2021-06-30": {
        "Diluted EPS": 0.41,
        "Total Revenue": 45,
        "Gross Profit": 37,
        "Operating Income": 18,
        "EBIT": NaN,
        "Net Income": 10
    },
    "2021-03-31": {
        "Diluted EPS": 0.34,
        "Total Revenue": 39,
        "Gross Profit": 31,
        "Operating Income": 13,
        "EBIT": NaN,
        "Net Income": 8
    },
    "2020-12-31": {
        "Diluted EPS": 0.27,
        "Total Revenue": 33,
        "Gross Profit": 25,
        "Operating Income": 11,
        "EBIT": NaN,
        "Net Income": 6
    },
    "2020-09-30": {
        "Diluted EPS": -0.97,
        "Total Revenue": 38,
        "Gross Profit": 30,
        "Operating Income": -28,
        "EBIT": NaN,
        "Net Income": -24
    },
    "2020-06-30": {
        "Diluted EPS": -0.16,
        "Total Revenue": 39,
        "Gross Profit": 30,
        "Operating Income": -3,
        "EBIT": NaN,
        "Net Income": -4
    },
    "2020-03-31": {
        "Diluted EPS": -0.56,
        "Total Revenue": 29,
        "Gross Profit": 20,
        "Operating Income": -16,
        "EBIT": NaN,
        "Net Income": -14
    },
    "2019-12-31": {
        "Diluted EPS": -0.01,
        "Total Revenue": 39,
        "Gross Profit": 30,
        "Operating Income": 2,
        "EBIT": NaN,
        "Net Income": 0
    },
    "2019-09-30": {
        "Diluted EPS": 0.2,
        "Total Revenue": 44,
        "Gross Profit": 34,
        "Operating Income": 8,
        "EBIT": NaN,
        "Net Income": 5
    },
    "2019-06-30": {
        "Diluted EPS": -0.31,
        "Total Revenue": 34,
        "Gross Profit": 25,
        "Operating Income": -8,
        "EBIT": NaN,
        "Net Income": -8
    },
    "2019-03-31": {
        "Diluted EPS": 0.05,
        "Total Revenue": 37,
        "Gross Profit": 29,
        "Operating Income": 1,
        "EBIT": NaN,
        "Net Income": 1
    },
    "2018-12-31": {
        "Diluted EPS": 0.38,
        "Total Revenue": 59,
        "Gross Profit": 51,
        "Operating Income": 15,
        "EBIT": NaN,
        "Net Income": 9
    },
    "2018-09-30": {
        "Diluted EPS": -0.19,
        "Total Revenue": 43,
        "Gross Profit": 34,
        "Operating Income": -4,
        "EBIT": NaN,
        "Net Income": -5
    },
    "2018-06-30": {
        "Diluted EPS": -0.6,
        "Total Revenue": 38,
        "Gross Profit": 30,
        "Operating Income": -18,
        "EBIT": NaN,
        "Net Income": -15
    },
    "2018-03-31": {
        "Diluted EPS": -0.62,
        "Total Revenue": 4,
        "Gross Profit": 1,
        "Operating Income": -4,
        "EBIT": NaN,
        "Net Income": -15
    },
    "2017-12-31": {
        "Diluted EPS": 0.13,
        "Total Revenue": 6,
        "Gross Profit": 3,
        "Operating Income": -2,
        "EBIT": NaN,
        "Net Income": 3
    },
    "2017-09-30": {
        "Diluted EPS": 0.03,
        "Total Revenue": 6,
        "Gross Profit": 2,
        "Operating Income": -2,
        "EBIT": NaN,
        "Net Income": 1
    },
    "2017-06-30": {
        "Diluted EPS": -0.2,
        "Total Revenue": 4,
        "Gross Profit": 0,
        "Operating Income": -3,
        "EBIT": NaN,
        "Net Income": -5
    },
    "2017-03-31": {
        "Diluted EPS": 0.05,
        "Total Revenue": 4,
        "Gross Profit": 1,
        "Operating Income": -1,
        "EBIT": NaN,
        "Net Income": 1
    },
    "2016-12-31": {
        "Diluted EPS": 0.29,
        "Total Revenue": 5,
        "Gross Profit": 2,
        "Operating Income": -4,
        "EBIT": NaN,
        "Net Income": 7
    },
    "2016-09-30": {
        "Diluted EPS": 0.21,
        "Total Revenue": 5,
        "Gross Profit": 2,
        "Operating Income": -3,
        "EBIT": NaN,
        "Net Income": 5
    },
    "2016-06-30": {
        "Diluted EPS": 0.19,
        "Total Revenue": 6,
        "Gross Profit": 2,
        "Operating Income": -1,
        "EBIT": NaN,
        "Net Income": 5
    },
    "2016-03-31": {
        "Diluted EPS": 0.28,
        "Total Revenue": 9,
        "Gross Profit": 6,
        "Operating Income": 2,
        "EBIT": NaN,
        "Net Income": 7
    },
    "2015-12-31": {
        "Diluted EPS": 0.28,
        "Total Revenue": 9,
        "Gross Profit": 7,
        "Operating Income": 3,
        "EBIT": NaN,
        "Net Income": 7
    },
    "2015-09-30": {
        "Diluted EPS": 0.3,
        "Total Revenue": 11,
        "Gross Profit": 8,
        "Operating Income": 4,
        "EBIT": NaN,
        "Net Income": 7
    },
    "2015-06-30": {
        "Diluted EPS": 0.33,
        "Total Revenue": 11,
        "Gross Profit": 9,
        "Operating Income": 4,
        "EBIT": NaN,
        "Net Income": 8
    },
    "2015-03-31": {
        "Diluted EPS": 0.29,
        "Total Revenue": 12,
        "Gross Profit": 10,
        "Operating Income": 5,
        "EBIT": NaN,
        "Net Income": 7
    },
    "2014-12-31": {
        "Diluted EPS": 0.32,
        "Total Revenue": 11,
        "Gross Profit": 9,
        "Operating Income": 3,
        "EBIT": NaN,
        "Net Income": 8
    },
    "2014-09-30": {
        "Diluted EPS": 0.27,
        "Total Revenue": 12,
        "Gross Profit": 9,
        "Operating Income": 5,
        "EBIT": NaN,
        "Net Income": 7
    },
    "2014-06-30": {
        "Diluted EPS": 0.28,
        "Total Revenue": 10,
        "Gross Profit": 8,
        "Operating Income": 4,
        "EBIT": NaN,
        "Net Income": 7
    },
    "2014-03-31": {
        "Diluted EPS": 0.27,
        "Total Revenue": 9,
        "Gross Profit": 7,
        "Operating Income": 3,
        "EBIT": NaN,
        "Net Income": 7
    },
    "2013-12-31": {
        "Diluted EPS": 0.29,
        "Total Revenue": 10,
        "Gross Profit": 8,
        "Operating Income": 4,
        "EBIT": NaN,
        "Net Income": 7
    },
    "2013-09-30": {
        "Diluted EPS": 0.29,
        "Total Revenue": 10,
        "Gross Profit": 8,
        "Operating Income": 4,
        "EBIT": NaN,
        "Net Income": 6
    },
    "2013-06-30": {
        "Diluted EPS": 0.28,
        "Total Revenue": 8,
        "Gross Profit": 6,
        "Operating Income": 2,
        "EBIT": NaN,
        "Net Income": 6
    },
    "2013-03-31": {
        "Diluted EPS": 0.3,
        "Total Revenue": 9,
        "Gross Profit": 6,
        "Operating Income": 2,
        "EBIT": NaN,
        "Net Income": 6
    },
    "2012-12-31": {
        "Diluted EPS": 0.3,
        "Total Revenue": 9,
        "Gross Profit": 7,
        "Operating Income": 4,
        "EBIT": NaN,
        "Net Income": 7
    },
    "2012-09-30": {
        "Diluted EPS": 0.31,
        "Total Revenue": 7,
        "Gross Profit": 5,
        "Operating Income": 1,
        "EBIT": NaN,
        "Net Income": 7
    },
    "2012-06-30": {
        "Diluted EPS": 0.3,
        "Total Revenue": 8,
        "Gross Profit": 5,
        "Operating Income": 2,
        "EBIT": NaN,
        "Net Income": 6
    },
    "2012-03-31": {
        "Diluted EPS": 0.3,
        "Total Revenue": 8,
        "Gross Profit": 5,
        "Operating Income": 2,
        "EBIT": NaN,
        "Net Income": 5
    },
    "2011-12-31": {
        "Diluted EPS": 0.33,
        "Total Revenue": 11,
        "Gross Profit": 8,
        "Operating Income": 5,
        "EBIT": NaN,
        "Net Income": 6
    },
    "2011-09-30": {
        "Diluted EPS": 0.27,
        "Total Revenue": 8,
        "Gross Profit": 5,
        "Operating Income": 1,
        "EBIT": NaN,
        "Net Income": 5
    },
    "2011-06-30": {
        "Diluted EPS": 0.25,
        "Total Revenue": 9,
        "Gross Profit": 5,
        "Operating Income": 1,
        "EBIT": NaN,
        "Net Income": 4
    },
    "2011-03-31": {
        "Diluted EPS": 0.24,
        "Total Revenue": 10,
        "Gross Profit": 7,
        "Operating Income": 3,
        "EBIT": NaN,
        "Net Income": 4
    },
    "2010-12-31": {
        "Diluted EPS": 0.26,
        "Total Revenue": 9,
        "Gross Profit": 6,
        "Operating Income": 2,
        "EBIT": NaN,
        "Net Income": 5
    },
    "2010-09-30": {
        "Diluted EPS": 0.2,
        "Total Revenue": 11,
        "Gross Profit": 7,
        "Operating Income": 2,
        "EBIT": NaN,
        "Net Income": 3
    },
    "2010-06-30": {
        "Diluted EPS": 0.17,
        "Total Revenue": 11,
        "Gross Profit": 7,
        "Operating Income": 3,
        "EBIT": NaN,
        "Net Income": 3
    },
    "2010-03-31": {
        "Diluted EPS": 0.01,
        "Total Revenue": 10,
        "Gross Profit": 7,
        "Operating Income": 2,
        "EBIT": NaN,
        "Net Income": 0
    },
    "2009-12-31": {
        "Diluted EPS": -0.32,
        "Total Revenue": 11,
        "Gross Profit": 7,
        "Operating Income": 2,
        "EBIT": NaN,
        "Net Income": -6
    },
    "2009-09-30": {
        "Diluted EPS": 0.16,
        "Total Revenue": 11,
        "Gross Profit": 7,
        "Operating Income": 2,
        "EBIT": NaN,
        "Net Income": 3
    },
    "2009-06-30": {
        "Diluted EPS": 0.11,
        "Total Revenue": 11,
        "Gross Profit": 7,
        "Operating Income": 2,
        "EBIT": NaN,
        "Net Income": 2
    },
    "2009-03-31": {
        "Diluted EPS": 0.11,
        "Total Revenue": 11,
        "Gross Profit": 7,
        "Operating Income": 2,
        "EBIT": NaN,
        "Net Income": 2
    },
    "2023-09-30": {
        "Tax Effect Of Unusual Items": NaN,
        "Tax Rate For Calcs": NaN,
        "Total Unusual Items": NaN,
        "Total Unusual Items Excluding Goodwill": NaN,
        "Net Income From Continuing Operation Net Minority Interest": NaN,
        "Reconciled Depreciation": NaN,
        "Net Interest Income": NaN,
        "Interest Expense": NaN,
        "Interest Income": NaN,
        "Normalized Income": NaN,
        "Net Income From Continuing And Discontinued Operation": NaN,
        "Rent Expense Supplemental": NaN,
        "Diluted Average Shares": 23392901.0,
        "Basic Average Shares": 22596982.0,
        "Diluted EPS": 0.48,
        "Basic EPS": 0.5,
        "Diluted NI Availto Com Stockholders": NaN,
        "Net Income Common Stockholders": NaN,
        "Net Income": NaN,
        "Minority Interests": NaN,
        "Net Income Including Noncontrolling Interests": NaN,
        "Net Income Continuous Operations": NaN,
        "Tax Provision": NaN,
        "Pretax Income": NaN,
        "Special Income Charges": NaN,
        "Write Off": NaN,
        "Gain On Sale Of Security": NaN,
        "Depreciation Amortization Depletion Income Statement": NaN,
        "Depreciation And Amortization In Income Statement": NaN,
        "Amortization": NaN,
        "Amortization Of Intangibles Income Statement": NaN,
        "Selling General And Administration": NaN,
        "General And Administrative Expense": NaN,
        "Rent And Landing Fees": NaN,
        "Salaries And Wages": NaN,
        "Total Revenue": NaN,
        "Operating Revenue": NaN,
        "Professional Expense And Contract Services Expense": NaN,
        "Other Non Interest Expense": NaN
    },
    "2023-12-31": {
        "Tax Effect Of Unusual Items": -397838.335515,
        "Tax Rate For Calcs": 0.285598,
        "Total Unusual Items": -1393000.0,
        "Total Unusual Items Excluding Goodwill": -1393000.0,
        "Net Income From Continuing Operation Net Minority Interest": 14318000.0,
        "Reconciled Depreciation": 1365000.0,
        "Net Interest Income": 49018000.0,
        "Interest Expense": 18567000.0,
        "Interest Income": 67585000.0,
        "Normalized Income": 15313161.664485,
        "Net Income From Continuing And Discontinued Operation": 14318000.0,
        "Rent Expense Supplemental": 617000.0,
        "Diluted Average Shares": 23765866.0,
        "Basic Average Shares": 22608243.0,
        "Diluted EPS": 0.6,
        "Basic EPS": 0.63,
        "Diluted NI Availto Com Stockholders": 14318000.0,
        "Net Income Common Stockholders": 14318000.0,
        "Net Income": 14318000.0,
        "Minority Interests": -1511000.0,
        "Net Income Including Noncontrolling Interests": 15829000.0,
        "Net Income Continuous Operations": 15829000.0,
        "Tax Provision": 6328000.0,
        "Pretax Income": 22157000.0,
        "Special Income Charges": -1393000.0,
        "Write Off": 1393000.0,
        "Gain On Sale Of Security": 2989000.0,
        "Depreciation Amortization Depletion Income Statement": 361000.0,
        "Depreciation And Amortization In Income Statement": 361000.0,
        "Amortization": 361000.0,
        "Amortization Of Intangibles Income Statement": 361000.0,
        "Selling General And Administration": 10374000.0,
        "General And Administrative Expense": 10374000.0,
        "Rent And Landing Fees": 617000.0,
        "Salaries And Wages": 9757000.0,
        "Total Revenue": 49669000.0,
        "Operating Revenue": 49669000.0,
        "Professional Expense And Contract Services Expense": 1663000.0,
        "Other Non Interest Expense": 2956000.0
    },
    "2024-03-31": {
        "Tax Effect Of Unusual Items": 0.0,
        "Tax Rate For Calcs": 0.355315,
        "Total Unusual Items": 0.0,
        "Total Unusual Items Excluding Goodwill": 0.0,
        "Net Income From Continuing Operation Net Minority Interest": 10024000.0,
        "Reconciled Depreciation": 1381000.0,
        "Net Interest Income": 47917000.0,
        "Interest Expense": 19153000.0,
        "Interest Income": 67070000.0,
        "Normalized Income": 10024000.0,
        "Net Income From Continuing And Discontinued Operation": 10024000.0,
        "Rent Expense Supplemental": 657000.0,
        "Diluted Average Shares": 23765045.0,
        "Basic Average Shares": 22641385.0,
        "Diluted EPS": 0.42,
        "Basic EPS": 0.44,
        "Diluted NI Availto Com Stockholders": 10024000.0,
        "Net Income Common Stockholders": 10024000.0,
        "Net Income": 10024000.0,
        "Minority Interests": -1512000.0,
        "Net Income Including Noncontrolling Interests": 11536000.0,
        "Net Income Continuous Operations": 11536000.0,
        "Tax Provision": 6358000.0,
        "Pretax Income": 17894000.0,
        "Special Income Charges": 0.0,
        "Write Off": 0.0,
        "Gain On Sale Of Security": 4167000.0,
        "Depreciation Amortization Depletion Income Statement": 361000.0,
        "Depreciation And Amortization In Income Statement": 361000.0,
        "Amortization": 361000.0,
        "Amortization Of Intangibles Income Statement": 361000.0,
        "Selling General And Administration": 10114000.0,
        "General And Administrative Expense": 10114000.0,
        "Rent And Landing Fees": 657000.0,
        "Salaries And Wages": 9457000.0,
        "Total Revenue": 49383000.0,
        "Operating Revenue": 49383000.0,
        "Professional Expense And Contract Services Expense": 771000.0,
        "Other Non Interest Expense": 3042000.0
    },
    "2024-06-30": {
        "Tax Effect Of Unusual Items": 0.0,
        "Tax Rate For Calcs": 0.305123,
        "Total Unusual Items": 0.0,
        "Total Unusual Items Excluding Goodwill": 0.0,
        "Net Income From Continuing Operation Net Minority Interest": 7101000.0,
        "Reconciled Depreciation": 1336000.0,
        "Net Interest Income": 49868000.0,
        "Interest Expense": 20836000.0,
        "Interest Income": 70704000.0,
        "Normalized Income": 7101000.0,
        "Net Income From Continuing And Discontinued Operation": 7101000.0,
        "Rent Expense Supplemental": 698000.0,
        "Diluted Average Shares": 23453162.0,
        "Basic Average Shares": 22598102.0,
        "Diluted EPS": 0.3,
        "Basic EPS": 0.31,
        "Diluted NI Availto Com Stockholders": 7101000.0,
        "Net Income Common Stockholders": 7101000.0,
        "Net Income": 7101000.0,
        "Minority Interests": -1512000.0,
        "Net Income Including Noncontrolling Interests": 8613000.0,
        "Net Income Continuous Operations": 8613000.0,
        "Tax Provision": 3782000.0,
        "Pretax Income": 12395000.0,
        "Special Income Charges": 0.0,
        "Write Off": 0.0,
        "Gain On Sale Of Security": -512000.0,
        "Depreciation Amortization Depletion Income Statement": 362000.0,
        "Depreciation And Amortization In Income Statement": 362000.0,
        "Amortization": 362000.0,
        "Amortization Of Intangibles Income Statement": 362000.0,
        "Selling General And Administration": 10133000.0,
        "General And Administrative Expense": 10133000.0,
        "Rent And Landing Fees": 698000.0,
        "Salaries And Wages": 9435000.0,
        "Total Revenue": 46616000.0,
        "Operating Revenue": 46616000.0,
        "Professional Expense And Contract Services Expense": 1845000.0,
        "Other Non Interest Expense": 3304000.0
    },
    "2024-09-30": {
        "Tax Effect Of Unusual Items": -5434.12329,
        "Tax Rate For Calcs": 0.286006,
        "Total Unusual Items": -19000.0,
        "Total Unusual Items Excluding Goodwill": -19000.0,
        "Net Income From Continuing Operation Net Minority Interest": 8611000.0,
        "Reconciled Depreciation": 1648000.0,
        "Net Interest Income": 52737000.0,
        "Interest Expense": 23672000.0,
        "Interest Income": 76409000.0,
        "Normalized Income": 8624565.87671,
        "Net Income From Continuing And Discontinued Operation": 8611000.0,
        "Rent Expense Supplemental": 664000.0,
        "Diluted Average Shares": 23447929.0,
        "Basic Average Shares": 22490792.0,
        "Diluted EPS": 0.37,
        "Basic EPS": 0.38,
        "Diluted NI Availto Com Stockholders": 8611000.0,
        "Net Income Common Stockholders": 8611000.0,
        "Net Income": 8611000.0,
        "Minority Interests": -1512000.0,
        "Net Income Including Noncontrolling Interests": 10123000.0,
        "Net Income Continuous Operations": 10123000.0,
        "Tax Provision": 4055000.0,
        "Pretax Income": 14178000.0,
        "Special Income Charges": -19000.0,
        "Write Off": 19000.0,
        "Gain On Sale Of Security": -519000.0,
        "Depreciation Amortization Depletion Income Statement": 361000.0,
        "Depreciation And Amortization In Income Statement": 361000.0,
        "Amortization": 361000.0,
        "Amortization Of Intangibles Income Statement": 361000.0,
        "Selling General And Administration": 10120000.0,
        "General And Administrative Expense": 10120000.0,
        "Rent And Landing Fees": 664000.0,
        "Salaries And Wages": 9456000.0,
        "Total Revenue": 48880000.0,
        "Operating Revenue": 48880000.0,
        "Professional Expense And Contract Services Expense": 818000.0,
        "Other Non Interest Expense": 3233000.0
    },
    "2024-12-31": {
        "Tax Effect Of Unusual Items": -1294809.410363,
        "Tax Rate For Calcs": 0.368997,
        "Total Unusual Items": -3509000.0,
        "Total Unusual Items Excluding Goodwill": -3509000.0,
        "Net Income From Continuing Operation Net Minority Interest": 10142000.0,
        "Reconciled Depreciation": 1852000.0,
        "Net Interest Income": 52013000.0,
        "Interest Expense": 24506000.0,
        "Interest Income": 76519000.0,
        "Normalized Income": 12356190.589637,
        "Net Income From Continuing And Discontinued Operation": 10142000.0,
        "Rent Expense Supplemental": 663000.0,
        "Diluted Average Shares": NaN,
        "Basic Average Shares": NaN,
        "Diluted EPS": NaN,
        "Basic EPS": NaN,
        "Diluted NI Availto Com Stockholders": 10142000.0,
        "Net Income Common Stockholders": 10142000.0,
        "Net Income": 10142000.0,
        "Minority Interests": -1512000.0,
        "Net Income Including Noncontrolling Interests": 11654000.0,
        "Net Income Continuous Operations": 11654000.0,
        "Tax Provision": 6815000.0,
        "Pretax Income": 18469000.0,
        "Special Income Charges": -3509000.0,
        "Write Off": 509000.0,
        "Gain On Sale Of Security": 3781000.0,
        "Depreciation Amortization Depletion Income Statement": 361000.0,
        "Depreciation And Amortization In Income Statement": 361000.0,
        "Amortization": 361000.0,
        "Amortization Of Intangibles Income Statement": 361000.0,
        "Selling General And Administration": 10660000.0,
        "General And Administrative Expense": 10660000.0,
        "Rent And Landing Fees": 663000.0,
        "Salaries And Wages": 9997000.0,
        "Total Revenue": 58742000.0,
        "Operating Revenue": 58742000.0,
        "Professional Expense And Contract Services Expense": -4806000.0,
        "Other Non Interest Expense": 9976000.0
    }
}