{
    "2023-03-31": {
        "Tax Effect Of Unusual Items": 0.0,
        "Tax Rate For Calcs": 0.0,
        "Normalized EBITDA": -805741.0,
        "Net Income From Continuing Operation Net Minority Interest": -811092.0,
        "Reconciled Depreciation": 9990.0,
        "Reconciled Cost Of Revenue": 0.0,
        "EBITDA": -805741.0,
        "EBIT": -815731.0,
        "Net Interest Income": 3647.0,
        "Interest Expense": NaN,
        "Interest Income": 3647.0,
        "Normalized Income": -811092.0,
        "Net Income From Continuing And Discontinued Operation": -811092.0,
        "Total Expenses": 815731.0,
        "Total Operating Income As Reported": -815731.0,
        "Diluted Average Shares": 20421593.0,
        "Basic Average Shares": 20421593.0,
        "Diluted EPS": -0.04,
        "Basic EPS": -0.04,
        "Diluted NI Availto Com Stockholders": -811092.0,
        "Net Income Common Stockholders": -811092.0,
        "Net Income": -811092.0,
        "Minority Interests": 992.0,
        "Net Income Including Noncontrolling Interests": -812084.0,
        "Net Income Continuous Operations": -812084.0,
        "Tax Provision": 0.0,
        "Pretax Income": -812084.0,
        "Net Non Operating Interest Income Expense": 3647.0,
        "Interest Expense Non Operating": NaN,
        "Interest Income Non Operating": 3647.0,
        "Operating Income": -815731.0,
        "Operating Expense": 815731.0,
        "Research And Development": NaN,
        "Selling General And Administration": 815731.0,
        "Selling And Marketing Expense": NaN,
        "General And Administrative Expense": 815731.0,
        "Other Gand A": 815731.0,
        "Gross Profit": 0.0,
        "Cost Of Revenue": 0.0,
        "Total Revenue": 0.0,
        "Operating Revenue": 0.0
    },
    "2022-12-31": {
        "Tax Effect Of Unusual Items": 0.0,
        "Tax Rate For Calcs": 0.0,
        "Normalized EBITDA": -739795.0,
        "Net Income From Continuing Operation Net Minority Interest": -739139.0,
        "Reconciled Depreciation": NaN,
        "Reconciled Cost Of Revenue": 0.0,
        "EBITDA": -739795.0,
        "EBIT": -739795.0,
        "Net Interest Income": 0.0,
        "Interest Expense": 0.0,
        "Interest Income": NaN,
        "Normalized Income": -739139.0,
        "Net Income From Continuing And Discontinued Operation": -739139.0,
        "Total Expenses": 739795.0,
        "Total Operating Income As Reported": -739795.0,
        "Diluted Average Shares": NaN,
        "Basic Average Shares": NaN,
        "Diluted EPS": NaN,
        "Basic EPS": NaN,
        "Diluted NI Availto Com Stockholders": -739139.0,
        "Net Income Common Stockholders": -739139.0,
        "Net Income": -739139.0,
        "Minority Interests": NaN,
        "Net Income Including Noncontrolling Interests": -739795.0,
        "Net Income Continuous Operations": -739795.0,
        "Tax Provision": 0.0,
        "Pretax Income": -739795.0,
        "Net Non Operating Interest Income Expense": 0.0,
        "Interest Expense Non Operating": 0.0,
        "Interest Income Non Operating": NaN,
        "Operating Income": -739795.0,
        "Operating Expense": 739795.0,
        "Research And Development": NaN,
        "Selling General And Administration": 739795.0,
        "Selling And Marketing Expense": NaN,
        "General And Administrative Expense": 739795.0,
        "Other Gand A": 739795.0,
        "Gross Profit": 0.0,
        "Cost Of Revenue": 0.0,
        "Total Revenue": 0.0,
        "Operating Revenue": 0.0
    },
    "2022-09-30": {
        "Tax Effect Of Unusual Items": 0.0,
        "Tax Rate For Calcs": 0.0,
        "Normalized EBITDA": -369302.0,
        "Net Income From Continuing Operation Net Minority Interest": -370624.0,
        "Reconciled Depreciation": NaN,
        "Reconciled Cost Of Revenue": 0.0,
        "EBITDA": -369302.0,
        "EBIT": -369302.0,
        "Net Interest Income": -1322.0,
        "Interest Expense": 1322.0,
        "Interest Income": NaN,
        "Normalized Income": -370624.0,
        "Net Income From Continuing And Discontinued Operation": -370624.0,
        "Total Expenses": 369302.0,
        "Total Operating Income As Reported": -369302.0,
        "Diluted Average Shares": 18134610.0,
        "Basic Average Shares": 18134610.0,
        "Diluted EPS": -0.02,
        "Basic EPS": -0.02,
        "Diluted NI Availto Com Stockholders": -370624.0,
        "Net Income Common Stockholders": -370624.0,
        "Net Income": -370624.0,
        "Minority Interests": NaN,
        "Net Income Including Noncontrolling Interests": -370624.0,
        "Net Income Continuous Operations": -370624.0,
        "Tax Provision": 0.0,
        "Pretax Income": -370624.0,
        "Net Non Operating Interest Income Expense": -1322.0,
        "Interest Expense Non Operating": 1322.0,
        "Interest Income Non Operating": NaN,
        "Operating Income": -369302.0,
        "Operating Expense": 369302.0,
        "Research And Development": NaN,
        "Selling General And Administration": 369302.0,
        "Selling And Marketing Expense": NaN,
        "General And Administrative Expense": 369302.0,
        "Other Gand A": 369302.0,
        "Gross Profit": 0.0,
        "Cost Of Revenue": 0.0,
        "Total Revenue": 0.0,
        "Operating Revenue": 0.0
    },
    "2022-06-30": {
        "Tax Effect Of Unusual Items": 0.0,
        "Tax Rate For Calcs": 0.0,
        "Normalized EBITDA": -85783.0,
        "Net Income From Continuing Operation Net Minority Interest": -85783.0,
        "Reconciled Depreciation": NaN,
        "Reconciled Cost Of Revenue": 0.0,
        "EBITDA": -85783.0,
        "EBIT": -85783.0,
        "Net Interest Income": NaN,
        "Interest Expense": NaN,
        "Interest Income": NaN,
        "Normalized Income": -85783.0,
        "Net Income From Continuing And Discontinued Operation": -85783.0,
        "Total Expenses": 85783.0,
        "Total Operating Income As Reported": -85783.0,
        "Diluted Average Shares": 18309800.0,
        "Basic Average Shares": 18309800.0,
        "Diluted EPS": -0.004685,
        "Basic EPS": -0.004685,
        "Diluted NI Availto Com Stockholders": -85783.0,
        "Net Income Common Stockholders": -85783.0,
        "Net Income": -85783.0,
        "Minority Interests": NaN,
        "Net Income Including Noncontrolling Interests": -85783.0,
        "Net Income Continuous Operations": -85783.0,
        "Tax Provision": 0.0,
        "Pretax Income": -85783.0,
        "Net Non Operating Interest Income Expense": NaN,
        "Interest Expense Non Operating": NaN,
        "Interest Income Non Operating": NaN,
        "Operating Income": -85783.0,
        "Operating Expense": 85783.0,
        "Research And Development": 46480.0,
        "Selling General And Administration": 39303.0,
        "General And Administrative Expense": 39303.0,
        "Other Gand A": 39303.0,
        "Gross Profit": 0.0,
        "Cost Of Revenue": 0.0,
        "Total Revenue": 0.0,
        "Operating Revenue": 0.0
    },
    "2022-03-31": {
        "Diluted EPS": -0.01,
        "Total Revenue": NaN,
        "Gross Profit": NaN,
        "Operating Income": 0,
        "EBIT": 0,
        "Net Income": 0
    },
    "2021-12-31": {
        "Diluted EPS": 0.0,
        "Total Revenue": NaN,
        "Gross Profit": NaN,
        "Operating Income": NaN,
        "EBIT": NaN,
        "Net Income": NaN
    },
    "2021-09-30": {
        "Diluted EPS": 0.0,
        "Total Revenue": NaN,
        "Gross Profit": NaN,
        "Operating Income": 0,
        "EBIT": 0,
        "Net Income": 0
    },
    "2021-06-30": {
        "Diluted EPS": 0.0,
        "Total Revenue": NaN,
        "Gross Profit": NaN,
        "Operating Income": 0,
        "EBIT": 0,
        "Net Income": 0
    },
    "2023-06-30": {
        "Tax Effect Of Unusual Items": 0.0,
        "Tax Rate For Calcs": 0.0,
        "Normalized EBITDA": -878041.0,
        "Net Income From Continuing Operation Net Minority Interest": -890442.0,
        "Reconciled Depreciation": 13311.0,
        "Reconciled Cost Of Revenue": 0.0,
        "EBITDA": -878041.0,
        "EBIT": -891352.0,
        "Net Interest Income": 24610.0,
        "Interest Expense": 0.0,
        "Interest Income": 24610.0,
        "Normalized Income": -890442.0,
        "Net Income From Continuing And Discontinued Operation": -890442.0,
        "Total Expenses": 915962.0,
        "Total Operating Income As Reported": -915962.0,
        "Diluted Average Shares": 20421593.0,
        "Basic Average Shares": 20421593.0,
        "Diluted EPS": -0.04,
        "Basic EPS": -0.04,
        "Diluted NI Availto Com Stockholders": -890442.0,
        "Net Income Common Stockholders": -890442.0,
        "Net Income": -890442.0,
        "Minority Interests": 910.0,
        "Net Income Including Noncontrolling Interests": -891352.0,
        "Net Income Continuous Operations": -891352.0,
        "Tax Provision": 0.0,
        "Pretax Income": -891352.0,
        "Net Non Operating Interest Income Expense": 24610.0,
        "Interest Expense Non Operating": 0.0,
        "Interest Income Non Operating": 24610.0,
        "Operating Income": -915962.0,
        "Operating Expense": 915962.0,
        "Research And Development": 0.0,
        "Selling General And Administration": 915962.0,
        "Selling And Marketing Expense": NaN,
        "General And Administrative Expense": 915962.0,
        "Other Gand A": 915962.0,
        "Gross Profit": 0.0,
        "Cost Of Revenue": 0.0,
        "Total Revenue": 0.0,
        "Operating Revenue": 0.0
    },
    "2023-09-30": {
        "Tax Effect Of Unusual Items": 0.0,
        "Tax Rate For Calcs": 0.0,
        "Normalized EBITDA": -1832912.0,
        "Net Income From Continuing Operation Net Minority Interest": -1844434.0,
        "Reconciled Depreciation": 13530.0,
        "Reconciled Cost Of Revenue": 0.0,
        "EBITDA": -1832912.0,
        "EBIT": -1846442.0,
        "Net Interest Income": 241.0,
        "Interest Expense": 0.0,
        "Interest Income": 241.0,
        "Normalized Income": -1844434.0,
        "Net Income From Continuing And Discontinued Operation": -1844434.0,
        "Total Expenses": 1846683.0,
        "Total Operating Income As Reported": -1846683.0,
        "Diluted Average Shares": 20421593.0,
        "Basic Average Shares": 20421593.0,
        "Diluted EPS": -0.09,
        "Basic EPS": -0.09,
        "Diluted NI Availto Com Stockholders": -1844434.0,
        "Net Income Common Stockholders": -1844434.0,
        "Net Income": -1844434.0,
        "Minority Interests": 2008.0,
        "Net Income Including Noncontrolling Interests": -1846442.0,
        "Net Income Continuous Operations": -1846442.0,
        "Tax Provision": 0.0,
        "Pretax Income": -1846442.0,
        "Net Non Operating Interest Income Expense": 241.0,
        "Interest Expense Non Operating": 0.0,
        "Interest Income Non Operating": 241.0,
        "Operating Income": -1846683.0,
        "Operating Expense": 1846683.0,
        "Research And Development": NaN,
        "Selling General And Administration": 1846683.0,
        "Selling And Marketing Expense": 601306.0,
        "General And Administrative Expense": 1245377.0,
        "Other Gand A": 1245377.0,
        "Gross Profit": 0.0,
        "Cost Of Revenue": 0.0,
        "Total Revenue": 0.0,
        "Operating Revenue": 0.0
    },
    "2023-12-31": {
        "Tax Effect Of Unusual Items": 0.0,
        "Tax Rate For Calcs": 0.0,
        "Normalized EBITDA": -3211976.0,
        "Net Income From Continuing Operation Net Minority Interest": -3227004.0,
        "Reconciled Depreciation": 15016.0,
        "Reconciled Cost Of Revenue": 0.0,
        "EBITDA": -3211976.0,
        "EBIT": -3226992.0,
        "Net Interest Income": -1819.0,
        "Interest Expense": 1977.0,
        "Interest Income": 158.0,
        "Normalized Income": -3227004.0,
        "Net Income From Continuing And Discontinued Operation": -3227004.0,
        "Total Expenses": 1414373.0,
        "Total Operating Income As Reported": -3227150.0,
        "Diluted Average Shares": NaN,
        "Basic Average Shares": NaN,
        "Diluted EPS": NaN,
        "Basic EPS": NaN,
        "Diluted NI Availto Com Stockholders": -3227004.0,
        "Net Income Common Stockholders": -3227004.0,
        "Net Income": -3227004.0,
        "Minority Interests": 1965.0,
        "Net Income Including Noncontrolling Interests": -3228969.0,
        "Net Income Continuous Operations": -3228969.0,
        "Tax Provision": 0.0,
        "Pretax Income": -3228969.0,
        "Net Non Operating Interest Income Expense": -1819.0,
        "Interest Expense Non Operating": 1977.0,
        "Interest Income Non Operating": 158.0,
        "Operating Income": -1409411.0,
        "Operating Expense": 1414373.0,
        "Research And Development": NaN,
        "Selling General And Administration": 1414373.0,
        "Selling And Marketing Expense": 70602.0,
        "General And Administrative Expense": 1343771.0,
        "Other Gand A": 1343771.0,
        "Gross Profit": 4962.0,
        "Cost Of Revenue": 0.0,
        "Total Revenue": 4962.0,
        "Operating Revenue": 4962.0
    }
}