{
    "2023-03-31": {
        "Tax Effect Of Unusual Items": NaN,
        "Tax Rate For Calcs": NaN,
        "Normalized EBITDA": NaN,
        "Total Unusual Items": NaN,
        "Total Unusual Items Excluding Goodwill": NaN,
        "Net Income From Continuing Operation Net Minority Interest": NaN,
        "Reconciled Depreciation": NaN,
        "Reconciled Cost Of Revenue": NaN,
        "EBITDA": NaN,
        "EBIT": NaN,
        "Net Interest Income": NaN,
        "Interest Expense": NaN,
        "Normalized Income": NaN,
        "Net Income From Continuing And Discontinued Operation": NaN,
        "Total Expenses": NaN,
        "Total Operating Income As Reported": NaN,
        "Diluted Average Shares": NaN,
        "Basic Average Shares": NaN,
        "Diluted EPS": NaN,
        "Basic EPS": NaN,
        "Diluted NI Availto Com Stockholders": NaN,
        "Net Income Common Stockholders": NaN,
        "Net Income": NaN,
        "Net Income Including Noncontrolling Interests": NaN,
        "Net Income Continuous Operations": NaN,
        "Tax Provision": NaN,
        "Pretax Income": NaN,
        "Other Income Expense": NaN,
        "Other Non Operating Income Expenses": NaN,
        "Special Income Charges": NaN,
        "Other Special Charges": -8549000.0,
        "Restructuring And Mergern Acquisition": NaN,
        "Gain On Sale Of Security": NaN,
        "Net Non Operating Interest Income Expense": NaN,
        "Interest Expense Non Operating": NaN,
        "Operating Income": NaN,
        "Operating Expense": NaN,
        "Research And Development": NaN,
        "Selling General And Administration": NaN,
        "Selling And Marketing Expense": NaN,
        "General And Administrative Expense": NaN,
        "Other Gand A": NaN,
        "Salaries And Wages": NaN,
        "Gross Profit": NaN,
        "Cost Of Revenue": NaN,
        "Total Revenue": NaN,
        "Operating Revenue": NaN
    },
    "2022-12-31": {
        "Tax Effect Of Unusual Items": NaN,
        "Tax Rate For Calcs": NaN,
        "Normalized EBITDA": NaN,
        "Total Unusual Items": NaN,
        "Total Unusual Items Excluding Goodwill": NaN,
        "Net Income From Continuing Operation Net Minority Interest": NaN,
        "Reconciled Depreciation": NaN,
        "Reconciled Cost Of Revenue": NaN,
        "EBITDA": NaN,
        "EBIT": NaN,
        "Net Interest Income": NaN,
        "Interest Expense": NaN,
        "Normalized Income": NaN,
        "Net Income From Continuing And Discontinued Operation": NaN,
        "Total Expenses": NaN,
        "Total Operating Income As Reported": NaN,
        "Diluted Average Shares": NaN,
        "Basic Average Shares": NaN,
        "Diluted EPS": NaN,
        "Basic EPS": NaN,
        "Diluted NI Availto Com Stockholders": NaN,
        "Net Income Common Stockholders": NaN,
        "Net Income": NaN,
        "Net Income Including Noncontrolling Interests": NaN,
        "Net Income Continuous Operations": NaN,
        "Tax Provision": NaN,
        "Pretax Income": NaN,
        "Other Income Expense": NaN,
        "Other Non Operating Income Expenses": NaN,
        "Special Income Charges": NaN,
        "Other Special Charges": NaN,
        "Restructuring And Mergern Acquisition": NaN,
        "Gain On Sale Of Security": NaN,
        "Net Non Operating Interest Income Expense": NaN,
        "Total Other Finance Cost": 7987000.0,
        "Interest Expense Non Operating": NaN,
        "Operating Income": NaN,
        "Operating Expense": NaN,
        "Research And Development": NaN,
        "Selling General And Administration": NaN,
        "Selling And Marketing Expense": NaN,
        "General And Administrative Expense": NaN,
        "Other Gand A": NaN,
        "Salaries And Wages": NaN,
        "Gross Profit": NaN,
        "Cost Of Revenue": NaN,
        "Total Revenue": NaN,
        "Operating Revenue": NaN
    },
    "2022-09-30": {
        "Tax Effect Of Unusual Items": NaN,
        "Tax Rate For Calcs": NaN,
        "Normalized EBITDA": NaN,
        "Total Unusual Items": NaN,
        "Total Unusual Items Excluding Goodwill": NaN,
        "Net Income From Continuing Operation Net Minority Interest": NaN,
        "Reconciled Depreciation": NaN,
        "Reconciled Cost Of Revenue": NaN,
        "EBITDA": NaN,
        "EBIT": NaN,
        "Net Interest Income": NaN,
        "Interest Expense": NaN,
        "Normalized Income": NaN,
        "Net Income From Continuing And Discontinued Operation": NaN,
        "Total Expenses": NaN,
        "Total Operating Income As Reported": NaN,
        "Diluted Average Shares": NaN,
        "Basic Average Shares": NaN,
        "Diluted EPS": NaN,
        "Basic EPS": NaN,
        "Diluted NI Availto Com Stockholders": NaN,
        "Net Income Common Stockholders": NaN,
        "Net Income": NaN,
        "Net Income Including Noncontrolling Interests": NaN,
        "Net Income Continuous Operations": NaN,
        "Tax Provision": NaN,
        "Pretax Income": NaN,
        "Other Income Expense": NaN,
        "Other Non Operating Income Expenses": NaN,
        "Special Income Charges": NaN,
        "Other Special Charges": NaN,
        "Restructuring And Mergern Acquisition": NaN,
        "Gain On Sale Of Security": NaN,
        "Net Non Operating Interest Income Expense": NaN,
        "Total Other Finance Cost": 7016000.0,
        "Interest Expense Non Operating": NaN,
        "Operating Income": NaN,
        "Operating Expense": NaN,
        "Research And Development": NaN,
        "Selling General And Administration": NaN,
        "Selling And Marketing Expense": NaN,
        "General And Administrative Expense": NaN,
        "Other Gand A": NaN,
        "Salaries And Wages": 10402000.0,
        "Gross Profit": NaN,
        "Cost Of Revenue": NaN,
        "Total Revenue": NaN,
        "Operating Revenue": NaN
    },
    "2022-06-30": {
        "Tax Effect Of Unusual Items": 13613.217336,
        "Tax Rate For Calcs": 0.00415,
        "Normalized EBITDA": 20329000.0,
        "Total Unusual Items": 3280000.0,
        "Total Unusual Items Excluding Goodwill": 3280000.0,
        "Net Income From Continuing Operation Net Minority Interest": -24954000.0,
        "Reconciled Depreciation": 46160000.0,
        "Reconciled Cost Of Revenue": 65001000.0,
        "EBITDA": 23609000.0,
        "EBIT": -22551000.0,
        "Net Interest Income": -7146000.0,
        "Interest Expense": NaN,
        "Normalized Income": -28220386.782664,
        "Net Income From Continuing And Discontinued Operation": -24954000.0,
        "Total Expenses": 160331000.0,
        "Total Operating Income As Reported": -23263000.0,
        "Diluted Average Shares": 132433000.0,
        "Basic Average Shares": 132433000.0,
        "Diluted EPS": -0.19,
        "Basic EPS": -0.19,
        "Diluted NI Availto Com Stockholders": -24954000.0,
        "Net Income Common Stockholders": -24954000.0,
        "Net Income": -24954000.0,
        "Net Income Including Noncontrolling Interests": -24954000.0,
        "Net Income Continuous Operations": -24954000.0,
        "Tax Provision": -104000.0,
        "Pretax Income": -25058000.0,
        "Other Income Expense": 4639000.0,
        "Other Non Operating Income Expenses": 1359000.0,
        "Special Income Charges": -712000.0,
        "Other Special Charges": NaN,
        "Restructuring And Mergern Acquisition": 712000.0,
        "Gain On Sale Of Security": 3992000.0,
        "Net Non Operating Interest Income Expense": -7146000.0,
        "Total Other Finance Cost": 7146000.0,
        "Interest Expense Non Operating": NaN,
        "Operating Income": -22551000.0,
        "Operating Expense": 95330000.0,
        "Research And Development": 23037000.0,
        "Selling General And Administration": 72293000.0,
        "Selling And Marketing Expense": 51827000.0,
        "General And Administrative Expense": 20466000.0,
        "Other Gand A": 20466000.0,
        "Salaries And Wages": NaN,
        "Gross Profit": 72779000.0,
        "Cost Of Revenue": 65001000.0,
        "Total Revenue": 137780000.0,
        "Operating Revenue": 137780000.0
    },
    "2022-03-31": {
        "Diluted EPS": -0.34,
        "Total Revenue": 118,
        "Gross Profit": 59,
        "Operating Income": -40,
        "EBIT": 11,
        "Net Income": -45
    },
    "2021-12-31": {
        "Diluted EPS": 0.03,
        "Total Revenue": 161,
        "Gross Profit": 94,
        "Operating Income": 4,
        "EBIT": 55,
        "Net Income": 0
    },
    "2021-09-30": {
        "Diluted EPS": -0.18,
        "Total Revenue": 132,
        "Gross Profit": 68,
        "Operating Income": -24,
        "EBIT": 26,
        "Net Income": -24
    },
    "2021-06-30": {
        "Diluted EPS": 0.26,
        "Total Revenue": 115,
        "Gross Profit": 64,
        "Operating Income": -47,
        "EBIT": -10,
        "Net Income": 37
    },
    "2021-03-31": {
        "Diluted EPS": -0.11,
        "Total Revenue": 61,
        "Gross Profit": 40,
        "Operating Income": -14,
        "EBIT": -1,
        "Net Income": -13
    },
    "2020-12-31": {
        "Diluted EPS": 0.09,
        "Total Revenue": 82,
        "Gross Profit": 61,
        "Operating Income": 8,
        "EBIT": 21,
        "Net Income": 6
    },
    "2020-09-30": {
        "Diluted EPS": -0.1,
        "Total Revenue": 61,
        "Gross Profit": 40,
        "Operating Income": -11,
        "EBIT": 3,
        "Net Income": -11
    },
    "2020-06-30": {
        "Diluted EPS": -0.36,
        "Total Revenue": 42,
        "Gross Profit": 21,
        "Operating Income": -41,
        "EBIT": -26,
        "Net Income": -39
    },
    "2020-03-31": {
        "Diluted EPS": -0.18,
        "Total Revenue": 36,
        "Gross Profit": 22,
        "Operating Income": -11,
        "EBIT": -3,
        "Net Income": -10
    },
    "2019-12-31": {
        "Diluted EPS": 0.04,
        "Total Revenue": 48,
        "Gross Profit": 35,
        "Operating Income": 1,
        "EBIT": 8,
        "Net Income": 2
    },
    "2019-09-30": {
        "Diluted EPS": -0.12,
        "Total Revenue": 38,
        "Gross Profit": 24,
        "Operating Income": -7,
        "EBIT": 1,
        "Net Income": -6
    },
    "2019-06-30": {
        "Diluted EPS": -0.16,
        "Total Revenue": 38,
        "Gross Profit": 23,
        "Operating Income": -9,
        "EBIT": 0,
        "Net Income": -8
    },
    "2019-03-31": {
        "Diluted EPS": -0.24,
        "Total Revenue": 32,
        "Gross Profit": 17,
        "Operating Income": -13,
        "EBIT": -5,
        "Net Income": -13
    },
    "2018-12-31": {
        "Diluted EPS": -0.04,
        "Total Revenue": 41,
        "Gross Profit": 26,
        "Operating Income": -2,
        "EBIT": 7,
        "Net Income": -2
    },
    "2018-09-30": {
        "Diluted EPS": -0.27,
        "Total Revenue": 30,
        "Gross Profit": 15,
        "Operating Income": -14,
        "EBIT": -5,
        "Net Income": -14
    },
    "2018-06-30": {
        "Diluted EPS": -0.36,
        "Total Revenue": 29,
        "Gross Profit": 14,
        "Operating Income": -19,
        "EBIT": -10,
        "Net Income": -18
    },
    "2018-03-31": {
        "Diluted EPS": -0.56,
        "Total Revenue": 25,
        "Gross Profit": 10,
        "Operating Income": -28,
        "EBIT": -19,
        "Net Income": -28
    },
    "2017-12-31": {
        "Diluted EPS": -0.49,
        "Total Revenue": 31,
        "Gross Profit": 16,
        "Operating Income": -24,
        "EBIT": -11,
        "Net Income": -24
    },
    "2017-09-30": {
        "Diluted EPS": -2.11,
        "Total Revenue": 35,
        "Gross Profit": 22,
        "Operating Income": -106,
        "EBIT": -7,
        "Net Income": -104
    },
    "2017-06-30": {
        "Diluted EPS": -0.24,
        "Total Revenue": 43,
        "Gross Profit": 29,
        "Operating Income": -11,
        "EBIT": -2,
        "Net Income": -12
    },
    "2017-03-31": {
        "Diluted EPS": -0.33,
        "Total Revenue": 46,
        "Gross Profit": 31,
        "Operating Income": -15,
        "EBIT": -5,
        "Net Income": -16
    },
    "2016-12-31": {
        "Diluted EPS": -0.45,
        "Total Revenue": 73,
        "Gross Profit": 52,
        "Operating Income": -22,
        "EBIT": 15,
        "Net Income": -21
    },
    "2016-09-30": {
        "Diluted EPS": 0.07,
        "Total Revenue": 66,
        "Gross Profit": 48,
        "Operating Income": -2,
        "EBIT": 9,
        "Net Income": 4
    },
    "2016-06-30": {
        "Diluted EPS": -0.06,
        "Total Revenue": 71,
        "Gross Profit": 53,
        "Operating Income": 1,
        "EBIT": 11,
        "Net Income": -3
    },
    "2016-03-31": {
        "Diluted EPS": 0.05,
        "Total Revenue": 69,
        "Gross Profit": 52,
        "Operating Income": -2,
        "EBIT": 7,
        "Net Income": 2
    },
    "2015-12-31": {
        "Diluted EPS": 0.52,
        "Total Revenue": 94,
        "Gross Profit": 73,
        "Operating Income": 18,
        "EBIT": 27,
        "Net Income": 20
    },
    "2015-09-30": {
        "Diluted EPS": -0.07,
        "Total Revenue": 64,
        "Gross Profit": 48,
        "Operating Income": -5,
        "EBIT": 3,
        "Net Income": -3
    },
    "2015-06-30": {
        "Diluted EPS": -0.3,
        "Total Revenue": 53,
        "Gross Profit": 39,
        "Operating Income": -11,
        "EBIT": -2,
        "Net Income": -12
    },
    "2015-03-31": {
        "Diluted EPS": -0.14,
        "Total Revenue": 37,
        "Gross Profit": 31,
        "Operating Income": -7,
        "EBIT": -3,
        "Net Income": -5
    },
    "2014-12-31": {
        "Diluted EPS": 0.32,
        "Total Revenue": 42,
        "Gross Profit": 36,
        "Operating Income": 0,
        "EBIT": 5,
        "Net Income": 1
    },
    "2014-09-30": {
        "Diluted EPS": -0.14,
        "Total Revenue": 32,
        "Gross Profit": 27,
        "Operating Income": -5,
        "EBIT": -2,
        "Net Income": -5
    },
    "2014-06-30": {
        "Diluted EPS": -0.29,
        "Total Revenue": 28,
        "Gross Profit": 23,
        "Operating Income": -7,
        "EBIT": -4,
        "Net Income": -9
    },
    "2014-03-31": {
        "Diluted EPS": -0.59,
        "Total Revenue": 23,
        "Gross Profit": 19,
        "Operating Income": -6,
        "EBIT": -4,
        "Net Income": -7
    },
    "2013-12-31": {
        "Diluted EPS": -0.1,
        "Total Revenue": 28,
        "Gross Profit": 24,
        "Operating Income": 2,
        "EBIT": 5,
        "Net Income": 0
    },
    "2013-09-30": {
        "Diluted EPS": -0.52,
        "Total Revenue": 20,
        "Gross Profit": 16,
        "Operating Income": -3,
        "EBIT": -1,
        "Net Income": -6
    },
    "2013-06-30": {
        "Diluted EPS": -0.28,
        "Total Revenue": 19,
        "Gross Profit": 15,
        "Operating Income": -2,
        "EBIT": 0,
        "Net Income": -3
    },
    "2013-03-31": {
        "Diluted EPS": -0.28,
        "Total Revenue": 17,
        "Gross Profit": 13,
        "Operating Income": -2,
        "EBIT": 0,
        "Net Income": -3
    },
    "2012-12-31": {
        "Diluted EPS": 0.0,
        "Total Revenue": NaN,
        "Gross Profit": NaN,
        "Operating Income": NaN,
        "EBIT": NaN,
        "Net Income": NaN
    },
    "2011-12-31": {
        "Diluted EPS": 0.0,
        "Total Revenue": NaN,
        "Gross Profit": NaN,
        "Operating Income": NaN,
        "EBIT": NaN,
        "Net Income": NaN
    },
    "2023-06-30": {
        "Tax Effect Of Unusual Items": NaN,
        "Tax Rate For Calcs": NaN,
        "Normalized EBITDA": NaN,
        "Total Unusual Items": NaN,
        "Total Unusual Items Excluding Goodwill": NaN,
        "Net Income From Continuing Operation Net Minority Interest": NaN,
        "Reconciled Depreciation": NaN,
        "Reconciled Cost Of Revenue": NaN,
        "EBITDA": NaN,
        "EBIT": NaN,
        "Net Interest Income": NaN,
        "Interest Expense": NaN,
        "Normalized Income": NaN,
        "Net Income From Continuing And Discontinued Operation": NaN,
        "Total Expenses": NaN,
        "Total Operating Income As Reported": NaN,
        "Diluted Average Shares": NaN,
        "Basic Average Shares": NaN,
        "Diluted EPS": NaN,
        "Basic EPS": NaN,
        "Diluted NI Availto Com Stockholders": NaN,
        "Net Income Common Stockholders": NaN,
        "Net Income": NaN,
        "Net Income Including Noncontrolling Interests": NaN,
        "Net Income Continuous Operations": NaN,
        "Tax Provision": NaN,
        "Pretax Income": NaN,
        "Other Income Expense": NaN,
        "Other Non Operating Income Expenses": NaN,
        "Special Income Charges": NaN,
        "Other Special Charges": NaN,
        "Restructuring And Mergern Acquisition": NaN,
        "Gain On Sale Of Security": NaN,
        "Net Non Operating Interest Income Expense": NaN,
        "Interest Expense Non Operating": NaN,
        "Operating Income": NaN,
        "Operating Expense": NaN,
        "Research And Development": NaN,
        "Selling General And Administration": NaN,
        "Selling And Marketing Expense": NaN,
        "General And Administrative Expense": NaN,
        "Other Gand A": NaN,
        "Salaries And Wages": 12775000.0,
        "Gross Profit": NaN,
        "Cost Of Revenue": NaN,
        "Total Revenue": NaN,
        "Operating Revenue": NaN
    },
    "2023-09-30": {
        "Tax Effect Of Unusual Items": NaN,
        "Tax Rate For Calcs": NaN,
        "Normalized EBITDA": NaN,
        "Total Unusual Items": NaN,
        "Total Unusual Items Excluding Goodwill": NaN,
        "Net Income From Continuing Operation Net Minority Interest": NaN,
        "Reconciled Depreciation": NaN,
        "Reconciled Cost Of Revenue": NaN,
        "EBITDA": NaN,
        "EBIT": NaN,
        "Net Interest Income": NaN,
        "Interest Expense": NaN,
        "Interest Income": NaN,
        "Normalized Income": NaN,
        "Net Income From Continuing And Discontinued Operation": NaN,
        "Total Expenses": NaN,
        "Total Operating Income As Reported": NaN,
        "Diluted Average Shares": NaN,
        "Basic Average Shares": NaN,
        "Diluted EPS": NaN,
        "Basic EPS": NaN,
        "Diluted NI Availto Com Stockholders": NaN,
        "Net Income Common Stockholders": NaN,
        "Net Income": NaN,
        "Net Income Including Noncontrolling Interests": NaN,
        "Net Income Continuous Operations": NaN,
        "Tax Provision": NaN,
        "Pretax Income": NaN,
        "Other Income Expense": NaN,
        "Other Non Operating Income Expenses": NaN,
        "Special Income Charges": NaN,
        "Other Special Charges": NaN,
        "Restructuring And Mergern Acquisition": NaN,
        "Gain On Sale Of Security": NaN,
        "Net Non Operating Interest Income Expense": NaN,
        "Interest Expense Non Operating": NaN,
        "Interest Income Non Operating": NaN,
        "Operating Income": NaN,
        "Operating Expense": NaN,
        "Research And Development": NaN,
        "Selling General And Administration": NaN,
        "Selling And Marketing Expense": NaN,
        "General And Administrative Expense": NaN,
        "Other Gand A": NaN,
        "Salaries And Wages": 12023000.0,
        "Gross Profit": NaN,
        "Cost Of Revenue": NaN,
        "Total Revenue": NaN,
        "Operating Revenue": NaN
    },
    "2023-12-31": {
        "Tax Effect Of Unusual Items": NaN,
        "Tax Rate For Calcs": NaN,
        "Normalized EBITDA": NaN,
        "Total Unusual Items": NaN,
        "Total Unusual Items Excluding Goodwill": NaN,
        "Net Income From Continuing Operation Net Minority Interest": NaN,
        "Reconciled Depreciation": NaN,
        "Reconciled Cost Of Revenue": NaN,
        "EBITDA": NaN,
        "EBIT": NaN,
        "Net Interest Income": NaN,
        "Interest Expense": NaN,
        "Interest Income": NaN,
        "Normalized Income": NaN,
        "Net Income From Continuing And Discontinued Operation": NaN,
        "Total Expenses": NaN,
        "Total Operating Income As Reported": NaN,
        "Diluted Average Shares": NaN,
        "Basic Average Shares": NaN,
        "Diluted EPS": NaN,
        "Basic EPS": NaN,
        "Diluted NI Availto Com Stockholders": NaN,
        "Net Income Common Stockholders": NaN,
        "Net Income": NaN,
        "Net Income Including Noncontrolling Interests": NaN,
        "Net Income Continuous Operations": NaN,
        "Tax Provision": NaN,
        "Pretax Income": NaN,
        "Other Income Expense": NaN,
        "Other Non Operating Income Expenses": NaN,
        "Special Income Charges": NaN,
        "Other Special Charges": -8348000.0,
        "Restructuring And Mergern Acquisition": 0.0,
        "Gain On Sale Of Security": NaN,
        "Net Non Operating Interest Income Expense": NaN,
        "Interest Expense Non Operating": NaN,
        "Interest Income Non Operating": NaN,
        "Operating Income": NaN,
        "Operating Expense": NaN,
        "Research And Development": NaN,
        "Selling General And Administration": NaN,
        "Selling And Marketing Expense": NaN,
        "General And Administrative Expense": NaN,
        "Other Gand A": NaN,
        "Gross Profit": NaN,
        "Cost Of Revenue": NaN,
        "Total Revenue": NaN,
        "Operating Revenue": NaN
    },
    "2024-03-31": {
        "Tax Effect Of Unusual Items": NaN,
        "Tax Rate For Calcs": NaN,
        "Normalized EBITDA": NaN,
        "Total Unusual Items": NaN,
        "Total Unusual Items Excluding Goodwill": NaN,
        "Net Income From Continuing Operation Net Minority Interest": NaN,
        "Reconciled Depreciation": NaN,
        "Reconciled Cost Of Revenue": NaN,
        "EBITDA": NaN,
        "EBIT": NaN,
        "Net Interest Income": NaN,
        "Interest Expense": NaN,
        "Interest Income": 2496000.0,
        "Normalized Income": NaN,
        "Net Income From Continuing And Discontinued Operation": NaN,
        "Total Expenses": NaN,
        "Total Operating Income As Reported": NaN,
        "Diluted Average Shares": NaN,
        "Basic Average Shares": NaN,
        "Diluted EPS": NaN,
        "Basic EPS": NaN,
        "Diluted NI Availto Com Stockholders": NaN,
        "Net Income Common Stockholders": NaN,
        "Net Income": NaN,
        "Net Income Including Noncontrolling Interests": NaN,
        "Net Income Continuous Operations": NaN,
        "Tax Provision": NaN,
        "Pretax Income": NaN,
        "Other Income Expense": NaN,
        "Other Non Operating Income Expenses": NaN,
        "Special Income Charges": NaN,
        "Other Special Charges": 7387000.0,
        "Restructuring And Mergern Acquisition": 0.0,
        "Gain On Sale Of Security": NaN,
        "Net Non Operating Interest Income Expense": NaN,
        "Interest Expense Non Operating": NaN,
        "Interest Income Non Operating": 2496000.0,
        "Operating Income": NaN,
        "Operating Expense": NaN,
        "Research And Development": NaN,
        "Selling General And Administration": NaN,
        "Selling And Marketing Expense": NaN,
        "General And Administrative Expense": NaN,
        "Other Gand A": NaN,
        "Gross Profit": NaN,
        "Cost Of Revenue": NaN,
        "Total Revenue": NaN,
        "Operating Revenue": NaN
    },
    "2024-06-30": {
        "Tax Effect Of Unusual Items": NaN,
        "Tax Rate For Calcs": NaN,
        "Normalized EBITDA": NaN,
        "Total Unusual Items": NaN,
        "Total Unusual Items Excluding Goodwill": NaN,
        "Net Income From Continuing Operation Net Minority Interest": NaN,
        "Reconciled Depreciation": NaN,
        "Reconciled Cost Of Revenue": NaN,
        "EBITDA": NaN,
        "EBIT": NaN,
        "Net Interest Income": NaN,
        "Interest Expense": NaN,
        "Interest Income": 3371000.0,
        "Normalized Income": NaN,
        "Net Income From Continuing And Discontinued Operation": NaN,
        "Total Expenses": NaN,
        "Total Operating Income As Reported": NaN,
        "Diluted Average Shares": NaN,
        "Basic Average Shares": NaN,
        "Diluted EPS": NaN,
        "Basic EPS": NaN,
        "Diluted NI Availto Com Stockholders": NaN,
        "Net Income Common Stockholders": NaN,
        "Net Income": NaN,
        "Net Income Including Noncontrolling Interests": NaN,
        "Net Income Continuous Operations": NaN,
        "Tax Provision": NaN,
        "Pretax Income": NaN,
        "Other Income Expense": NaN,
        "Other Non Operating Income Expenses": NaN,
        "Special Income Charges": NaN,
        "Other Special Charges": NaN,
        "Restructuring And Mergern Acquisition": 0.0,
        "Gain On Sale Of Security": NaN,
        "Net Non Operating Interest Income Expense": NaN,
        "Interest Expense Non Operating": NaN,
        "Interest Income Non Operating": 3371000.0,
        "Operating Income": NaN,
        "Operating Expense": NaN,
        "Research And Development": NaN,
        "Selling General And Administration": NaN,
        "Selling And Marketing Expense": NaN,
        "General And Administrative Expense": NaN,
        "Other Gand A": NaN,
        "Gross Profit": NaN,
        "Cost Of Revenue": NaN,
        "Total Revenue": NaN,
        "Operating Revenue": NaN
    },
    "2024-09-30": {
        "Tax Effect Of Unusual Items": -550184.52667,
        "Tax Rate For Calcs": 0.164825,
        "Normalized EBITDA": 30966000.0,
        "Total Unusual Items": -3338000.0,
        "Total Unusual Items Excluding Goodwill": -3338000.0,
        "Net Income From Continuing Operation Net Minority Interest": 5214000.0,
        "Reconciled Depreciation": 14537000.0,
        "Reconciled Cost Of Revenue": 62544000.0,
        "EBITDA": 27628000.0,
        "EBIT": 13091000.0,
        "Net Interest Income": -6848000.0,
        "Interest Expense": 6848000.0,
        "Interest Income": NaN,
        "Normalized Income": 8001815.47333,
        "Net Income From Continuing And Discontinued Operation": 5214000.0,
        "Total Expenses": 146880000.0,
        "Total Operating Income As Reported": 15123000.0,
        "Diluted Average Shares": 148697000.0,
        "Basic Average Shares": 141270000.0,
        "Diluted EPS": 0.04,
        "Basic EPS": 0.04,
        "Diluted NI Availto Com Stockholders": 5214000.0,
        "Net Income Common Stockholders": 5214000.0,
        "Net Income": 5214000.0,
        "Net Income Including Noncontrolling Interests": 5214000.0,
        "Net Income Continuous Operations": 5214000.0,
        "Tax Provision": 1029000.0,
        "Pretax Income": 6243000.0,
        "Other Income Expense": -2032000.0,
        "Other Non Operating Income Expenses": 1306000.0,
        "Special Income Charges": -319000.0,
        "Other Special Charges": 319000.0,
        "Restructuring And Mergern Acquisition": 0.0,
        "Gain On Sale Of Security": -3019000.0,
        "Net Non Operating Interest Income Expense": -6848000.0,
        "Interest Expense Non Operating": 6848000.0,
        "Interest Income Non Operating": NaN,
        "Operating Income": 15123000.0,
        "Operating Expense": 84336000.0,
        "Research And Development": 20261000.0,
        "Selling General And Administration": 64075000.0,
        "Selling And Marketing Expense": 39585000.0,
        "General And Administrative Expense": 24490000.0,
        "Other Gand A": 24490000.0,
        "Gross Profit": 99459000.0,
        "Cost Of Revenue": 62544000.0,
        "Total Revenue": 162003000.0,
        "Operating Revenue": 162003000.0
    },
    "2024-12-31": {
        "Tax Effect Of Unusual Items": 872707.014057,
        "Tax Rate For Calcs": 0.138459,
        "Normalized EBITDA": 57558000.0,
        "Total Unusual Items": 6303000.0,
        "Total Unusual Items Excluding Goodwill": 6303000.0,
        "Net Income From Continuing Operation Net Minority Interest": 36407000.0,
        "Reconciled Depreciation": 16170000.0,
        "Reconciled Cost Of Revenue": 67786000.0,
        "EBITDA": 63861000.0,
        "EBIT": 47691000.0,
        "Net Interest Income": -5433000.0,
        "Interest Expense": 5433000.0,
        "Interest Income": NaN,
        "Normalized Income": 30976707.014057,
        "Net Income From Continuing And Discontinued Operation": 36407000.0,
        "Total Expenses": 153750000.0,
        "Total Operating Income As Reported": 40218000.0,
        "Diluted Average Shares": 152434000.0,
        "Basic Average Shares": 141106000.0,
        "Diluted EPS": 0.24,
        "Basic EPS": 0.26,
        "Diluted NI Availto Com Stockholders": 36407000.0,
        "Net Income Common Stockholders": 36407000.0,
        "Net Income": 36407000.0,
        "Net Income Including Noncontrolling Interests": 36407000.0,
        "Net Income Continuous Operations": 36407000.0,
        "Tax Provision": 5851000.0,
        "Pretax Income": 42258000.0,
        "Other Income Expense": 7473000.0,
        "Other Non Operating Income Expenses": 1170000.0,
        "Special Income Charges": 0.0,
        "Other Special Charges": 0.0,
        "Restructuring And Mergern Acquisition": 0.0,
        "Gain On Sale Of Security": 6303000.0,
        "Net Non Operating Interest Income Expense": -5433000.0,
        "Interest Expense Non Operating": 5433000.0,
        "Interest Income Non Operating": NaN,
        "Operating Income": 40218000.0,
        "Operating Expense": 85964000.0,
        "Research And Development": 22262000.0,
        "Selling General And Administration": 63702000.0,
        "Selling And Marketing Expense": 40628000.0,
        "General And Administrative Expense": 23074000.0,
        "Other Gand A": 23074000.0,
        "Gross Profit": 126182000.0,
        "Cost Of Revenue": 67786000.0,
        "Total Revenue": 193968000.0,
        "Operating Revenue": 193968000.0
    },
    "2025-03-31": {
        "Tax Effect Of Unusual Items": -355369.219033,
        "Tax Rate For Calcs": 0.081339,
        "Normalized EBITDA": 17903000.0,
        "Total Unusual Items": -4369000.0,
        "Total Unusual Items Excluding Goodwill": -4369000.0,
        "Net Income From Continuing Operation Net Minority Interest": -9634000.0,
        "Reconciled Depreciation": 15601000.0,
        "Reconciled Cost Of Revenue": 62799000.0,
        "EBITDA": 13534000.0,
        "EBIT": -2067000.0,
        "Net Interest Income": -5177000.0,
        "Interest Expense": 8420000.0,
        "Interest Income": 3243000.0,
        "Normalized Income": -5620369.219033,
        "Net Income From Continuing And Discontinued Operation": -9634000.0,
        "Total Expenses": 157135000.0,
        "Total Operating Income As Reported": -1364000.0,
        "Diluted Average Shares": 141852000.0,
        "Basic Average Shares": 141852000.0,
        "Diluted EPS": -0.07,
        "Basic EPS": -0.07,
        "Diluted NI Availto Com Stockholders": -9634000.0,
        "Net Income Common Stockholders": -9634000.0,
        "Net Income": -9634000.0,
        "Net Income Including Noncontrolling Interests": -9634000.0,
        "Net Income Continuous Operations": -9634000.0,
        "Tax Provision": -853000.0,
        "Pretax Income": -10487000.0,
        "Other Income Expense": -3946000.0,
        "Other Non Operating Income Expenses": 423000.0,
        "Special Income Charges": -2152000.0,
        "Other Special Charges": 2152000.0,
        "Restructuring And Mergern Acquisition": NaN,
        "Gain On Sale Of Security": -2217000.0,
        "Net Non Operating Interest Income Expense": -5177000.0,
        "Interest Expense Non Operating": 8420000.0,
        "Interest Income Non Operating": 3243000.0,
        "Operating Income": -1364000.0,
        "Operating Expense": 94336000.0,
        "Research And Development": 22292000.0,
        "Selling General And Administration": 72044000.0,
        "Selling And Marketing Expense": 48106000.0,
        "General And Administrative Expense": 23938000.0,
        "Other Gand A": 23938000.0,
        "Gross Profit": 92972000.0,
        "Cost Of Revenue": 62799000.0,
        "Total Revenue": 155771000.0,
        "Operating Revenue": 155771000.0
    },
    "2025-06-30": {
        "Tax Effect Of Unusual Items": -391531.123419,
        "Tax Rate For Calcs": 0.079193,
        "Normalized EBITDA": 37052000.0,
        "Total Unusual Items": -4944000.0,
        "Total Unusual Items Excluding Goodwill": -4944000.0,
        "Net Income From Continuing Operation Net Minority Interest": 11139000.0,
        "Reconciled Depreciation": 12210000.0,
        "Reconciled Cost Of Revenue": 64953000.0,
        "EBITDA": 32108000.0,
        "EBIT": 19898000.0,
        "Net Interest Income": -5071000.0,
        "Interest Expense": 7801000.0,
        "Interest Income": 2730000.0,
        "Normalized Income": 15691468.876581,
        "Net Income From Continuing And Discontinued Operation": 11139000.0,
        "Total Expenses": 151373000.0,
        "Total Operating Income As Reported": 21959000.0,
        "Diluted Average Shares": 148260000.0,
        "Basic Average Shares": 141654000.0,
        "Diluted EPS": 0.08,
        "Basic EPS": 0.08,
        "Diluted NI Availto Com Stockholders": 11139000.0,
        "Net Income Common Stockholders": 11139000.0,
        "Net Income": 11139000.0,
        "Net Income Including Noncontrolling Interests": 11139000.0,
        "Net Income Continuous Operations": 11139000.0,
        "Tax Provision": 958000.0,
        "Pretax Income": 12097000.0,
        "Other Income Expense": -4791000.0,
        "Other Non Operating Income Expenses": 153000.0,
        "Special Income Charges": 0.0,
        "Other Special Charges": NaN,
        "Restructuring And Mergern Acquisition": NaN,
        "Gain On Sale Of Security": -4944000.0,
        "Net Non Operating Interest Income Expense": -5071000.0,
        "Interest Expense Non Operating": 7801000.0,
        "Interest Income Non Operating": 2730000.0,
        "Operating Income": 21959000.0,
        "Operating Expense": 86420000.0,
        "Research And Development": 21583000.0,
        "Selling General And Administration": 64837000.0,
        "Selling And Marketing Expense": 42323000.0,
        "General And Administrative Expense": 22514000.0,
        "Other Gand A": 22514000.0,
        "Gross Profit": 108379000.0,
        "Cost Of Revenue": 64953000.0,
        "Total Revenue": 173332000.0,
        "Operating Revenue": 173332000.0
    },
    "2025-09-30": {
        "Tax Effect Of Unusual Items": 17579.143389,
        "Tax Rate For Calcs": 0.042258,
        "Normalized EBITDA": 40736000.0,
        "Total Unusual Items": 416000.0,
        "Total Unusual Items Excluding Goodwill": 416000.0,
        "Net Income From Continuing Operation Net Minority Interest": 20058000.0,
        "Reconciled Depreciation": 12308000.0,
        "Reconciled Cost Of Revenue": 69356000.0,
        "EBITDA": 41152000.0,
        "EBIT": 28844000.0,
        "Net Interest Income": -4668000.0,
        "Interest Expense": 7901000.0,
        "Interest Income": 3233000.0,
        "Normalized Income": 19659579.143389,
        "Net Income From Continuing And Discontinued Operation": 20058000.0,
        "Total Expenses": 154453000.0,
        "Total Operating Income As Reported": 25041000.0,
        "Diluted Average Shares": 153166000.0,
        "Basic Average Shares": 143009000.0,
        "Diluted EPS": 0.13,
        "Basic EPS": 0.14,
        "Diluted NI Availto Com Stockholders": 20058000.0,
        "Net Income Common Stockholders": 20058000.0,
        "Net Income": 20058000.0,
        "Net Income Including Noncontrolling Interests": 20058000.0,
        "Net Income Continuous Operations": 20058000.0,
        "Tax Provision": 885000.0,
        "Pretax Income": 20943000.0,
        "Other Income Expense": 570000.0,
        "Other Non Operating Income Expenses": 154000.0,
        "Special Income Charges": 0.0,
        "Other Special Charges": NaN,
        "Restructuring And Mergern Acquisition": NaN,
        "Gain On Sale Of Security": 416000.0,
        "Net Non Operating Interest Income Expense": -4668000.0,
        "Interest Expense Non Operating": 7901000.0,
        "Interest Income Non Operating": 3233000.0,
        "Operating Income": 25041000.0,
        "Operating Expense": 85097000.0,
        "Research And Development": 20198000.0,
        "Selling General And Administration": 64899000.0,
        "Selling And Marketing Expense": 40348000.0,
        "General And Administrative Expense": 24551000.0,
        "Other Gand A": 24551000.0,
        "Gross Profit": 110138000.0,
        "Cost Of Revenue": 69356000.0,
        "Total Revenue": 179494000.0,
        "Operating Revenue": 179494000.0
    }
}