{
    "2023-03-31": {
        "Tax Effect Of Unusual Items": NaN,
        "Tax Rate For Calcs": NaN,
        "Normalized EBITDA": NaN,
        "Total Unusual Items": 0.0,
        "Total Unusual Items Excluding Goodwill": 0.0,
        "Net Income From Continuing Operation Net Minority Interest": NaN,
        "Reconciled Depreciation": NaN,
        "Reconciled Cost Of Revenue": NaN,
        "EBITDA": NaN,
        "EBIT": NaN,
        "Net Interest Income": NaN,
        "Interest Expense": NaN,
        "Normalized Income": NaN,
        "Net Income From Continuing And Discontinued Operation": NaN,
        "Total Expenses": NaN,
        "Total Operating Income As Reported": NaN,
        "Diluted Average Shares": 22072271.0,
        "Basic Average Shares": 22040224.0,
        "Diluted EPS": 1.39,
        "Basic EPS": 1.4,
        "Diluted NI Availto Com Stockholders": NaN,
        "Net Income Common Stockholders": NaN,
        "Otherunder Preferred Stock Dividend": NaN,
        "Net Income": NaN,
        "Minority Interests": NaN,
        "Net Income Including Noncontrolling Interests": NaN,
        "Net Income Continuous Operations": NaN,
        "Tax Provision": NaN,
        "Pretax Income": NaN,
        "Other Income Expense": NaN,
        "Other Non Operating Income Expenses": NaN,
        "Special Income Charges": 0.0,
        "Impairment Of Capital Assets": 0.0,
        "Restructuring And Mergern Acquisition": 0.0,
        "Net Non Operating Interest Income Expense": NaN,
        "Interest Expense Non Operating": NaN,
        "Operating Income": NaN,
        "Operating Expense": NaN,
        "Selling General And Administration": NaN,
        "Selling And Marketing Expense": NaN,
        "General And Administrative Expense": NaN,
        "Other Gand A": NaN,
        "Gross Profit": NaN,
        "Cost Of Revenue": NaN,
        "Total Revenue": NaN,
        "Operating Revenue": NaN
    },
    "2022-12-31": {
        "Tax Effect Of Unusual Items": NaN,
        "Tax Rate For Calcs": NaN,
        "Normalized EBITDA": NaN,
        "Total Unusual Items": NaN,
        "Total Unusual Items Excluding Goodwill": NaN,
        "Net Income From Continuing Operation Net Minority Interest": NaN,
        "Reconciled Depreciation": NaN,
        "Reconciled Cost Of Revenue": NaN,
        "EBITDA": NaN,
        "EBIT": NaN,
        "Net Interest Income": NaN,
        "Interest Expense": NaN,
        "Normalized Income": NaN,
        "Net Income From Continuing And Discontinued Operation": NaN,
        "Total Expenses": NaN,
        "Total Operating Income As Reported": NaN,
        "Diluted Average Shares": 22304093.0,
        "Basic Average Shares": 22011785.0,
        "Diluted EPS": 1.01,
        "Basic EPS": 1.02,
        "Diluted NI Availto Com Stockholders": NaN,
        "Net Income Common Stockholders": NaN,
        "Otherunder Preferred Stock Dividend": NaN,
        "Net Income": NaN,
        "Minority Interests": NaN,
        "Net Income Including Noncontrolling Interests": NaN,
        "Net Income Continuous Operations": NaN,
        "Tax Provision": NaN,
        "Pretax Income": NaN,
        "Other Income Expense": NaN,
        "Other Non Operating Income Expenses": NaN,
        "Special Income Charges": NaN,
        "Impairment Of Capital Assets": NaN,
        "Restructuring And Mergern Acquisition": NaN,
        "Net Non Operating Interest Income Expense": NaN,
        "Interest Expense Non Operating": NaN,
        "Operating Income": NaN,
        "Operating Expense": NaN,
        "Selling General And Administration": NaN,
        "Selling And Marketing Expense": NaN,
        "General And Administrative Expense": NaN,
        "Other Gand A": NaN,
        "Gross Profit": NaN,
        "Cost Of Revenue": NaN,
        "Total Revenue": NaN,
        "Operating Revenue": NaN
    },
    "2022-09-30": {
        "Tax Effect Of Unusual Items": NaN,
        "Tax Rate For Calcs": NaN,
        "Normalized EBITDA": NaN,
        "Total Unusual Items": 0.0,
        "Total Unusual Items Excluding Goodwill": 0.0,
        "Net Income From Continuing Operation Net Minority Interest": NaN,
        "Reconciled Depreciation": NaN,
        "Reconciled Cost Of Revenue": NaN,
        "EBITDA": NaN,
        "EBIT": NaN,
        "Net Interest Income": NaN,
        "Interest Expense": NaN,
        "Normalized Income": NaN,
        "Net Income From Continuing And Discontinued Operation": NaN,
        "Total Expenses": NaN,
        "Total Operating Income As Reported": NaN,
        "Diluted Average Shares": NaN,
        "Basic Average Shares": NaN,
        "Diluted EPS": NaN,
        "Basic EPS": NaN,
        "Diluted NI Availto Com Stockholders": NaN,
        "Net Income Common Stockholders": NaN,
        "Otherunder Preferred Stock Dividend": NaN,
        "Net Income": NaN,
        "Minority Interests": NaN,
        "Net Income Including Noncontrolling Interests": NaN,
        "Net Income Continuous Operations": NaN,
        "Tax Provision": NaN,
        "Pretax Income": NaN,
        "Other Income Expense": NaN,
        "Other Non Operating Income Expenses": NaN,
        "Special Income Charges": 0.0,
        "Impairment Of Capital Assets": 0.0,
        "Restructuring And Mergern Acquisition": 0.0,
        "Net Non Operating Interest Income Expense": NaN,
        "Interest Expense Non Operating": NaN,
        "Operating Income": NaN,
        "Operating Expense": NaN,
        "Other Operating Expenses": 1000.0,
        "Selling General And Administration": NaN,
        "Selling And Marketing Expense": NaN,
        "General And Administrative Expense": NaN,
        "Other Gand A": NaN,
        "Gross Profit": NaN,
        "Cost Of Revenue": NaN,
        "Total Revenue": NaN,
        "Operating Revenue": NaN
    },
    "2022-06-30": {
        "Tax Effect Of Unusual Items": 0.0,
        "Tax Rate For Calcs": 0.224,
        "Normalized EBITDA": 35306000.0,
        "Total Unusual Items": NaN,
        "Total Unusual Items Excluding Goodwill": NaN,
        "Net Income From Continuing Operation Net Minority Interest": 25560000.0,
        "Reconciled Depreciation": 5303000.0,
        "Reconciled Cost Of Revenue": 135758000.0,
        "EBITDA": 35306000.0,
        "EBIT": 35306000.0,
        "Net Interest Income": -1543000.0,
        "Interest Expense": 1543000.0,
        "Normalized Income": 25560000.0,
        "Net Income From Continuing And Discontinued Operation": 25560000.0,
        "Total Expenses": 159676000.0,
        "Total Operating Income As Reported": 35306000.0,
        "Diluted Average Shares": 22002385.0,
        "Basic Average Shares": 22002385.0,
        "Diluted EPS": 1.15,
        "Basic EPS": 1.15,
        "Diluted NI Availto Com Stockholders": 25343000.0,
        "Net Income Common Stockholders": 25343000.0,
        "Otherunder Preferred Stock Dividend": 217000.0,
        "Net Income": 25560000.0,
        "Minority Interests": 198000.0,
        "Net Income Including Noncontrolling Interests": 25362000.0,
        "Net Income Continuous Operations": 25362000.0,
        "Tax Provision": 7339000.0,
        "Pretax Income": 32701000.0,
        "Other Income Expense": -1062000.0,
        "Other Non Operating Income Expenses": -1062000.0,
        "Special Income Charges": NaN,
        "Net Non Operating Interest Income Expense": -1543000.0,
        "Total Other Finance Cost": 1543000.0,
        "Interest Expense Non Operating": 1543000.0,
        "Operating Income": 35306000.0,
        "Operating Expense": 23918000.0,
        "Other Operating Expenses": -6000.0,
        "Selling General And Administration": 23924000.0,
        "Selling And Marketing Expense": 6065000.0,
        "General And Administrative Expense": 17859000.0,
        "Other Gand A": 17859000.0,
        "Gross Profit": 59224000.0,
        "Cost Of Revenue": 135758000.0,
        "Total Revenue": 194982000.0,
        "Operating Revenue": 194982000.0
    },
    "2023-06-30": {
        "Tax Effect Of Unusual Items": NaN,
        "Tax Rate For Calcs": NaN,
        "Normalized EBITDA": NaN,
        "Total Unusual Items": NaN,
        "Total Unusual Items Excluding Goodwill": NaN,
        "Net Income From Continuing Operation Net Minority Interest": NaN,
        "Reconciled Depreciation": NaN,
        "Reconciled Cost Of Revenue": NaN,
        "EBITDA": NaN,
        "EBIT": NaN,
        "Net Interest Income": NaN,
        "Interest Expense": NaN,
        "Normalized Income": NaN,
        "Net Income From Continuing And Discontinued Operation": NaN,
        "Total Expenses": NaN,
        "Total Operating Income As Reported": NaN,
        "Diluted Average Shares": 22139663.0,
        "Basic Average Shares": 22062142.0,
        "Diluted EPS": 1.44,
        "Basic EPS": 1.44,
        "Diluted NI Availto Com Stockholders": NaN,
        "Net Income Common Stockholders": NaN,
        "Otherunder Preferred Stock Dividend": NaN,
        "Net Income": NaN,
        "Minority Interests": NaN,
        "Net Income Including Noncontrolling Interests": NaN,
        "Net Income Continuous Operations": NaN,
        "Tax Provision": NaN,
        "Pretax Income": NaN,
        "Other Income Expense": NaN,
        "Other Non Operating Income Expenses": NaN,
        "Special Income Charges": NaN,
        "Impairment Of Capital Assets": NaN,
        "Restructuring And Mergern Acquisition": NaN,
        "Net Non Operating Interest Income Expense": NaN,
        "Interest Expense Non Operating": NaN,
        "Operating Income": NaN,
        "Operating Expense": NaN,
        "Selling General And Administration": NaN,
        "Selling And Marketing Expense": NaN,
        "General And Administrative Expense": NaN,
        "Other Gand A": NaN,
        "Gross Profit": NaN,
        "Cost Of Revenue": NaN,
        "Total Revenue": NaN,
        "Operating Revenue": NaN
    },
    "2022-03-31": {
        "Diluted EPS": 1.69,
        "Total Revenue": 195,
        "Gross Profit": 72,
        "Operating Income": 50,
        "EBIT": 56,
        "Net Income": 37
    },
    "2021-12-31": {
        "Diluted EPS": 1.48,
        "Total Revenue": 167,
        "Gross Profit": 53,
        "Operating Income": 45,
        "EBIT": 51,
        "Net Income": 32
    },
    "2021-09-30": {
        "Diluted EPS": 1.08,
        "Total Revenue": 177,
        "Gross Profit": 57,
        "Operating Income": 33,
        "EBIT": 38,
        "Net Income": 24
    },
    "2021-06-30": {
        "Diluted EPS": 0.91,
        "Total Revenue": 175,
        "Gross Profit": 57,
        "Operating Income": 28,
        "EBIT": 33,
        "Net Income": 20
    },
    "2021-03-31": {
        "Diluted EPS": 0.9,
        "Total Revenue": 108,
        "Gross Profit": 32,
        "Operating Income": 21,
        "EBIT": 24,
        "Net Income": 15
    },
    "2020-12-31": {
        "Diluted EPS": 0.69,
        "Total Revenue": 101,
        "Gross Profit": 32,
        "Operating Income": 16,
        "EBIT": 19,
        "Net Income": 12
    },
    "2020-09-30": {
        "Diluted EPS": 0.61,
        "Total Revenue": 103,
        "Gross Profit": 23,
        "Operating Income": 14,
        "EBIT": 17,
        "Net Income": 10
    },
    "2020-06-30": {
        "Diluted EPS": 0.5,
        "Total Revenue": 93,
        "Gross Profit": 21,
        "Operating Income": 11,
        "EBIT": 15,
        "Net Income": 8
    },
    "2020-03-31": {
        "Diluted EPS": 0.57,
        "Total Revenue": 99,
        "Gross Profit": 23,
        "Operating Income": 14,
        "EBIT": 17,
        "Net Income": 10
    },
    "2019-12-31": {
        "Diluted EPS": 0.76,
        "Total Revenue": 92,
        "Gross Profit": 22,
        "Operating Income": 16,
        "EBIT": 19,
        "Net Income": 13
    },
    "2019-09-30": {
        "Diluted EPS": 0.48,
        "Total Revenue": 91,
        "Gross Profit": 19,
        "Operating Income": 12,
        "EBIT": 15,
        "Net Income": 8
    },
    "2019-06-30": {
        "Diluted EPS": 0.46,
        "Total Revenue": 91,
        "Gross Profit": 20,
        "Operating Income": 11,
        "EBIT": 14,
        "Net Income": 8
    },
    "2019-03-31": {
        "Diluted EPS": 0.57,
        "Total Revenue": 89,
        "Gross Profit": 17,
        "Operating Income": 9,
        "EBIT": 11,
        "Net Income": 10
    },
    "2018-12-31": {
        "Diluted EPS": 0.69,
        "Total Revenue": 105,
        "Gross Profit": 26,
        "Operating Income": 17,
        "EBIT": 19,
        "Net Income": 12
    },
    "2018-09-30": {
        "Diluted EPS": 0.52,
        "Total Revenue": 95,
        "Gross Profit": 20,
        "Operating Income": 12,
        "EBIT": 15,
        "Net Income": 9
    },
    "2018-06-30": {
        "Diluted EPS": 0.44,
        "Total Revenue": 88,
        "Gross Profit": 19,
        "Operating Income": 11,
        "EBIT": 14,
        "Net Income": 7
    },
    "2018-03-31": {
        "Diluted EPS": 0.52,
        "Total Revenue": 88,
        "Gross Profit": 19,
        "Operating Income": 10,
        "EBIT": 13,
        "Net Income": 9
    },
    "2017-12-31": {
        "Diluted EPS": 0.75,
        "Total Revenue": 88,
        "Gross Profit": 20,
        "Operating Income": 11,
        "EBIT": 13,
        "Net Income": 12
    },
    "2017-09-30": {
        "Diluted EPS": 0.82,
        "Total Revenue": 86,
        "Gross Profit": 19,
        "Operating Income": 10,
        "EBIT": 13,
        "Net Income": 14
    },
    "2017-06-30": {
        "Diluted EPS": 0.37,
        "Total Revenue": 86,
        "Gross Profit": 19,
        "Operating Income": 11,
        "EBIT": 13,
        "Net Income": 6
    },
    "2017-03-31": {
        "Diluted EPS": 0.5,
        "Total Revenue": 87,
        "Gross Profit": 19,
        "Operating Income": 11,
        "EBIT": 14,
        "Net Income": 8
    },
    "2016-12-31": {
        "Diluted EPS": 0.49,
        "Total Revenue": 81,
        "Gross Profit": 18,
        "Operating Income": 11,
        "EBIT": 13,
        "Net Income": 8
    },
    "2016-09-30": {
        "Diluted EPS": 0.55,
        "Total Revenue": 80,
        "Gross Profit": 15,
        "Operating Income": 12,
        "EBIT": 14,
        "Net Income": 9
    },
    "2016-06-30": {
        "Diluted EPS": 0.37,
        "Total Revenue": 80,
        "Gross Profit": 16,
        "Operating Income": 9,
        "EBIT": 12,
        "Net Income": 6
    },
    "2016-03-31": {
        "Diluted EPS": 0.41,
        "Total Revenue": 77,
        "Gross Profit": 17,
        "Operating Income": 11,
        "EBIT": 14,
        "Net Income": 7
    },
    "2015-12-31": {
        "Diluted EPS": 0.38,
        "Total Revenue": 82,
        "Gross Profit": 16,
        "Operating Income": 10,
        "EBIT": 13,
        "Net Income": 6
    },
    "2015-09-30": {
        "Diluted EPS": 0.38,
        "Total Revenue": 80,
        "Gross Profit": 12,
        "Operating Income": 6,
        "EBIT": 9,
        "Net Income": 7
    },
    "2015-06-30": {
        "Diluted EPS": 0.44,
        "Total Revenue": 85,
        "Gross Profit": 18,
        "Operating Income": 10,
        "EBIT": 13,
        "Net Income": 8
    },
    "2015-03-31": {
        "Diluted EPS": 0.28,
        "Total Revenue": 80,
        "Gross Profit": 13,
        "Operating Income": 7,
        "EBIT": 10,
        "Net Income": 5
    },
    "2014-12-31": {
        "Diluted EPS": 0.44,
        "Total Revenue": 76,
        "Gross Profit": 6,
        "Operating Income": 8,
        "EBIT": 11,
        "Net Income": 7
    },
    "2014-09-30": {
        "Diluted EPS": 0.34,
        "Total Revenue": 78,
        "Gross Profit": 7,
        "Operating Income": 4,
        "EBIT": 7,
        "Net Income": 6
    },
    "2014-06-30": {
        "Diluted EPS": 0.28,
        "Total Revenue": 81,
        "Gross Profit": 8,
        "Operating Income": 3,
        "EBIT": 6,
        "Net Income": 5
    },
    "2014-03-31": {
        "Diluted EPS": 0.26,
        "Total Revenue": 79,
        "Gross Profit": 7,
        "Operating Income": 2,
        "EBIT": 5,
        "Net Income": 5
    },
    "2013-12-31": {
        "Diluted EPS": -0.02,
        "Total Revenue": 77,
        "Gross Profit": 8,
        "Operating Income": -1,
        "EBIT": 2,
        "Net Income": 0
    },
    "2013-09-30": {
        "Diluted EPS": -0.37,
        "Total Revenue": 80,
        "Gross Profit": 1,
        "Operating Income": -6,
        "EBIT": -3,
        "Net Income": -6
    },
    "2013-06-30": {
        "Diluted EPS": 0.02,
        "Total Revenue": 79,
        "Gross Profit": 5,
        "Operating Income": 1,
        "EBIT": 3,
        "Net Income": 0
    },
    "2013-03-31": {
        "Diluted EPS": 0.08,
        "Total Revenue": 86,
        "Gross Profit": 7,
        "Operating Income": 1,
        "EBIT": 4,
        "Net Income": 1
    },
    "2012-12-31": {
        "Diluted EPS": 0.02,
        "Total Revenue": 86,
        "Gross Profit": 7,
        "Operating Income": 1,
        "EBIT": 4,
        "Net Income": 0
    },
    "2012-09-30": {
        "Diluted EPS": 0.02,
        "Total Revenue": 76,
        "Gross Profit": 6,
        "Operating Income": 1,
        "EBIT": 4,
        "Net Income": 0
    },
    "2012-06-30": {
        "Diluted EPS": -0.05,
        "Total Revenue": 86,
        "Gross Profit": 6,
        "Operating Income": -1,
        "EBIT": 2,
        "Net Income": -1
    },
    "2012-03-31": {
        "Diluted EPS": 0.1,
        "Total Revenue": 86,
        "Gross Profit": 6,
        "Operating Income": -2,
        "EBIT": 1,
        "Net Income": 2
    },
    "2011-12-31": {
        "Diluted EPS": 0.89,
        "Total Revenue": 70,
        "Gross Profit": 0,
        "Operating Income": 6,
        "EBIT": 4,
        "Net Income": 16
    },
    "2011-09-30": {
        "Diluted EPS": -0.33,
        "Total Revenue": 76,
        "Gross Profit": 3,
        "Operating Income": -3,
        "EBIT": 0,
        "Net Income": -6
    },
    "2011-06-30": {
        "Diluted EPS": -0.61,
        "Total Revenue": 69,
        "Gross Profit": -3,
        "Operating Income": -8,
        "EBIT": -6,
        "Net Income": -10
    },
    "2011-03-31": {
        "Diluted EPS": 0.04,
        "Total Revenue": 64,
        "Gross Profit": 7,
        "Operating Income": 1,
        "EBIT": 3,
        "Net Income": 1
    },
    "2010-12-31": {
        "Diluted EPS": 0.18,
        "Total Revenue": 58,
        "Gross Profit": 9,
        "Operating Income": 58,
        "EBIT": 60,
        "Net Income": 3
    },
    "2010-09-30": {
        "Diluted EPS": 0.28,
        "Total Revenue": 57,
        "Gross Profit": 10,
        "Operating Income": 4,
        "EBIT": 4,
        "Net Income": 5
    },
    "2010-06-30": {
        "Diluted EPS": 0.0,
        "Total Revenue": NaN,
        "Gross Profit": NaN,
        "Operating Income": NaN,
        "EBIT": NaN,
        "Net Income": NaN
    },
    "2010-03-31": {
        "Diluted EPS": -0.14,
        "Total Revenue": 49,
        "Gross Profit": 5,
        "Operating Income": -1,
        "EBIT": 6,
        "Net Income": -2
    },
    "2009-12-31": {
        "Diluted EPS": 0.29,
        "Total Revenue": 48,
        "Gross Profit": 9,
        "Operating Income": 48,
        "EBIT": 50,
        "Net Income": 5
    },
    "2009-09-30": {
        "Diluted EPS": 0.23,
        "Total Revenue": 50,
        "Gross Profit": 10,
        "Operating Income": 5,
        "EBIT": 5,
        "Net Income": 4
    },
    "2009-06-30": {
        "Diluted EPS": 0.0,
        "Total Revenue": NaN,
        "Gross Profit": NaN,
        "Operating Income": NaN,
        "EBIT": NaN,
        "Net Income": NaN
    },
    "2009-03-31": {
        "Diluted EPS": -0.38,
        "Total Revenue": 55,
        "Gross Profit": 0,
        "Operating Income": -7,
        "EBIT": 3,
        "Net Income": -6
    },
    "2023-09-30": {
        "Tax Effect Of Unusual Items": NaN,
        "Tax Rate For Calcs": NaN,
        "Normalized EBITDA": NaN,
        "Total Unusual Items": NaN,
        "Total Unusual Items Excluding Goodwill": NaN,
        "Net Income From Continuing Operation Net Minority Interest": NaN,
        "Reconciled Depreciation": NaN,
        "Reconciled Cost Of Revenue": NaN,
        "EBITDA": NaN,
        "EBIT": NaN,
        "Net Interest Income": NaN,
        "Interest Expense": NaN,
        "Normalized Income": NaN,
        "Net Income From Continuing And Discontinued Operation": NaN,
        "Total Expenses": NaN,
        "Total Operating Income As Reported": NaN,
        "Diluted Average Shares": 22381516.0,
        "Basic Average Shares": 22066159.0,
        "Diluted EPS": 0.58,
        "Basic EPS": 0.59,
        "Diluted NI Availto Com Stockholders": NaN,
        "Net Income Common Stockholders": NaN,
        "Otherunder Preferred Stock Dividend": NaN,
        "Net Income": NaN,
        "Minority Interests": NaN,
        "Net Income Including Noncontrolling Interests": NaN,
        "Net Income Continuous Operations": NaN,
        "Tax Provision": NaN,
        "Pretax Income": NaN,
        "Other Income Expense": NaN,
        "Other Non Operating Income Expenses": NaN,
        "Special Income Charges": NaN,
        "Impairment Of Capital Assets": NaN,
        "Restructuring And Mergern Acquisition": NaN,
        "Net Non Operating Interest Income Expense": NaN,
        "Interest Expense Non Operating": NaN,
        "Operating Income": NaN,
        "Operating Expense": NaN,
        "Selling General And Administration": NaN,
        "Selling And Marketing Expense": NaN,
        "General And Administrative Expense": NaN,
        "Other Gand A": NaN,
        "Gross Profit": NaN,
        "Cost Of Revenue": NaN,
        "Total Revenue": NaN,
        "Operating Revenue": NaN
    },
    "2023-12-31": {
        "Tax Effect Of Unusual Items": -948206.906686,
        "Tax Rate For Calcs": 0.239628,
        "Normalized EBITDA": 52645000.0,
        "Total Unusual Items": -3957000.0,
        "Total Unusual Items Excluding Goodwill": -3957000.0,
        "Net Income From Continuing Operation Net Minority Interest": 31067000.0,
        "Reconciled Depreciation": 5841000.0,
        "Reconciled Cost Of Revenue": 129743000.0,
        "EBITDA": 48688000.0,
        "EBIT": 42847000.0,
        "Net Interest Income": -2017000.0,
        "Interest Expense": 2017000.0,
        "Normalized Income": 34075793.093314,
        "Net Income From Continuing And Discontinued Operation": 31067000.0,
        "Total Expenses": 167859000.0,
        "Total Operating Income As Reported": 43072000.0,
        "Diluted Average Shares": NaN,
        "Basic Average Shares": NaN,
        "Diluted EPS": NaN,
        "Basic EPS": NaN,
        "Diluted NI Availto Com Stockholders": 30753000.0,
        "Net Income Common Stockholders": 30753000.0,
        "Otherunder Preferred Stock Dividend": 314000.0,
        "Net Income": 31067000.0,
        "Minority Interests": 21000.0,
        "Net Income Including Noncontrolling Interests": 31046000.0,
        "Net Income Continuous Operations": 31046000.0,
        "Tax Provision": 9784000.0,
        "Pretax Income": 40830000.0,
        "Other Income Expense": -4182000.0,
        "Other Non Operating Income Expenses": -225000.0,
        "Special Income Charges": -3957000.0,
        "Impairment Of Capital Assets": 1057000.0,
        "Restructuring And Mergern Acquisition": 2900000.0,
        "Net Non Operating Interest Income Expense": -2017000.0,
        "Interest Expense Non Operating": 2017000.0,
        "Operating Income": 47029000.0,
        "Operating Expense": 38116000.0,
        "Selling General And Administration": 38116000.0,
        "Selling And Marketing Expense": 12336000.0,
        "General And Administrative Expense": 25780000.0,
        "Other Gand A": 25780000.0,
        "Gross Profit": 85145000.0,
        "Cost Of Revenue": 129743000.0,
        "Total Revenue": 214888000.0,
        "Operating Revenue": 214888000.0
    },
    "2024-03-31": {
        "Tax Effect Of Unusual Items": NaN,
        "Tax Rate For Calcs": NaN,
        "Normalized EBITDA": NaN,
        "Total Unusual Items": NaN,
        "Total Unusual Items Excluding Goodwill": NaN,
        "Net Income From Continuing Operation Net Minority Interest": NaN,
        "Reconciled Depreciation": NaN,
        "Reconciled Cost Of Revenue": NaN,
        "EBITDA": NaN,
        "EBIT": NaN,
        "Net Interest Income": NaN,
        "Interest Expense": NaN,
        "Normalized Income": NaN,
        "Net Income From Continuing And Discontinued Operation": NaN,
        "Total Expenses": NaN,
        "Total Operating Income As Reported": NaN,
        "Diluted Average Shares": 22142277.0,
        "Basic Average Shares": 22142277.0,
        "Diluted EPS": 0.92,
        "Basic EPS": 0.92,
        "Diluted NI Availto Com Stockholders": NaN,
        "Net Income Common Stockholders": NaN,
        "Otherunder Preferred Stock Dividend": NaN,
        "Net Income": NaN,
        "Minority Interests": NaN,
        "Net Income Including Noncontrolling Interests": NaN,
        "Net Income Continuous Operations": NaN,
        "Tax Provision": NaN,
        "Pretax Income": NaN,
        "Other Income Expense": NaN,
        "Other Non Operating Income Expenses": NaN,
        "Special Income Charges": NaN,
        "Impairment Of Capital Assets": NaN,
        "Restructuring And Mergern Acquisition": NaN,
        "Net Non Operating Interest Income Expense": NaN,
        "Interest Expense Non Operating": NaN,
        "Operating Income": NaN,
        "Operating Expense": NaN,
        "Selling General And Administration": NaN,
        "Selling And Marketing Expense": NaN,
        "General And Administrative Expense": NaN,
        "Other Gand A": NaN,
        "Gross Profit": NaN,
        "Cost Of Revenue": NaN,
        "Total Revenue": NaN,
        "Operating Revenue": NaN
    },
    "2024-06-30": {
        "Tax Effect Of Unusual Items": -1301040.0,
        "Tax Rate For Calcs": 0.24,
        "Normalized EBITDA": 55080000.0,
        "Total Unusual Items": -5421000.0,
        "Total Unusual Items Excluding Goodwill": -5421000.0,
        "Net Income From Continuing Operation Net Minority Interest": 32085000.0,
        "Reconciled Depreciation": 5329000.0,
        "Reconciled Cost Of Revenue": 107573000.0,
        "EBITDA": 49659000.0,
        "EBIT": 44330000.0,
        "Net Interest Income": -2205000.0,
        "Interest Expense": 2205000.0,
        "Normalized Income": 36204960.0,
        "Net Income From Continuing And Discontinued Operation": 32085000.0,
        "Total Expenses": 141997000.0,
        "Total Operating Income As Reported": 43387000.0,
        "Diluted Average Shares": 22119227.0,
        "Basic Average Shares": 22119227.0,
        "Diluted EPS": 1.43,
        "Basic EPS": 1.43,
        "Diluted NI Availto Com Stockholders": 31738000.0,
        "Net Income Common Stockholders": 31738000.0,
        "Otherunder Preferred Stock Dividend": 347000.0,
        "Net Income": 32085000.0,
        "Minority Interests": 68000.0,
        "Net Income Including Noncontrolling Interests": 32017000.0,
        "Net Income Continuous Operations": 32017000.0,
        "Tax Provision": 10108000.0,
        "Pretax Income": 42125000.0,
        "Other Income Expense": -4478000.0,
        "Other Non Operating Income Expenses": 943000.0,
        "Special Income Charges": -5421000.0,
        "Impairment Of Capital Assets": 21000.0,
        "Restructuring And Mergern Acquisition": 5400000.0,
        "Net Non Operating Interest Income Expense": -2205000.0,
        "Interest Expense Non Operating": 2205000.0,
        "Operating Income": 48808000.0,
        "Operating Expense": 34424000.0,
        "Selling General And Administration": 34424000.0,
        "Selling And Marketing Expense": 11665000.0,
        "General And Administrative Expense": 22759000.0,
        "Other Gand A": 22759000.0,
        "Gross Profit": 83232000.0,
        "Cost Of Revenue": 107573000.0,
        "Total Revenue": 190805000.0,
        "Operating Revenue": 190805000.0
    },
    "2024-09-30": {
        "Tax Effect Of Unusual Items": -1538884.644767,
        "Tax Rate For Calcs": 0.240451,
        "Normalized EBITDA": 45670000.0,
        "Total Unusual Items": -6400000.0,
        "Total Unusual Items Excluding Goodwill": -6400000.0,
        "Net Income From Continuing Operation Net Minority Interest": 23905000.0,
        "Reconciled Depreciation": 5680000.0,
        "Reconciled Cost Of Revenue": 95646000.0,
        "EBITDA": 39270000.0,
        "EBIT": 33590000.0,
        "Net Interest Income": -2174000.0,
        "Interest Expense": 2174000.0,
        "Normalized Income": 28766115.355233,
        "Net Income From Continuing And Discontinued Operation": 23905000.0,
        "Total Expenses": 122497000.0,
        "Total Operating Income As Reported": 32564000.0,
        "Diluted Average Shares": 22069885.0,
        "Basic Average Shares": 22069885.0,
        "Diluted EPS": 1.07,
        "Basic EPS": 1.07,
        "Diluted NI Availto Com Stockholders": 23648000.0,
        "Net Income Common Stockholders": 23648000.0,
        "Otherunder Preferred Stock Dividend": 257000.0,
        "Net Income": 23905000.0,
        "Minority Interests": 43000.0,
        "Net Income Including Noncontrolling Interests": 23862000.0,
        "Net Income Continuous Operations": 23862000.0,
        "Tax Provision": 7554000.0,
        "Pretax Income": 31416000.0,
        "Other Income Expense": -5374000.0,
        "Other Non Operating Income Expenses": 1026000.0,
        "Special Income Charges": -6400000.0,
        "Impairment Of Capital Assets": 0.0,
        "Restructuring And Mergern Acquisition": 6400000.0,
        "Net Non Operating Interest Income Expense": -2174000.0,
        "Interest Expense Non Operating": 2174000.0,
        "Operating Income": 38964000.0,
        "Operating Expense": 26851000.0,
        "Selling General And Administration": 26851000.0,
        "Selling And Marketing Expense": 9647000.0,
        "General And Administrative Expense": 17204000.0,
        "Other Gand A": 17204000.0,
        "Gross Profit": 65815000.0,
        "Cost Of Revenue": 95646000.0,
        "Total Revenue": 161461000.0,
        "Operating Revenue": 161461000.0
    },
    "2024-12-31": {
        "Tax Effect Of Unusual Items": -15530550.0,
        "Tax Rate For Calcs": 0.21,
        "Normalized EBITDA": 49742000.0,
        "Total Unusual Items": -73955000.0,
        "Total Unusual Items Excluding Goodwill": -73955000.0,
        "Net Income From Continuing Operation Net Minority Interest": -41962000.0,
        "Reconciled Depreciation": 5691000.0,
        "Reconciled Cost Of Revenue": 106321000.0,
        "EBITDA": -24213000.0,
        "EBIT": -29904000.0,
        "Net Interest Income": -2041000.0,
        "Interest Expense": 2041000.0,
        "Normalized Income": 16462450.0,
        "Net Income From Continuing And Discontinued Operation": -41962000.0,
        "Total Expenses": 137283000.0,
        "Total Operating Income As Reported": -30442000.0,
        "Diluted Average Shares": 21732872.0,
        "Basic Average Shares": 21732872.0,
        "Diluted EPS": -1.91,
        "Basic EPS": -1.91,
        "Diluted NI Availto Com Stockholders": -41507000.0,
        "Net Income Common Stockholders": -41507000.0,
        "Otherunder Preferred Stock Dividend": -455000.0,
        "Net Income": -41962000.0,
        "Minority Interests": 36000.0,
        "Net Income Including Noncontrolling Interests": -41998000.0,
        "Net Income Continuous Operations": -41998000.0,
        "Tax Provision": 10053000.0,
        "Pretax Income": -31945000.0,
        "Other Income Expense": -73417000.0,
        "Other Non Operating Income Expenses": 538000.0,
        "Special Income Charges": -73955000.0,
        "Impairment Of Capital Assets": 73755000.0,
        "Restructuring And Mergern Acquisition": 200000.0,
        "Net Non Operating Interest Income Expense": -2041000.0,
        "Interest Expense Non Operating": 2041000.0,
        "Operating Income": 43513000.0,
        "Operating Expense": 30962000.0,
        "Selling General And Administration": 30962000.0,
        "Selling And Marketing Expense": 10513000.0,
        "General And Administrative Expense": 20449000.0,
        "Other Gand A": 20449000.0,
        "Gross Profit": 74475000.0,
        "Cost Of Revenue": 106321000.0,
        "Total Revenue": 180796000.0,
        "Operating Revenue": 180796000.0
    },
    "2025-03-31": {
        "Tax Effect Of Unusual Items": -4130700.0,
        "Tax Rate For Calcs": 0.281,
        "Normalized EBITDA": 19976000.0,
        "Total Unusual Items": -14700000.0,
        "Total Unusual Items Excluding Goodwill": -14700000.0,
        "Net Income From Continuing Operation Net Minority Interest": -3024000.0,
        "Reconciled Depreciation": 5808000.0,
        "Reconciled Cost Of Revenue": 78323000.0,
        "EBITDA": 5276000.0,
        "EBIT": -532000.0,
        "Net Interest Income": -1854000.0,
        "Interest Expense": 1854000.0,
        "Normalized Income": 7545300.0,
        "Net Income From Continuing And Discontinued Operation": -3024000.0,
        "Total Expenses": 107700000.0,
        "Total Operating Income As Reported": -747000.0,
        "Diluted Average Shares": 21342531.0,
        "Basic Average Shares": 21342531.0,
        "Diluted EPS": -0.14,
        "Basic EPS": -0.14,
        "Diluted NI Availto Com Stockholders": -2994000.0,
        "Net Income Common Stockholders": -2994000.0,
        "Otherunder Preferred Stock Dividend": -30000.0,
        "Net Income": -3024000.0,
        "Minority Interests": 33000.0,
        "Net Income Including Noncontrolling Interests": -3057000.0,
        "Net Income Continuous Operations": -3057000.0,
        "Tax Provision": 671000.0,
        "Pretax Income": -2386000.0,
        "Other Income Expense": -14485000.0,
        "Other Non Operating Income Expenses": 215000.0,
        "Special Income Charges": -14700000.0,
        "Impairment Of Capital Assets": 0.0,
        "Restructuring And Mergern Acquisition": 14700000.0,
        "Net Non Operating Interest Income Expense": -1854000.0,
        "Interest Expense Non Operating": 1854000.0,
        "Operating Income": 13953000.0,
        "Operating Expense": 29377000.0,
        "Selling General And Administration": 29377000.0,
        "Selling And Marketing Expense": 8172000.0,
        "General And Administrative Expense": 21205000.0,
        "Other Gand A": 21205000.0,
        "Gross Profit": 43330000.0,
        "Cost Of Revenue": 78323000.0,
        "Total Revenue": 121653000.0,
        "Operating Revenue": 121653000.0
    },
    "2025-06-30": {
        "Tax Effect Of Unusual Items": -1840000.0,
        "Tax Rate For Calcs": 0.23,
        "Normalized EBITDA": 34462000.0,
        "Total Unusual Items": -8000000.0,
        "Total Unusual Items Excluding Goodwill": -8000000.0,
        "Net Income From Continuing Operation Net Minority Interest": 14426000.0,
        "Reconciled Depreciation": 5830000.0,
        "Reconciled Cost Of Revenue": 87107000.0,
        "EBITDA": 26462000.0,
        "EBIT": 20632000.0,
        "Net Interest Income": -1897000.0,
        "Interest Expense": 1897000.0,
        "Normalized Income": 20586000.0,
        "Net Income From Continuing And Discontinued Operation": 14426000.0,
        "Total Expenses": 117176000.0,
        "Total Operating Income As Reported": 20318000.0,
        "Diluted Average Shares": 21360984.0,
        "Basic Average Shares": 21360984.0,
        "Diluted EPS": 0.67,
        "Basic EPS": 0.67,
        "Diluted NI Availto Com Stockholders": 14267000.0,
        "Net Income Common Stockholders": 14267000.0,
        "Otherunder Preferred Stock Dividend": 159000.0,
        "Net Income": 14426000.0,
        "Minority Interests": -1000.0,
        "Net Income Including Noncontrolling Interests": 14427000.0,
        "Net Income Continuous Operations": 14427000.0,
        "Tax Provision": 4308000.0,
        "Pretax Income": 18735000.0,
        "Other Income Expense": -7686000.0,
        "Other Non Operating Income Expenses": 314000.0,
        "Special Income Charges": -8000000.0,
        "Impairment Of Capital Assets": 0.0,
        "Restructuring And Mergern Acquisition": 8000000.0,
        "Net Non Operating Interest Income Expense": -1897000.0,
        "Interest Expense Non Operating": 1897000.0,
        "Operating Income": 28318000.0,
        "Operating Expense": 30069000.0,
        "Selling General And Administration": 30069000.0,
        "Selling And Marketing Expense": 6913000.0,
        "General And Administrative Expense": 23156000.0,
        "Other Gand A": 23156000.0,
        "Gross Profit": 58387000.0,
        "Cost Of Revenue": 87107000.0,
        "Total Revenue": 145494000.0,
        "Operating Revenue": 145494000.0
    },
    "2025-09-30": {
        "Tax Effect Of Unusual Items": -607602.131439,
        "Tax Rate For Calcs": 0.217001,
        "Normalized EBITDA": 30430000.0,
        "Total Unusual Items": -2800000.0,
        "Total Unusual Items Excluding Goodwill": -2800000.0,
        "Net Income From Continuing Operation Net Minority Interest": 15422000.0,
        "Reconciled Depreciation": 6186000.0,
        "Reconciled Cost Of Revenue": 81479000.0,
        "EBITDA": 27630000.0,
        "EBIT": 21444000.0,
        "Net Interest Income": -1739000.0,
        "Interest Expense": 1739000.0,
        "Normalized Income": 17614397.868561,
        "Net Income From Continuing And Discontinued Operation": 15422000.0,
        "Total Expenses": 107096000.0,
        "Total Operating Income As Reported": 21016000.0,
        "Diluted Average Shares": 21373300.0,
        "Basic Average Shares": 21373300.0,
        "Diluted EPS": 0.71,
        "Basic EPS": 0.71,
        "Diluted NI Availto Com Stockholders": 15232000.0,
        "Net Income Common Stockholders": 15232000.0,
        "Otherunder Preferred Stock Dividend": 190000.0,
        "Net Income": 15422000.0,
        "Minority Interests": -7000.0,
        "Net Income Including Noncontrolling Interests": 15429000.0,
        "Net Income Continuous Operations": 15429000.0,
        "Tax Provision": 4276000.0,
        "Pretax Income": 19705000.0,
        "Other Income Expense": -2372000.0,
        "Other Non Operating Income Expenses": 428000.0,
        "Special Income Charges": -2800000.0,
        "Impairment Of Capital Assets": 0.0,
        "Restructuring And Mergern Acquisition": 2800000.0,
        "Net Non Operating Interest Income Expense": -1739000.0,
        "Interest Expense Non Operating": 1739000.0,
        "Operating Income": 23816000.0,
        "Operating Expense": 25617000.0,
        "Selling General And Administration": 25617000.0,
        "Selling And Marketing Expense": 6691000.0,
        "General And Administrative Expense": 18926000.0,
        "Other Gand A": 18926000.0,
        "Gross Profit": 49433000.0,
        "Cost Of Revenue": 81479000.0,
        "Total Revenue": 130912000.0,
        "Operating Revenue": 130912000.0
    }
}