{
    "2023-06-30": {
        "Tax Effect Of Unusual Items": NaN,
        "Tax Rate For Calcs": NaN,
        "Normalized EBITDA": NaN,
        "Net Income From Continuing Operation Net Minority Interest": NaN,
        "Reconciled Depreciation": NaN,
        "Reconciled Cost Of Revenue": NaN,
        "EBITDA": NaN,
        "EBIT": NaN,
        "Net Interest Income": NaN,
        "Normalized Income": NaN,
        "Net Income From Continuing And Discontinued Operation": NaN,
        "Total Expenses": NaN,
        "Diluted Average Shares": NaN,
        "Basic Average Shares": NaN,
        "Diluted EPS": NaN,
        "Basic EPS": NaN,
        "Diluted NI Availto Com Stockholders": NaN,
        "Net Income Common Stockholders": NaN,
        "Net Income": NaN,
        "Net Income Including Noncontrolling Interests": NaN,
        "Net Income Continuous Operations": NaN,
        "Tax Provision": NaN,
        "Pretax Income": NaN,
        "Other Income Expense": 28000.0,
        "Other Non Operating Income Expenses": 28000.0,
        "Net Non Operating Interest Income Expense": NaN,
        "Total Other Finance Cost": NaN,
        "Operating Income": NaN,
        "Operating Expense": NaN,
        "Selling General And Administration": NaN,
        "Selling And Marketing Expense": NaN,
        "General And Administrative Expense": NaN,
        "Other Gand A": NaN,
        "Gross Profit": NaN,
        "Cost Of Revenue": NaN,
        "Total Revenue": NaN,
        "Operating Revenue": NaN
    },
    "2023-03-31": {
        "Tax Effect Of Unusual Items": NaN,
        "Tax Rate For Calcs": NaN,
        "Normalized EBITDA": NaN,
        "Net Income From Continuing Operation Net Minority Interest": NaN,
        "Reconciled Depreciation": NaN,
        "Reconciled Cost Of Revenue": NaN,
        "EBITDA": NaN,
        "EBIT": NaN,
        "Net Interest Income": NaN,
        "Normalized Income": NaN,
        "Net Income From Continuing And Discontinued Operation": NaN,
        "Total Expenses": NaN,
        "Diluted Average Shares": NaN,
        "Basic Average Shares": NaN,
        "Diluted EPS": NaN,
        "Basic EPS": NaN,
        "Diluted NI Availto Com Stockholders": NaN,
        "Net Income Common Stockholders": NaN,
        "Net Income": NaN,
        "Net Income Including Noncontrolling Interests": NaN,
        "Net Income Continuous Operations": NaN,
        "Tax Provision": NaN,
        "Pretax Income": NaN,
        "Other Income Expense": 7000.0,
        "Other Non Operating Income Expenses": 7000.0,
        "Net Non Operating Interest Income Expense": NaN,
        "Total Other Finance Cost": NaN,
        "Operating Income": NaN,
        "Operating Expense": NaN,
        "Selling General And Administration": NaN,
        "Selling And Marketing Expense": NaN,
        "General And Administrative Expense": NaN,
        "Other Gand A": NaN,
        "Gross Profit": NaN,
        "Cost Of Revenue": NaN,
        "Total Revenue": NaN,
        "Operating Revenue": NaN
    },
    "2022-12-31": {
        "Tax Effect Of Unusual Items": NaN,
        "Tax Rate For Calcs": NaN,
        "Normalized EBITDA": NaN,
        "Total Unusual Items": -18352000.0,
        "Total Unusual Items Excluding Goodwill": -18352000.0,
        "Net Income From Continuing Operation Net Minority Interest": NaN,
        "Reconciled Depreciation": NaN,
        "Reconciled Cost Of Revenue": NaN,
        "EBITDA": NaN,
        "EBIT": NaN,
        "Net Interest Income": NaN,
        "Normalized Income": NaN,
        "Net Income From Continuing And Discontinued Operation": NaN,
        "Total Expenses": NaN,
        "Diluted Average Shares": NaN,
        "Basic Average Shares": NaN,
        "Diluted EPS": NaN,
        "Basic EPS": NaN,
        "Diluted NI Availto Com Stockholders": NaN,
        "Net Income Common Stockholders": NaN,
        "Net Income": NaN,
        "Net Income Including Noncontrolling Interests": NaN,
        "Net Income Continuous Operations": NaN,
        "Tax Provision": NaN,
        "Pretax Income": NaN,
        "Other Income Expense": -18363000.0,
        "Other Non Operating Income Expenses": -11000.0,
        "Special Income Charges": -18352000.0,
        "Net Non Operating Interest Income Expense": NaN,
        "Total Other Finance Cost": NaN,
        "Operating Income": NaN,
        "Operating Expense": NaN,
        "Selling General And Administration": NaN,
        "Selling And Marketing Expense": NaN,
        "General And Administrative Expense": NaN,
        "Other Gand A": NaN,
        "Gross Profit": NaN,
        "Cost Of Revenue": NaN,
        "Total Revenue": NaN,
        "Operating Revenue": NaN
    },
    "2022-09-30": {
        "Tax Effect Of Unusual Items": NaN,
        "Tax Rate For Calcs": NaN,
        "Normalized EBITDA": NaN,
        "Total Unusual Items": 0.0,
        "Total Unusual Items Excluding Goodwill": 0.0,
        "Net Income From Continuing Operation Net Minority Interest": NaN,
        "Reconciled Depreciation": NaN,
        "Reconciled Cost Of Revenue": NaN,
        "EBITDA": NaN,
        "EBIT": NaN,
        "Net Interest Income": NaN,
        "Normalized Income": NaN,
        "Net Income From Continuing And Discontinued Operation": NaN,
        "Total Expenses": NaN,
        "Diluted Average Shares": NaN,
        "Basic Average Shares": NaN,
        "Diluted EPS": NaN,
        "Basic EPS": NaN,
        "Diluted NI Availto Com Stockholders": NaN,
        "Net Income Common Stockholders": NaN,
        "Net Income": NaN,
        "Net Income Including Noncontrolling Interests": NaN,
        "Net Income Continuous Operations": NaN,
        "Tax Provision": NaN,
        "Pretax Income": NaN,
        "Other Income Expense": NaN,
        "Other Non Operating Income Expenses": NaN,
        "Special Income Charges": 0.0,
        "Net Non Operating Interest Income Expense": NaN,
        "Total Other Finance Cost": NaN,
        "Operating Income": NaN,
        "Operating Expense": NaN,
        "Selling General And Administration": NaN,
        "Selling And Marketing Expense": NaN,
        "General And Administrative Expense": NaN,
        "Other Gand A": NaN,
        "Gross Profit": NaN,
        "Cost Of Revenue": NaN,
        "Total Revenue": NaN,
        "Operating Revenue": NaN
    },
    "2022-06-30": {
        "Tax Effect Of Unusual Items": 0.0,
        "Tax Rate For Calcs": 0.248857,
        "Normalized EBITDA": 182866000.0,
        "Total Unusual Items": NaN,
        "Total Unusual Items Excluding Goodwill": NaN,
        "Net Income From Continuing Operation Net Minority Interest": 136838000.0,
        "Reconciled Depreciation": 3641000.0,
        "Reconciled Cost Of Revenue": 756367000.0,
        "EBITDA": 182866000.0,
        "EBIT": 182866000.0,
        "Net Interest Income": -693000.0,
        "Interest Expense": 693000.0,
        "Interest Income": NaN,
        "Normalized Income": 136838000.0,
        "Net Income From Continuing And Discontinued Operation": 136838000.0,
        "Total Expenses": 857789000.0,
        "Total Operating Income As Reported": 182865000.0,
        "Diluted Average Shares": 28590000.0,
        "Basic Average Shares": 28041000.0,
        "Diluted EPS": 4.79,
        "Basic EPS": 4.88,
        "Diluted NI Availto Com Stockholders": 136838000.0,
        "Net Income Common Stockholders": 136838000.0,
        "Net Income": 136838000.0,
        "Net Income Including Noncontrolling Interests": 136838000.0,
        "Net Income Continuous Operations": 136838000.0,
        "Tax Provision": 45335000.0,
        "Pretax Income": 182173000.0,
        "Other Income Expense": 1000.0,
        "Other Non Operating Income Expenses": 1000.0,
        "Special Income Charges": NaN,
        "Net Non Operating Interest Income Expense": -693000.0,
        "Total Other Finance Cost": NaN,
        "Interest Expense Non Operating": 693000.0,
        "Interest Income Non Operating": NaN,
        "Operating Income": 182865000.0,
        "Operating Expense": 101422000.0,
        "Selling General And Administration": 101422000.0,
        "Selling And Marketing Expense": 46206000.0,
        "General And Administrative Expense": 55216000.0,
        "Other Gand A": 55216000.0,
        "Gross Profit": 284287000.0,
        "Cost Of Revenue": 756367000.0,
        "Total Revenue": 1040654000.0,
        "Operating Revenue": 1040654000.0
    },
    "2022-03-31": {
        "Diluted EPS": 3.16,
        "Total Revenue": 861,
        "Gross Profit": 213,
        "Operating Income": 123,
        "EBIT": 127,
        "Net Income": 92
    },
    "2021-12-31": {
        "Diluted EPS": 3.82,
        "Total Revenue": NaN,
        "Gross Profit": 244,
        "Operating Income": 140,
        "EBIT": 144,
        "Net Income": 113
    },
    "2021-09-30": {
        "Diluted EPS": 3.03,
        "Total Revenue": 904,
        "Gross Profit": 222,
        "Operating Income": 125,
        "EBIT": 130,
        "Net Income": 91
    },
    "2021-06-30": {
        "Diluted EPS": 3.58,
        "Total Revenue": 961,
        "Gross Profit": 241,
        "Operating Income": 142,
        "EBIT": 146,
        "Net Income": 108
    },
    "2021-03-31": {
        "Diluted EPS": 2.85,
        "Total Revenue": 829,
        "Gross Profit": 202,
        "Operating Income": 111,
        "EBIT": 115,
        "Net Income": 85
    },
    "2020-12-31": {
        "Diluted EPS": 2.74,
        "Total Revenue": 906,
        "Gross Profit": 217,
        "Operating Income": 103,
        "EBIT": 107,
        "Net Income": 80
    },
    "2020-09-30": {
        "Diluted EPS": 2.51,
        "Total Revenue": 848,
        "Gross Profit": 195,
        "Operating Income": 96,
        "EBIT": 101,
        "Net Income": 74
    },
    "2020-06-30": {
        "Diluted EPS": 1.89,
        "Total Revenue": 714,
        "Gross Profit": 156,
        "Operating Income": 74,
        "EBIT": 78,
        "Net Income": 55
    },
    "2020-03-31": {
        "Diluted EPS": 1.09,
        "Total Revenue": 578,
        "Gross Profit": 117,
        "Operating Income": 46,
        "EBIT": 50,
        "Net Income": 32
    },
    "2019-12-31": {
        "Diluted EPS": 1.45,
        "Total Revenue": 742,
        "Gross Profit": 148,
        "Operating Income": 56,
        "EBIT": 60,
        "Net Income": 42
    },
    "2019-09-30": {
        "Diluted EPS": 1.32,
        "Total Revenue": 653,
        "Gross Profit": 134,
        "Operating Income": 55,
        "EBIT": 59,
        "Net Income": 38
    },
    "2019-06-30": {
        "Diluted EPS": 1.08,
        "Total Revenue": 624,
        "Gross Profit": 120,
        "Operating Income": 46,
        "EBIT": 50,
        "Net Income": 30
    },
    "2019-03-31": {
        "Diluted EPS": 0.63,
        "Total Revenue": 481,
        "Gross Profit": 93,
        "Operating Income": 30,
        "EBIT": 34,
        "Net Income": 18
    },
    "2018-12-31": {
        "Diluted EPS": 1.13,
        "Total Revenue": 722,
        "Gross Profit": 136,
        "Operating Income": 50,
        "EBIT": 53,
        "Net Income": 32
    },
    "2018-09-30": {
        "Diluted EPS": 1.01,
        "Total Revenue": 568,
        "Gross Profit": 116,
        "Operating Income": 44,
        "EBIT": 48,
        "Net Income": 29
    },
    "2018-06-30": {
        "Diluted EPS": 0.96,
        "Total Revenue": 558,
        "Gross Profit": 109,
        "Operating Income": 39,
        "EBIT": 42,
        "Net Income": 28
    },
    "2018-03-31": {
        "Diluted EPS": 0.6,
        "Total Revenue": 438,
        "Gross Profit": 89,
        "Operating Income": 31,
        "EBIT": 35,
        "Net Income": 18
    },
    "2017-12-31": {
        "Diluted EPS": 0.52,
        "Total Revenue": 622,
        "Gross Profit": 123,
        "Operating Income": 39,
        "EBIT": 42,
        "Net Income": 16
    },
    "2017-09-30": {
        "Diluted EPS": 0.64,
        "Total Revenue": 476,
        "Gross Profit": 102,
        "Operating Income": 39,
        "EBIT": 43,
        "Net Income": 19
    },
    "2017-06-30": {
        "Diluted EPS": 0.55,
        "Total Revenue": 457,
        "Gross Profit": 89,
        "Operating Income": 29,
        "EBIT": 32,
        "Net Income": 16
    },
    "2017-03-31": {
        "Diluted EPS": 0.55,
        "Total Revenue": 407,
        "Gross Profit": 87,
        "Operating Income": 32,
        "EBIT": 35,
        "Net Income": 16
    },
    "2016-12-31": {
        "Diluted EPS": 0.67,
        "Total Revenue": 523,
        "Gross Profit": 109,
        "Operating Income": 38,
        "EBIT": 41,
        "Net Income": 19
    },
    "2016-09-30": {
        "Diluted EPS": 0.35,
        "Total Revenue": 442,
        "Gross Profit": 79,
        "Operating Income": 22,
        "EBIT": 26,
        "Net Income": 10
    },
    "2016-06-30": {
        "Diluted EPS": 0.52,
        "Total Revenue": 401,
        "Gross Profit": 82,
        "Operating Income": 29,
        "EBIT": 33,
        "Net Income": 15
    },
    "2016-03-31": {
        "Diluted EPS": 0.3,
        "Total Revenue": 324,
        "Gross Profit": 64,
        "Operating Income": 20,
        "EBIT": 23,
        "Net Income": 8
    },
    "2015-12-31": {
        "Diluted EPS": 0.43,
        "Total Revenue": 469,
        "Gross Profit": 98,
        "Operating Income": 36,
        "EBIT": 39,
        "Net Income": 12
    },
    "2015-09-30": {
        "Diluted EPS": 0.51,
        "Total Revenue": 363,
        "Gross Profit": 78,
        "Operating Income": 30,
        "EBIT": 33,
        "Net Income": 14
    },
    "2015-06-30": {
        "Diluted EPS": 0.43,
        "Total Revenue": 323,
        "Gross Profit": 70,
        "Operating Income": 26,
        "EBIT": 28,
        "Net Income": 12
    },
    "2015-03-31": {
        "Diluted EPS": 0.31,
        "Total Revenue": 263,
        "Gross Profit": 57,
        "Operating Income": 20,
        "EBIT": 23,
        "Net Income": 8
    },
    "2014-12-31": {
        "Diluted EPS": 0.36,
        "Total Revenue": 368,
        "Gross Profit": 76,
        "Operating Income": 23,
        "EBIT": 26,
        "Net Income": 10
    },
    "2014-09-30": {
        "Diluted EPS": 0.44,
        "Total Revenue": 331,
        "Gross Profit": 69,
        "Operating Income": 25,
        "EBIT": 27,
        "Net Income": 12
    },
    "2014-06-30": {
        "Diluted EPS": 0.44,
        "Total Revenue": 282,
        "Gross Profit": 60,
        "Operating Income": 18,
        "EBIT": 20,
        "Net Income": 12
    },
    "2014-03-31": {
        "Diluted EPS": 0.41,
        "Total Revenue": 235,
        "Gross Profit": 51,
        "Operating Income": 17,
        "EBIT": 19,
        "Net Income": 11
    },
    "2013-12-31": {
        "Diluted EPS": 0.66,
        "Total Revenue": 336,
        "Gross Profit": 69,
        "Operating Income": 19,
        "EBIT": 21,
        "Net Income": 13
    },
    "2013-09-30": {
        "Diluted EPS": 4.22,
        "Total Revenue": 275,
        "Gross Profit": 57,
        "Operating Income": 19,
        "EBIT": 21,
        "Net Income": 124
    },
    "2013-06-30": {
        "Diluted EPS": 0.25,
        "Total Revenue": 235,
        "Gross Profit": 47,
        "Operating Income": 12,
        "EBIT": 14,
        "Net Income": 6
    },
    "2013-03-31": {
        "Diluted EPS": 0.11,
        "Total Revenue": 191,
        "Gross Profit": 39,
        "Operating Income": 9,
        "EBIT": 11,
        "Net Income": 2
    },
    "2012-12-31": {
        "Diluted EPS": 0.25,
        "Total Revenue": 251,
        "Gross Profit": 49,
        "Operating Income": 9,
        "EBIT": 12,
        "Net Income": 5
    },
    "2012-09-30": {
        "Diluted EPS": 0.42,
        "Total Revenue": 209,
        "Gross Profit": 44,
        "Operating Income": 12,
        "EBIT": 15,
        "Net Income": 8
    },
    "2012-06-30": {
        "Diluted EPS": 0.17,
        "Total Revenue": 171,
        "Gross Profit": 34,
        "Operating Income": 7,
        "EBIT": 9,
        "Net Income": 3
    },
    "2012-03-31": {
        "Diluted EPS": -0.17,
        "Total Revenue": 131,
        "Gross Profit": 24,
        "Operating Income": 0,
        "EBIT": 2,
        "Net Income": -3
    },
    "2011-12-31": {
        "Diluted EPS": -0.15,
        "Total Revenue": 177,
        "Gross Profit": 33,
        "Operating Income": 1,
        "EBIT": 3,
        "Net Income": -3
    },
    "2011-09-30": {
        "Diluted EPS": -0.25,
        "Total Revenue": 142,
        "Gross Profit": 25,
        "Operating Income": -1,
        "EBIT": 0,
        "Net Income": -5
    },
    "2011-06-30": {
        "Diluted EPS": -0.49,
        "Total Revenue": 137,
        "Gross Profit": 23,
        "Operating Income": -6,
        "EBIT": -4,
        "Net Income": -9
    },
    "2011-03-31": {
        "Diluted EPS": -0.92,
        "Total Revenue": 111,
        "Gross Profit": 18,
        "Operating Income": -13,
        "EBIT": -11,
        "Net Income": -17
    },
    "2010-12-31": {
        "Diluted EPS": -0.6,
        "Total Revenue": 165,
        "Gross Profit": 27,
        "Operating Income": -1,
        "EBIT": 1,
        "Net Income": -11
    },
    "2010-09-30": {
        "Diluted EPS": -0.11,
        "Total Revenue": 136,
        "Gross Profit": 27,
        "Operating Income": 0,
        "EBIT": 2,
        "Net Income": -2
    },
    "2010-06-30": {
        "Diluted EPS": -0.26,
        "Total Revenue": 196,
        "Gross Profit": 31,
        "Operating Income": -3,
        "EBIT": -1,
        "Net Income": -5
    },
    "2010-03-31": {
        "Diluted EPS": -0.45,
        "Total Revenue": 119,
        "Gross Profit": 20,
        "Operating Income": -7,
        "EBIT": -5,
        "Net Income": -8
    },
    "2009-12-31": {
        "Diluted EPS": 0.7,
        "Total Revenue": 205,
        "Gross Profit": 31,
        "Operating Income": -22,
        "EBIT": -20,
        "Net Income": 7
    },
    "2009-09-30": {
        "Diluted EPS": -1.14,
        "Total Revenue": 153,
        "Gross Profit": 21,
        "Operating Income": -20,
        "EBIT": -18,
        "Net Income": -21
    },
    "2009-06-30": {
        "Diluted EPS": -1.26,
        "Total Revenue": 116,
        "Gross Profit": 15,
        "Operating Income": -18,
        "EBIT": -16,
        "Net Income": -20
    },
    "2009-03-31": {
        "Diluted EPS": -2.01,
        "Total Revenue": 96,
        "Gross Profit": 8,
        "Operating Income": -24,
        "EBIT": -22,
        "Net Income": -28
    },
    "2023-09-30": {
        "Tax Effect Of Unusual Items": NaN,
        "Tax Rate For Calcs": NaN,
        "Normalized EBITDA": NaN,
        "Net Income From Continuing Operation Net Minority Interest": NaN,
        "Reconciled Depreciation": NaN,
        "Reconciled Cost Of Revenue": NaN,
        "EBITDA": NaN,
        "EBIT": NaN,
        "Net Interest Income": NaN,
        "Normalized Income": NaN,
        "Net Income From Continuing And Discontinued Operation": NaN,
        "Total Expenses": NaN,
        "Diluted Average Shares": NaN,
        "Basic Average Shares": NaN,
        "Diluted EPS": NaN,
        "Basic EPS": NaN,
        "Diluted NI Availto Com Stockholders": NaN,
        "Net Income Common Stockholders": NaN,
        "Net Income": NaN,
        "Net Income Including Noncontrolling Interests": NaN,
        "Net Income Continuous Operations": NaN,
        "Tax Provision": NaN,
        "Pretax Income": NaN,
        "Other Income Expense": -1000.0,
        "Other Non Operating Income Expenses": -1000.0,
        "Net Non Operating Interest Income Expense": NaN,
        "Total Other Finance Cost": NaN,
        "Operating Income": NaN,
        "Operating Expense": NaN,
        "Selling General And Administration": NaN,
        "Selling And Marketing Expense": NaN,
        "General And Administrative Expense": NaN,
        "Other Gand A": NaN,
        "Gross Profit": NaN,
        "Cost Of Revenue": NaN,
        "Total Revenue": NaN,
        "Operating Revenue": NaN
    },
    "2023-12-31": {
        "Tax Effect Of Unusual Items": NaN,
        "Tax Rate For Calcs": NaN,
        "Normalized EBITDA": NaN,
        "Net Income From Continuing Operation Net Minority Interest": NaN,
        "Reconciled Depreciation": NaN,
        "Reconciled Cost Of Revenue": NaN,
        "EBITDA": NaN,
        "EBIT": NaN,
        "Net Interest Income": NaN,
        "Normalized Income": NaN,
        "Net Income From Continuing And Discontinued Operation": NaN,
        "Total Expenses": NaN,
        "Diluted Average Shares": NaN,
        "Basic Average Shares": NaN,
        "Diluted EPS": NaN,
        "Basic EPS": NaN,
        "Diluted NI Availto Com Stockholders": NaN,
        "Net Income Common Stockholders": NaN,
        "Net Income": NaN,
        "Net Income Including Noncontrolling Interests": NaN,
        "Net Income Continuous Operations": NaN,
        "Tax Provision": NaN,
        "Pretax Income": NaN,
        "Other Income Expense": -1000.0,
        "Other Non Operating Income Expenses": -1000.0,
        "Net Non Operating Interest Income Expense": NaN,
        "Total Other Finance Cost": NaN,
        "Operating Income": NaN,
        "Operating Expense": NaN,
        "Selling General And Administration": NaN,
        "Selling And Marketing Expense": NaN,
        "General And Administrative Expense": NaN,
        "Other Gand A": NaN,
        "Gross Profit": NaN,
        "Cost Of Revenue": NaN,
        "Total Revenue": NaN,
        "Operating Revenue": NaN
    },
    "2024-03-31": {
        "Tax Effect Of Unusual Items": 0.0,
        "Tax Rate For Calcs": 0.234,
        "Normalized EBITDA": 176978000.0,
        "Net Income From Continuing Operation Net Minority Interest": 138061000.0,
        "Reconciled Depreciation": 3659000.0,
        "Reconciled Cost Of Revenue": 763360000.0,
        "EBITDA": 176978000.0,
        "EBIT": 173319000.0,
        "Net Interest Income": 6920000.0,
        "Normalized Income": 138061000.0,
        "Net Income From Continuing And Discontinued Operation": 138061000.0,
        "Total Expenses": 873384000.0,
        "Diluted Average Shares": 28888000.0,
        "Basic Average Shares": 28052000.0,
        "Diluted EPS": 4.78,
        "Basic EPS": 4.92,
        "Diluted NI Availto Com Stockholders": 138061000.0,
        "Net Income Common Stockholders": 138061000.0,
        "Net Income": 138061000.0,
        "Net Income Including Noncontrolling Interests": 138061000.0,
        "Net Income Continuous Operations": 138061000.0,
        "Tax Provision": 42178000.0,
        "Pretax Income": 180239000.0,
        "Other Income Expense": NaN,
        "Other Non Operating Income Expenses": NaN,
        "Net Non Operating Interest Income Expense": 6920000.0,
        "Total Other Finance Cost": -6920000.0,
        "Operating Income": 173319000.0,
        "Operating Expense": 110024000.0,
        "Selling General And Administration": 110024000.0,
        "Selling And Marketing Expense": 53940000.0,
        "General And Administrative Expense": 56084000.0,
        "Other Gand A": 56084000.0,
        "Gross Profit": 283343000.0,
        "Cost Of Revenue": 763360000.0,
        "Total Revenue": 1046703000.0,
        "Operating Revenue": 1046703000.0
    },
    "2024-06-30": {
        "Tax Effect Of Unusual Items": 0.0,
        "Tax Rate For Calcs": 0.244,
        "Normalized EBITDA": 190590000.0,
        "Net Income From Continuing Operation Net Minority Interest": 146746000.0,
        "Reconciled Depreciation": 3799000.0,
        "Reconciled Cost Of Revenue": 800501000.0,
        "EBITDA": 190590000.0,
        "EBIT": 186791000.0,
        "Net Interest Income": 7348000.0,
        "Normalized Income": 146746000.0,
        "Net Income From Continuing And Discontinued Operation": 146746000.0,
        "Total Expenses": 922990000.0,
        "Diluted Average Shares": 28668000.0,
        "Basic Average Shares": 27878000.0,
        "Diluted EPS": 5.12,
        "Basic EPS": 5.26,
        "Diluted NI Availto Com Stockholders": 146746000.0,
        "Net Income Common Stockholders": 146746000.0,
        "Net Income": 146746000.0,
        "Net Income Including Noncontrolling Interests": 146746000.0,
        "Net Income Continuous Operations": 146746000.0,
        "Tax Provision": 47393000.0,
        "Pretax Income": 194139000.0,
        "Net Non Operating Interest Income Expense": 7348000.0,
        "Total Other Finance Cost": -7348000.0,
        "Operating Income": 186791000.0,
        "Operating Expense": 122489000.0,
        "Selling General And Administration": 122489000.0,
        "Selling And Marketing Expense": 58495000.0,
        "General And Administrative Expense": 63994000.0,
        "Other Gand A": 63994000.0,
        "Gross Profit": 309280000.0,
        "Cost Of Revenue": 800501000.0,
        "Total Revenue": 1109781000.0,
        "Operating Revenue": 1109781000.0
    },
    "2024-09-30": {
        "Tax Effect Of Unusual Items": 0.0,
        "Tax Rate For Calcs": 0.229,
        "Normalized EBITDA": 186000000.0,
        "Total Unusual Items": NaN,
        "Total Unusual Items Excluding Goodwill": NaN,
        "Net Income From Continuing Operation Net Minority Interest": 145449000.0,
        "Reconciled Depreciation": 4007000.0,
        "Reconciled Cost Of Revenue": 833468000.0,
        "EBITDA": 186000000.0,
        "EBIT": 181993000.0,
        "Net Interest Income": 6680000.0,
        "Normalized Income": 145449000.0,
        "Net Income From Continuing And Discontinued Operation": 145449000.0,
        "Total Expenses": 960916000.0,
        "Diluted Average Shares": NaN,
        "Basic Average Shares": NaN,
        "Diluted EPS": NaN,
        "Basic EPS": NaN,
        "Diluted NI Availto Com Stockholders": 145449000.0,
        "Net Income Common Stockholders": 145449000.0,
        "Net Income": 145449000.0,
        "Net Income Including Noncontrolling Interests": 145449000.0,
        "Net Income Continuous Operations": 145449000.0,
        "Tax Provision": 43224000.0,
        "Pretax Income": 188673000.0,
        "Other Income Expense": NaN,
        "Special Income Charges": NaN,
        "Impairment Of Capital Assets": NaN,
        "Net Non Operating Interest Income Expense": 6680000.0,
        "Total Other Finance Cost": -6680000.0,
        "Operating Income": 181993000.0,
        "Operating Expense": 127448000.0,
        "Selling General And Administration": 127448000.0,
        "Selling And Marketing Expense": 59163000.0,
        "General And Administrative Expense": 68285000.0,
        "Other Gand A": 68285000.0,
        "Gross Profit": 309441000.0,
        "Cost Of Revenue": 833468000.0,
        "Total Revenue": 1142909000.0,
        "Operating Revenue": 1142909000.0
    },
    "2024-12-31": {
        "Tax Effect Of Unusual Items": 0.0,
        "Tax Rate For Calcs": 0.217452,
        "Normalized EBITDA": 167978000.0,
        "Total Unusual Items": NaN,
        "Total Unusual Items Excluding Goodwill": NaN,
        "Net Income From Continuing Operation Net Minority Interest": 133469000.0,
        "Reconciled Depreciation": 3987000.0,
        "Reconciled Cost Of Revenue": 908452000.0,
        "EBITDA": 167978000.0,
        "EBIT": 163991000.0,
        "Net Interest Income": 6566000.0,
        "Normalized Income": 133469000.0,
        "Net Income From Continuing And Discontinued Operation": 133469000.0,
        "Total Expenses": 1041286000.0,
        "Diluted Average Shares": 28308000.0,
        "Basic Average Shares": 27538000.0,
        "Diluted EPS": 4.71,
        "Basic EPS": 4.85,
        "Diluted NI Availto Com Stockholders": 133469000.0,
        "Net Income Common Stockholders": 133469000.0,
        "Net Income": 133469000.0,
        "Net Income Including Noncontrolling Interests": 133469000.0,
        "Net Income Continuous Operations": 133469000.0,
        "Tax Provision": 37088000.0,
        "Pretax Income": 170557000.0,
        "Other Income Expense": NaN,
        "Special Income Charges": NaN,
        "Impairment Of Capital Assets": NaN,
        "Net Non Operating Interest Income Expense": 6566000.0,
        "Total Other Finance Cost": -6566000.0,
        "Operating Income": 163991000.0,
        "Operating Expense": 132834000.0,
        "Selling General And Administration": 132834000.0,
        "Selling And Marketing Expense": 62775000.0,
        "General And Administrative Expense": 70059000.0,
        "Other Gand A": 70059000.0,
        "Gross Profit": 296825000.0,
        "Cost Of Revenue": 908452000.0,
        "Total Revenue": 1205277000.0,
        "Operating Revenue": 1205277000.0
    },
    "2025-03-31": {
        "Tax Effect Of Unusual Items": 0.0,
        "Tax Rate For Calcs": 0.239,
        "Normalized EBITDA": 144870000.0,
        "Total Unusual Items": NaN,
        "Total Unusual Items Excluding Goodwill": NaN,
        "Net Income From Continuing Operation Net Minority Interest": 111237000.0,
        "Reconciled Depreciation": 3946000.0,
        "Reconciled Cost Of Revenue": 723310000.0,
        "EBITDA": 144870000.0,
        "EBIT": 140924000.0,
        "Net Interest Income": 5197000.0,
        "Normalized Income": 111237000.0,
        "Net Income From Continuing And Discontinued Operation": 111237000.0,
        "Total Expenses": 835169000.0,
        "Diluted Average Shares": 27941000.0,
        "Basic Average Shares": 27314000.0,
        "Diluted EPS": 3.98,
        "Basic EPS": 4.07,
        "Diluted NI Availto Com Stockholders": 111237000.0,
        "Net Income Common Stockholders": 111237000.0,
        "Net Income": 111237000.0,
        "Net Income Including Noncontrolling Interests": 111237000.0,
        "Net Income Continuous Operations": 111237000.0,
        "Tax Provision": 34884000.0,
        "Pretax Income": 146121000.0,
        "Other Income Expense": NaN,
        "Special Income Charges": NaN,
        "Impairment Of Capital Assets": NaN,
        "Net Non Operating Interest Income Expense": 5197000.0,
        "Total Other Finance Cost": -5197000.0,
        "Operating Income": 140924000.0,
        "Operating Expense": 111859000.0,
        "Selling General And Administration": 111859000.0,
        "Selling And Marketing Expense": 52786000.0,
        "General And Administrative Expense": 59073000.0,
        "Other Gand A": 59073000.0,
        "Gross Profit": 252783000.0,
        "Cost Of Revenue": 723310000.0,
        "Total Revenue": 976093000.0,
        "Operating Revenue": 976093000.0
    },
    "2025-06-30": {
        "Tax Effect Of Unusual Items": 0.0,
        "Tax Rate For Calcs": 0.243,
        "Normalized EBITDA": 159790000.0,
        "Total Unusual Items": NaN,
        "Total Unusual Items Excluding Goodwill": NaN,
        "Net Income From Continuing Operation Net Minority Interest": 121243000.0,
        "Reconciled Depreciation": 4073000.0,
        "Reconciled Cost Of Revenue": 875973000.0,
        "EBITDA": 159790000.0,
        "EBIT": 155717000.0,
        "Net Interest Income": 4377000.0,
        "Normalized Income": 121243000.0,
        "Net Income From Continuing And Discontinued Operation": 121243000.0,
        "Total Expenses": 1006875000.0,
        "Diluted Average Shares": 27406000.0,
        "Basic Average Shares": 26836000.0,
        "Diluted EPS": 4.42,
        "Basic EPS": 4.52,
        "Diluted NI Availto Com Stockholders": 121243000.0,
        "Net Income Common Stockholders": 121243000.0,
        "Net Income": 121243000.0,
        "Net Income Including Noncontrolling Interests": 121243000.0,
        "Net Income Continuous Operations": 121243000.0,
        "Tax Provision": 38851000.0,
        "Pretax Income": 160094000.0,
        "Other Income Expense": NaN,
        "Special Income Charges": NaN,
        "Impairment Of Capital Assets": NaN,
        "Net Non Operating Interest Income Expense": 4377000.0,
        "Total Other Finance Cost": -4377000.0,
        "Operating Income": 155717000.0,
        "Operating Expense": 130902000.0,
        "Selling General And Administration": 130902000.0,
        "Selling And Marketing Expense": 63655000.0,
        "General And Administrative Expense": 67247000.0,
        "Other Gand A": 67247000.0,
        "Gross Profit": 286619000.0,
        "Cost Of Revenue": 875973000.0,
        "Total Revenue": 1162592000.0,
        "Operating Revenue": 1162592000.0
    },
    "2025-09-30": {
        "Tax Effect Of Unusual Items": -1804754.0,
        "Tax Rate For Calcs": 0.238,
        "Normalized EBITDA": 154711000.0,
        "Total Unusual Items": -7583000.0,
        "Total Unusual Items Excluding Goodwill": -7583000.0,
        "Net Income From Continuing Operation Net Minority Interest": 106490000.0,
        "Reconciled Depreciation": 4274000.0,
        "Reconciled Cost Of Revenue": 854122000.0,
        "EBITDA": 147128000.0,
        "EBIT": 142854000.0,
        "Net Interest Income": 4548000.0,
        "Normalized Income": 112268246.0,
        "Net Income From Continuing And Discontinued Operation": 106490000.0,
        "Total Expenses": 988937000.0,
        "Diluted Average Shares": 27188000.0,
        "Basic Average Shares": 26544000.0,
        "Diluted EPS": 3.92,
        "Basic EPS": 4.01,
        "Diluted NI Availto Com Stockholders": 106490000.0,
        "Net Income Common Stockholders": 106490000.0,
        "Net Income": 106490000.0,
        "Net Income Including Noncontrolling Interests": 106490000.0,
        "Net Income Continuous Operations": 106490000.0,
        "Tax Provision": 33329000.0,
        "Pretax Income": 139819000.0,
        "Other Income Expense": -7583000.0,
        "Special Income Charges": -7583000.0,
        "Impairment Of Capital Assets": 7583000.0,
        "Net Non Operating Interest Income Expense": 4548000.0,
        "Total Other Finance Cost": -4548000.0,
        "Operating Income": 142854000.0,
        "Operating Expense": 134815000.0,
        "Selling General And Administration": 134815000.0,
        "Selling And Marketing Expense": 64049000.0,
        "General And Administrative Expense": 70766000.0,
        "Other Gand A": 70766000.0,
        "Gross Profit": 277669000.0,
        "Cost Of Revenue": 854122000.0,
        "Total Revenue": 1131791000.0,
        "Operating Revenue": 1131791000.0
    },
    "2025-12-31": {
        "Tax Effect Of Unusual Items": NaN,
        "Tax Rate For Calcs": NaN,
        "Normalized EBITDA": NaN,
        "Total Unusual Items": NaN,
        "Total Unusual Items Excluding Goodwill": NaN,
        "Net Income From Continuing Operation Net Minority Interest": NaN,
        "Reconciled Depreciation": NaN,
        "Reconciled Cost Of Revenue": NaN,
        "EBITDA": NaN,
        "EBIT": NaN,
        "Net Interest Income": NaN,
        "Normalized Income": NaN,
        "Net Income From Continuing And Discontinued Operation": NaN,
        "Total Expenses": NaN,
        "Diluted Average Shares": 26814000.0,
        "Basic Average Shares": 26241000.0,
        "Diluted EPS": 2.39,
        "Basic EPS": 2.44,
        "Diluted NI Availto Com Stockholders": NaN,
        "Net Income Common Stockholders": NaN,
        "Net Income": NaN,
        "Net Income Including Noncontrolling Interests": NaN,
        "Net Income Continuous Operations": NaN,
        "Tax Provision": NaN,
        "Pretax Income": NaN,
        "Other Income Expense": NaN,
        "Special Income Charges": NaN,
        "Impairment Of Capital Assets": NaN,
        "Net Non Operating Interest Income Expense": NaN,
        "Total Other Finance Cost": NaN,
        "Operating Income": NaN,
        "Operating Expense": NaN,
        "Selling General And Administration": NaN,
        "Selling And Marketing Expense": NaN,
        "General And Administrative Expense": NaN,
        "Other Gand A": NaN,
        "Gross Profit": NaN,
        "Cost Of Revenue": NaN,
        "Total Revenue": NaN,
        "Operating Revenue": NaN
    }
}