{
    "2022-09-30": {
        "Tax Effect Of Unusual Items": -921480.0,
        "Tax Rate For Calcs": 0.21,
        "Normalized EBITDA": 6957000.0,
        "Total Unusual Items": -4388000.0,
        "Total Unusual Items Excluding Goodwill": -4388000.0,
        "Net Income From Continuing Operation Net Minority Interest": -311000.0,
        "Reconciled Depreciation": 4708000.0,
        "Reconciled Cost Of Revenue": 5218000.0,
        "EBITDA": 2569000.0,
        "EBIT": 2569000.0,
        "Net Interest Income": -2107000.0,
        "Interest Expense": 2107000.0,
        "Normalized Income": 3155520.0,
        "Net Income From Continuing And Discontinued Operation": -311000.0,
        "Total Expenses": 31440000.0,
        "Total Operating Income As Reported": 2937000.0,
        "Diluted Average Shares": 45311000.0,
        "Basic Average Shares": 44693000.0,
        "Diluted EPS": -0.01,
        "Basic EPS": -0.01,
        "Diluted NI Availto Com Stockholders": -311000.0,
        "Net Income Common Stockholders": -311000.0,
        "Net Income": -311000.0,
        "Net Income Including Noncontrolling Interests": -311000.0,
        "Net Income Continuous Operations": -311000.0,
        "Tax Provision": 773000.0,
        "Pretax Income": 462000.0,
        "Other Income Expense": -4756000.0,
        "Other Non Operating Income Expenses": -368000.0,
        "Special Income Charges": -4388000.0,
        "Restructuring And Mergern Acquisition": 4388000.0,
        "Net Non Operating Interest Income Expense": -2107000.0,
        "Total Other Finance Cost": NaN,
        "Interest Expense Non Operating": 2107000.0,
        "Operating Income": 7325000.0,
        "Operating Expense": 26222000.0,
        "Depreciation Amortization Depletion Income Statement": 5225000.0,
        "Depreciation And Amortization In Income Statement": 5225000.0,
        "Amortization": 5225000.0,
        "Amortization Of Intangibles Income Statement": 5225000.0,
        "Research And Development": 8278000.0,
        "Selling General And Administration": 17944000.0,
        "Selling And Marketing Expense": 9951000.0,
        "General And Administrative Expense": 7993000.0,
        "Other Gand A": 7993000.0,
        "Salaries And Wages": NaN,
        "Gross Profit": 33547000.0,
        "Cost Of Revenue": 5218000.0,
        "Total Revenue": 38765000.0,
        "Operating Revenue": 38765000.0
    },
    "2022-06-30": {
        "Tax Effect Of Unusual Items": -722800.0,
        "Tax Rate For Calcs": 0.4,
        "Normalized EBITDA": 7563000.0,
        "Total Unusual Items": -1807000.0,
        "Total Unusual Items Excluding Goodwill": -1807000.0,
        "Net Income From Continuing Operation Net Minority Interest": -852000.0,
        "Reconciled Depreciation": 4492000.0,
        "Reconciled Cost Of Revenue": 4567000.0,
        "EBITDA": 5756000.0,
        "EBIT": 1264000.0,
        "Net Interest Income": -2077000.0,
        "Interest Expense": 2077000.0,
        "Normalized Income": 232200.0,
        "Net Income From Continuing And Discontinued Operation": -852000.0,
        "Total Expenses": 36311000.0,
        "Total Operating Income As Reported": 1215000.0,
        "Diluted Average Shares": 45224000.0,
        "Basic Average Shares": 44669000.0,
        "Diluted EPS": 0.02,
        "Basic EPS": 0.02,
        "Diluted NI Availto Com Stockholders": -852000.0,
        "Net Income Common Stockholders": -852000.0,
        "Net Income": -852000.0,
        "Net Income Including Noncontrolling Interests": -852000.0,
        "Net Income Continuous Operations": -852000.0,
        "Tax Provision": 39000.0,
        "Pretax Income": -813000.0,
        "Other Income Expense": -1758000.0,
        "Other Non Operating Income Expenses": 49000.0,
        "Special Income Charges": -1807000.0,
        "Restructuring And Mergern Acquisition": 1807000.0,
        "Net Non Operating Interest Income Expense": -2077000.0,
        "Total Other Finance Cost": 1787000.0,
        "Interest Expense Non Operating": 2077000.0,
        "Operating Income": 3022000.0,
        "Operating Expense": 31744000.0,
        "Depreciation Amortization Depletion Income Statement": 4492000.0,
        "Depreciation And Amortization In Income Statement": 4492000.0,
        "Amortization": 4492000.0,
        "Amortization Of Intangibles Income Statement": 4492000.0,
        "Research And Development": 9411000.0,
        "Selling General And Administration": 17841000.0,
        "Selling And Marketing Expense": 11174000.0,
        "General And Administrative Expense": 6667000.0,
        "Other Gand A": 6667000.0,
        "Gross Profit": 34766000.0,
        "Cost Of Revenue": 4567000.0,
        "Total Revenue": 39333000.0,
        "Operating Revenue": 39333000.0
    },
    "2022-03-31": {
        "Diluted EPS": 0.02,
        "Total Revenue": 35,
        "Gross Profit": 31,
        "Operating Income": 4,
        "EBIT": 8,
        "Net Income": 1
    },
    "2021-12-31": {
        "Diluted EPS": 0.07,
        "Total Revenue": 32,
        "Gross Profit": 29,
        "Operating Income": 5,
        "EBIT": 9,
        "Net Income": 3
    },
    "2021-09-30": {
        "Diluted EPS": 0.04,
        "Total Revenue": 33,
        "Gross Profit": 30,
        "Operating Income": 4,
        "EBIT": 8,
        "Net Income": 2
    },
    "2021-06-30": {
        "Diluted EPS": 0.07,
        "Total Revenue": 32,
        "Gross Profit": 28,
        "Operating Income": 5,
        "EBIT": 10,
        "Net Income": 3
    },
    "2021-03-31": {
        "Diluted EPS": 0.02,
        "Total Revenue": 29,
        "Gross Profit": 25,
        "Operating Income": 2,
        "EBIT": 6,
        "Net Income": 1
    },
    "2020-12-31": {
        "Diluted EPS": 0.05,
        "Total Revenue": 26,
        "Gross Profit": 22,
        "Operating Income": 2,
        "EBIT": 4,
        "Net Income": 2
    },
    "2020-09-30": {
        "Diluted EPS": 0.12,
        "Total Revenue": 31,
        "Gross Profit": 27,
        "Operating Income": 6,
        "EBIT": 8,
        "Net Income": 5
    },
    "2020-06-30": {
        "Diluted EPS": 0.03,
        "Total Revenue": 25,
        "Gross Profit": 22,
        "Operating Income": 1,
        "EBIT": 3,
        "Net Income": 1
    },
    "2020-03-31": {
        "Diluted EPS": 0.02,
        "Total Revenue": 23,
        "Gross Profit": 20,
        "Operating Income": 1,
        "EBIT": 3,
        "Net Income": 1
    },
    "2019-12-31": {
        "Diluted EPS": 0.01,
        "Total Revenue": 22,
        "Gross Profit": 19,
        "Operating Income": 0,
        "EBIT": 2,
        "Net Income": 1
    },
    "2019-09-30": {
        "Diluted EPS": 0.08,
        "Total Revenue": 25,
        "Gross Profit": 22,
        "Operating Income": 5,
        "EBIT": 7,
        "Net Income": 3
    },
    "2019-06-30": {
        "Diluted EPS": 0.0,
        "Total Revenue": 22,
        "Gross Profit": 19,
        "Operating Income": -3,
        "EBIT": -1,
        "Net Income": 0
    },
    "2019-03-31": {
        "Diluted EPS": -0.02,
        "Total Revenue": 20,
        "Gross Profit": 17,
        "Operating Income": -2,
        "EBIT": 0,
        "Net Income": -1
    },
    "2018-12-31": {
        "Diluted EPS": -0.08,
        "Total Revenue": 18,
        "Gross Profit": 15,
        "Operating Income": -5,
        "EBIT": -2,
        "Net Income": -3
    },
    "2018-09-30": {
        "Diluted EPS": -0.05,
        "Total Revenue": 21,
        "Gross Profit": 18,
        "Operating Income": -1,
        "EBIT": 1,
        "Net Income": -2
    },
    "2018-06-30": {
        "Diluted EPS": -0.08,
        "Total Revenue": 16,
        "Gross Profit": 13,
        "Operating Income": -3,
        "EBIT": -2,
        "Net Income": -3
    },
    "2018-03-31": {
        "Diluted EPS": -0.03,
        "Total Revenue": 14,
        "Gross Profit": 13,
        "Operating Income": -1,
        "EBIT": -1,
        "Net Income": -1
    },
    "2017-12-31": {
        "Diluted EPS": -0.17,
        "Total Revenue": 12,
        "Gross Profit": 11,
        "Operating Income": -2,
        "EBIT": -1,
        "Net Income": -6
    },
    "2017-09-30": {
        "Diluted EPS": 0.37,
        "Total Revenue": 13,
        "Gross Profit": 12,
        "Operating Income": 2,
        "EBIT": 2,
        "Net Income": 13
    },
    "2017-06-30": {
        "Diluted EPS": 0.02,
        "Total Revenue": 12,
        "Gross Profit": 11,
        "Operating Income": 0,
        "EBIT": 1,
        "Net Income": 1
    },
    "2017-03-31": {
        "Diluted EPS": 0.03,
        "Total Revenue": 11,
        "Gross Profit": 11,
        "Operating Income": 1,
        "EBIT": 2,
        "Net Income": 1
    },
    "2016-12-31": {
        "Diluted EPS": -0.02,
        "Total Revenue": 9,
        "Gross Profit": 8,
        "Operating Income": -1,
        "EBIT": 0,
        "Net Income": -1
    },
    "2016-09-30": {
        "Diluted EPS": 0.03,
        "Total Revenue": 10,
        "Gross Profit": 9,
        "Operating Income": 1,
        "EBIT": 2,
        "Net Income": 1
    },
    "2016-06-30": {
        "Diluted EPS": 0.02,
        "Total Revenue": 9,
        "Gross Profit": 8,
        "Operating Income": 1,
        "EBIT": 1,
        "Net Income": 1
    },
    "2016-03-31": {
        "Diluted EPS": 0.02,
        "Total Revenue": 9,
        "Gross Profit": 8,
        "Operating Income": 1,
        "EBIT": 1,
        "Net Income": 1
    },
    "2015-12-31": {
        "Diluted EPS": -0.01,
        "Total Revenue": 7,
        "Gross Profit": 6,
        "Operating Income": 0,
        "EBIT": 0,
        "Net Income": 0
    },
    "2015-09-30": {
        "Diluted EPS": 0.03,
        "Total Revenue": 8,
        "Gross Profit": 7,
        "Operating Income": 1,
        "EBIT": 2,
        "Net Income": 1
    },
    "2015-06-30": {
        "Diluted EPS": 0.03,
        "Total Revenue": 6,
        "Gross Profit": 6,
        "Operating Income": 0,
        "EBIT": 1,
        "Net Income": 1
    },
    "2015-03-31": {
        "Diluted EPS": 0.02,
        "Total Revenue": 6,
        "Gross Profit": 5,
        "Operating Income": 0,
        "EBIT": 1,
        "Net Income": 1
    },
    "2014-12-31": {
        "Diluted EPS": 0.0,
        "Total Revenue": 5,
        "Gross Profit": 5,
        "Operating Income": 0,
        "EBIT": 0,
        "Net Income": 0
    },
    "2014-09-30": {
        "Diluted EPS": 0.0,
        "Total Revenue": 6,
        "Gross Profit": 5,
        "Operating Income": 0,
        "EBIT": 0,
        "Net Income": 0
    },
    "2014-06-30": {
        "Diluted EPS": -0.05,
        "Total Revenue": 5,
        "Gross Profit": 4,
        "Operating Income": -2,
        "EBIT": -1,
        "Net Income": -2
    },
    "2014-03-31": {
        "Diluted EPS": -0.07,
        "Total Revenue": 4,
        "Gross Profit": 4,
        "Operating Income": -2,
        "EBIT": -2,
        "Net Income": -2
    },
    "2013-12-31": {
        "Diluted EPS": -0.05,
        "Total Revenue": 4,
        "Gross Profit": 4,
        "Operating Income": -1,
        "EBIT": -1,
        "Net Income": -1
    },
    "2013-09-30": {
        "Diluted EPS": -0.04,
        "Total Revenue": 4,
        "Gross Profit": 4,
        "Operating Income": -1,
        "EBIT": -1,
        "Net Income": -1
    },
    "2013-06-30": {
        "Diluted EPS": -0.08,
        "Total Revenue": 4,
        "Gross Profit": 3,
        "Operating Income": -2,
        "EBIT": -2,
        "Net Income": -2
    },
    "2013-03-31": {
        "Diluted EPS": -0.09,
        "Total Revenue": 3,
        "Gross Profit": 3,
        "Operating Income": -2,
        "EBIT": -2,
        "Net Income": -2
    },
    "2012-12-31": {
        "Diluted EPS": -0.05,
        "Total Revenue": 3,
        "Gross Profit": 3,
        "Operating Income": -1,
        "EBIT": -1,
        "Net Income": -1
    },
    "2012-09-30": {
        "Diluted EPS": -0.12,
        "Total Revenue": 1,
        "Gross Profit": 1,
        "Operating Income": -3,
        "EBIT": -3,
        "Net Income": -3
    },
    "2012-06-30": {
        "Diluted EPS": -0.08,
        "Total Revenue": 3,
        "Gross Profit": 3,
        "Operating Income": -2,
        "EBIT": -2,
        "Net Income": -2
    },
    "2012-03-31": {
        "Diluted EPS": -0.11,
        "Total Revenue": 1,
        "Gross Profit": 1,
        "Operating Income": -3,
        "EBIT": -3,
        "Net Income": -3
    },
    "2011-12-31": {
        "Diluted EPS": 0.0,
        "Total Revenue": 4,
        "Gross Profit": 3,
        "Operating Income": 0,
        "EBIT": 0,
        "Net Income": 0
    },
    "2011-09-30": {
        "Diluted EPS": 0.0,
        "Total Revenue": 3,
        "Gross Profit": 3,
        "Operating Income": 0,
        "EBIT": 0,
        "Net Income": 0
    },
    "2011-06-30": {
        "Diluted EPS": 0.01,
        "Total Revenue": 3,
        "Gross Profit": 3,
        "Operating Income": 0,
        "EBIT": 0,
        "Net Income": 0
    },
    "2011-03-31": {
        "Diluted EPS": 0.02,
        "Total Revenue": 3,
        "Gross Profit": 3,
        "Operating Income": 1,
        "EBIT": 1,
        "Net Income": 1
    },
    "2010-12-31": {
        "Diluted EPS": -0.04,
        "Total Revenue": 1,
        "Gross Profit": 1,
        "Operating Income": 0,
        "EBIT": 0,
        "Net Income": -1
    },
    "2010-09-30": {
        "Diluted EPS": 0.01,
        "Total Revenue": 2,
        "Gross Profit": 1,
        "Operating Income": 0,
        "EBIT": 0,
        "Net Income": 0
    },
    "2010-06-30": {
        "Diluted EPS": -0.04,
        "Total Revenue": 1,
        "Gross Profit": 1,
        "Operating Income": -1,
        "EBIT": -1,
        "Net Income": -1
    },
    "2010-03-31": {
        "Diluted EPS": 0.0,
        "Total Revenue": 2,
        "Gross Profit": 1,
        "Operating Income": 0,
        "EBIT": 0,
        "Net Income": 0
    },
    "2009-12-31": {
        "Diluted EPS": -0.01,
        "Total Revenue": 1,
        "Gross Profit": 1,
        "Operating Income": 0,
        "EBIT": 0,
        "Net Income": 0
    },
    "2009-09-30": {
        "Diluted EPS": -0.02,
        "Total Revenue": 1,
        "Gross Profit": 1,
        "Operating Income": 0,
        "EBIT": 0,
        "Net Income": 0
    },
    "2009-06-30": {
        "Diluted EPS": -0.01,
        "Total Revenue": 1,
        "Gross Profit": 1,
        "Operating Income": 0,
        "EBIT": 0,
        "Net Income": 0
    },
    "2009-03-31": {
        "Diluted EPS": -0.01,
        "Total Revenue": 1,
        "Gross Profit": 1,
        "Operating Income": 0,
        "EBIT": 0,
        "Net Income": 0
    },
    "2022-12-31": {
        "Tax Effect Of Unusual Items": NaN,
        "Tax Rate For Calcs": NaN,
        "Normalized EBITDA": NaN,
        "Total Unusual Items": NaN,
        "Total Unusual Items Excluding Goodwill": NaN,
        "Net Income From Continuing Operation Net Minority Interest": NaN,
        "Reconciled Depreciation": NaN,
        "Reconciled Cost Of Revenue": NaN,
        "EBITDA": NaN,
        "EBIT": NaN,
        "Net Interest Income": NaN,
        "Interest Expense": NaN,
        "Normalized Income": NaN,
        "Net Income From Continuing And Discontinued Operation": NaN,
        "Total Expenses": NaN,
        "Total Operating Income As Reported": NaN,
        "Diluted Average Shares": NaN,
        "Basic Average Shares": NaN,
        "Diluted EPS": NaN,
        "Basic EPS": NaN,
        "Diluted NI Availto Com Stockholders": NaN,
        "Net Income Common Stockholders": NaN,
        "Net Income": NaN,
        "Net Income Including Noncontrolling Interests": NaN,
        "Net Income Continuous Operations": NaN,
        "Tax Provision": NaN,
        "Pretax Income": NaN,
        "Other Income Expense": NaN,
        "Other Non Operating Income Expenses": NaN,
        "Special Income Charges": NaN,
        "Restructuring And Mergern Acquisition": NaN,
        "Net Non Operating Interest Income Expense": NaN,
        "Total Other Finance Cost": 1844000.0,
        "Interest Expense Non Operating": NaN,
        "Operating Income": NaN,
        "Operating Expense": NaN,
        "Depreciation Amortization Depletion Income Statement": NaN,
        "Depreciation And Amortization In Income Statement": NaN,
        "Amortization": NaN,
        "Amortization Of Intangibles Income Statement": NaN,
        "Research And Development": NaN,
        "Selling General And Administration": NaN,
        "Selling And Marketing Expense": NaN,
        "General And Administrative Expense": NaN,
        "Other Gand A": NaN,
        "Salaries And Wages": NaN,
        "Gross Profit": NaN,
        "Cost Of Revenue": NaN,
        "Total Revenue": NaN,
        "Operating Revenue": NaN
    },
    "2023-03-31": {
        "Tax Effect Of Unusual Items": NaN,
        "Tax Rate For Calcs": NaN,
        "Normalized EBITDA": NaN,
        "Total Unusual Items": NaN,
        "Total Unusual Items Excluding Goodwill": NaN,
        "Net Income From Continuing Operation Net Minority Interest": NaN,
        "Reconciled Depreciation": NaN,
        "Reconciled Cost Of Revenue": NaN,
        "EBITDA": NaN,
        "EBIT": NaN,
        "Net Interest Income": NaN,
        "Interest Expense": NaN,
        "Normalized Income": NaN,
        "Net Income From Continuing And Discontinued Operation": NaN,
        "Total Expenses": NaN,
        "Total Operating Income As Reported": NaN,
        "Diluted Average Shares": 45780000.0,
        "Basic Average Shares": 45377000.0,
        "Diluted EPS": 0.11,
        "Basic EPS": 0.11,
        "Diluted NI Availto Com Stockholders": NaN,
        "Net Income Common Stockholders": NaN,
        "Net Income": NaN,
        "Net Income Including Noncontrolling Interests": NaN,
        "Net Income Continuous Operations": NaN,
        "Tax Provision": NaN,
        "Pretax Income": NaN,
        "Other Income Expense": NaN,
        "Other Non Operating Income Expenses": NaN,
        "Special Income Charges": NaN,
        "Restructuring And Mergern Acquisition": NaN,
        "Net Non Operating Interest Income Expense": NaN,
        "Interest Expense Non Operating": NaN,
        "Operating Income": NaN,
        "Operating Expense": NaN,
        "Depreciation Amortization Depletion Income Statement": NaN,
        "Depreciation And Amortization In Income Statement": NaN,
        "Amortization": NaN,
        "Amortization Of Intangibles Income Statement": NaN,
        "Research And Development": NaN,
        "Selling General And Administration": NaN,
        "Selling And Marketing Expense": NaN,
        "General And Administrative Expense": NaN,
        "Other Gand A": NaN,
        "Salaries And Wages": 1739000.0,
        "Gross Profit": NaN,
        "Cost Of Revenue": NaN,
        "Total Revenue": NaN,
        "Operating Revenue": NaN
    },
    "2023-06-30": {
        "Tax Effect Of Unusual Items": NaN,
        "Tax Rate For Calcs": NaN,
        "Normalized EBITDA": NaN,
        "Total Unusual Items": NaN,
        "Total Unusual Items Excluding Goodwill": NaN,
        "Net Income From Continuing Operation Net Minority Interest": NaN,
        "Reconciled Depreciation": NaN,
        "Reconciled Cost Of Revenue": NaN,
        "EBITDA": NaN,
        "EBIT": NaN,
        "Net Interest Income": NaN,
        "Interest Expense": NaN,
        "Normalized Income": NaN,
        "Net Income From Continuing And Discontinued Operation": NaN,
        "Total Expenses": NaN,
        "Total Operating Income As Reported": NaN,
        "Diluted Average Shares": 46473000.0,
        "Basic Average Shares": 46002000.0,
        "Diluted EPS": -0.01,
        "Basic EPS": -0.01,
        "Diluted NI Availto Com Stockholders": NaN,
        "Net Income Common Stockholders": NaN,
        "Net Income": NaN,
        "Net Income Including Noncontrolling Interests": NaN,
        "Net Income Continuous Operations": NaN,
        "Tax Provision": NaN,
        "Pretax Income": NaN,
        "Other Income Expense": NaN,
        "Other Non Operating Income Expenses": NaN,
        "Special Income Charges": NaN,
        "Restructuring And Mergern Acquisition": NaN,
        "Net Non Operating Interest Income Expense": NaN,
        "Interest Expense Non Operating": NaN,
        "Operating Income": NaN,
        "Operating Expense": NaN,
        "Depreciation Amortization Depletion Income Statement": NaN,
        "Depreciation And Amortization In Income Statement": NaN,
        "Amortization": NaN,
        "Amortization Of Intangibles Income Statement": NaN,
        "Research And Development": NaN,
        "Selling General And Administration": NaN,
        "Selling And Marketing Expense": NaN,
        "General And Administrative Expense": NaN,
        "Other Gand A": NaN,
        "Gross Profit": NaN,
        "Cost Of Revenue": NaN,
        "Total Revenue": NaN,
        "Operating Revenue": NaN
    },
    "2023-09-30": {
        "Tax Effect Of Unusual Items": -23940.0,
        "Tax Rate For Calcs": 0.21,
        "Normalized EBITDA": 3210000.0,
        "Total Unusual Items": -114000.0,
        "Total Unusual Items Excluding Goodwill": -114000.0,
        "Net Income From Continuing Operation Net Minority Interest": -1444000.0,
        "Reconciled Depreciation": 4262000.0,
        "Reconciled Cost Of Revenue": 5754000.0,
        "EBITDA": 3096000.0,
        "EBIT": -1166000.0,
        "Net Interest Income": -2401000.0,
        "Interest Expense": 2401000.0,
        "Normalized Income": -1353940.0,
        "Net Income From Continuing And Discontinued Operation": -1444000.0,
        "Total Expenses": 40829000.0,
        "Total Operating Income As Reported": -3287000.0,
        "Diluted Average Shares": NaN,
        "Basic Average Shares": NaN,
        "Diluted EPS": NaN,
        "Basic EPS": NaN,
        "Diluted NI Availto Com Stockholders": -1444000.0,
        "Net Income Common Stockholders": -1444000.0,
        "Net Income": -1444000.0,
        "Net Income Including Noncontrolling Interests": -1444000.0,
        "Net Income Continuous Operations": -1444000.0,
        "Tax Provision": -2123000.0,
        "Pretax Income": -3567000.0,
        "Other Income Expense": 2007000.0,
        "Other Non Operating Income Expenses": 2121000.0,
        "Special Income Charges": -114000.0,
        "Restructuring And Mergern Acquisition": 114000.0,
        "Net Non Operating Interest Income Expense": -2401000.0,
        "Interest Expense Non Operating": 2401000.0,
        "Operating Income": -3173000.0,
        "Operating Expense": 34557000.0,
        "Depreciation Amortization Depletion Income Statement": 3744000.0,
        "Depreciation And Amortization In Income Statement": 3744000.0,
        "Amortization": 3744000.0,
        "Amortization Of Intangibles Income Statement": 3744000.0,
        "Research And Development": 6484000.0,
        "Selling General And Administration": 24329000.0,
        "Selling And Marketing Expense": 11117000.0,
        "General And Administrative Expense": 13212000.0,
        "Other Gand A": 13212000.0,
        "Gross Profit": 31384000.0,
        "Cost Of Revenue": 6272000.0,
        "Total Revenue": 37656000.0,
        "Operating Revenue": 37656000.0
    },
    "2023-12-31": {
        "Tax Effect Of Unusual Items": -11040.0,
        "Tax Rate For Calcs": 0.23,
        "Normalized EBITDA": -988000.0,
        "Total Unusual Items": -48000.0,
        "Total Unusual Items Excluding Goodwill": -48000.0,
        "Net Income From Continuing Operation Net Minority Interest": -5793000.0,
        "Reconciled Depreciation": 4238000.0,
        "Reconciled Cost Of Revenue": 5279000.0,
        "EBITDA": -1036000.0,
        "EBIT": -5274000.0,
        "Net Interest Income": -2263000.0,
        "Interest Expense": 2263000.0,
        "Normalized Income": -5756040.0,
        "Net Income From Continuing And Discontinued Operation": -5793000.0,
        "Total Expenses": 43785000.0,
        "Total Operating Income As Reported": -6916000.0,
        "Diluted Average Shares": 46294000.0,
        "Basic Average Shares": 46294000.0,
        "Diluted EPS": -0.13,
        "Basic EPS": -0.13,
        "Diluted NI Availto Com Stockholders": -5793000.0,
        "Net Income Common Stockholders": -5793000.0,
        "Net Income": -5793000.0,
        "Net Income Including Noncontrolling Interests": -5793000.0,
        "Net Income Continuous Operations": -5793000.0,
        "Tax Provision": -1744000.0,
        "Pretax Income": -7537000.0,
        "Other Income Expense": 1594000.0,
        "Other Non Operating Income Expenses": 1642000.0,
        "Special Income Charges": -48000.0,
        "Restructuring And Mergern Acquisition": 48000.0,
        "Net Non Operating Interest Income Expense": -2263000.0,
        "Interest Expense Non Operating": 2263000.0,
        "Operating Income": -6868000.0,
        "Operating Expense": 38251000.0,
        "Depreciation Amortization Depletion Income Statement": 3983000.0,
        "Depreciation And Amortization In Income Statement": 3983000.0,
        "Amortization": 3983000.0,
        "Amortization Of Intangibles Income Statement": 3983000.0,
        "Research And Development": 8874000.0,
        "Selling General And Administration": 25394000.0,
        "Selling And Marketing Expense": 9856000.0,
        "General And Administrative Expense": 15538000.0,
        "Other Gand A": 15538000.0,
        "Gross Profit": 31383000.0,
        "Cost Of Revenue": 5534000.0,
        "Total Revenue": 36917000.0,
        "Operating Revenue": 36917000.0
    },
    "2024-03-31": {
        "Tax Effect Of Unusual Items": -111300.0,
        "Tax Rate For Calcs": 0.21,
        "Normalized EBITDA": 6716000.0,
        "Total Unusual Items": -530000.0,
        "Total Unusual Items Excluding Goodwill": -530000.0,
        "Net Income From Continuing Operation Net Minority Interest": 282000.0,
        "Reconciled Depreciation": 4298000.0,
        "Reconciled Cost Of Revenue": 5765000.0,
        "EBITDA": 6186000.0,
        "EBIT": 1888000.0,
        "Net Interest Income": -2303000.0,
        "Interest Expense": 2303000.0,
        "Normalized Income": 700700.0,
        "Net Income From Continuing And Discontinued Operation": 282000.0,
        "Total Expenses": 45740000.0,
        "Total Operating Income As Reported": 698000.0,
        "Diluted Average Shares": 48041000.0,
        "Basic Average Shares": 46896000.0,
        "Diluted EPS": 0.01,
        "Basic EPS": 0.01,
        "Diluted NI Availto Com Stockholders": 282000.0,
        "Net Income Common Stockholders": 282000.0,
        "Net Income": 282000.0,
        "Net Income Including Noncontrolling Interests": 282000.0,
        "Net Income Continuous Operations": 282000.0,
        "Tax Provision": -697000.0,
        "Pretax Income": -415000.0,
        "Other Income Expense": 660000.0,
        "Other Non Operating Income Expenses": 1190000.0,
        "Special Income Charges": -530000.0,
        "Restructuring And Mergern Acquisition": 530000.0,
        "Net Non Operating Interest Income Expense": -2303000.0,
        "Interest Expense Non Operating": 2303000.0,
        "Operating Income": 1228000.0,
        "Operating Expense": 39525000.0,
        "Depreciation Amortization Depletion Income Statement": 3848000.0,
        "Depreciation And Amortization In Income Statement": 3848000.0,
        "Amortization": 3848000.0,
        "Amortization Of Intangibles Income Statement": 3848000.0,
        "Research And Development": 9713000.0,
        "Selling General And Administration": 25964000.0,
        "Selling And Marketing Expense": 11021000.0,
        "General And Administrative Expense": 14943000.0,
        "Other Gand A": 14943000.0,
        "Gross Profit": 40753000.0,
        "Cost Of Revenue": 6215000.0,
        "Total Revenue": 46968000.0,
        "Operating Revenue": 46968000.0
    },
    "2024-06-30": {
        "Tax Effect Of Unusual Items": -224700.0,
        "Tax Rate For Calcs": 0.21,
        "Normalized EBITDA": 7529000.0,
        "Total Unusual Items": -1070000.0,
        "Total Unusual Items Excluding Goodwill": -1070000.0,
        "Net Income From Continuing Operation Net Minority Interest": 216000.0,
        "Reconciled Depreciation": 4289000.0,
        "Reconciled Cost Of Revenue": 5943000.0,
        "EBITDA": 6459000.0,
        "EBIT": 2170000.0,
        "Net Interest Income": -2329000.0,
        "Interest Expense": 2329000.0,
        "Normalized Income": 1061300.0,
        "Net Income From Continuing And Discontinued Operation": 216000.0,
        "Total Expenses": 43172000.0,
        "Total Operating Income As Reported": 734000.0,
        "Diluted Average Shares": 48307000.0,
        "Basic Average Shares": 47017000.0,
        "Diluted EPS": 0.0,
        "Basic EPS": 0.0,
        "Diluted NI Availto Com Stockholders": 216000.0,
        "Net Income Common Stockholders": 216000.0,
        "Net Income": 216000.0,
        "Net Income Including Noncontrolling Interests": 216000.0,
        "Net Income Continuous Operations": 216000.0,
        "Tax Provision": -375000.0,
        "Pretax Income": -159000.0,
        "Other Income Expense": 366000.0,
        "Other Non Operating Income Expenses": 1436000.0,
        "Special Income Charges": -1070000.0,
        "Restructuring And Mergern Acquisition": 1070000.0,
        "Net Non Operating Interest Income Expense": -2329000.0,
        "Interest Expense Non Operating": 2329000.0,
        "Operating Income": 1804000.0,
        "Operating Expense": 36690000.0,
        "Depreciation Amortization Depletion Income Statement": 3750000.0,
        "Depreciation And Amortization In Income Statement": 3750000.0,
        "Amortization": 3750000.0,
        "Amortization Of Intangibles Income Statement": 3750000.0,
        "Research And Development": 9982000.0,
        "Selling General And Administration": 22958000.0,
        "Selling And Marketing Expense": 10354000.0,
        "General And Administrative Expense": 12604000.0,
        "Other Gand A": 12604000.0,
        "Gross Profit": 38494000.0,
        "Cost Of Revenue": 6482000.0,
        "Total Revenue": 44976000.0,
        "Operating Revenue": 44976000.0
    },
    "2024-09-30": {
        "Tax Effect Of Unusual Items": -23940.0,
        "Tax Rate For Calcs": 0.21,
        "Normalized EBITDA": 13766000.0,
        "Total Unusual Items": -114000.0,
        "Total Unusual Items Excluding Goodwill": -114000.0,
        "Net Income From Continuing Operation Net Minority Interest": 8573000.0,
        "Reconciled Depreciation": 4086000.0,
        "Reconciled Cost Of Revenue": 5788000.0,
        "EBITDA": 13652000.0,
        "EBIT": 9566000.0,
        "Net Interest Income": -2364000.0,
        "Interest Expense": 2364000.0,
        "Normalized Income": 8663060.0,
        "Net Income From Continuing And Discontinued Operation": 8573000.0,
        "Total Expenses": 35393000.0,
        "Total Operating Income As Reported": 7715000.0,
        "Diluted Average Shares": 46573000.0,
        "Basic Average Shares": 45952000.0,
        "Diluted EPS": 0.18,
        "Basic EPS": 0.19,
        "Diluted NI Availto Com Stockholders": 8573000.0,
        "Net Income Common Stockholders": 8573000.0,
        "Net Income": 8573000.0,
        "Net Income Including Noncontrolling Interests": 8573000.0,
        "Net Income Continuous Operations": 8573000.0,
        "Tax Provision": -1371000.0,
        "Pretax Income": 7202000.0,
        "Other Income Expense": 1737000.0,
        "Other Non Operating Income Expenses": 1851000.0,
        "Special Income Charges": -114000.0,
        "Restructuring And Mergern Acquisition": 114000.0,
        "Net Non Operating Interest Income Expense": -2364000.0,
        "Interest Expense Non Operating": 2364000.0,
        "Operating Income": 7829000.0,
        "Operating Expense": 29229000.0,
        "Depreciation Amortization Depletion Income Statement": 3710000.0,
        "Depreciation And Amortization In Income Statement": 3710000.0,
        "Amortization": 3710000.0,
        "Amortization Of Intangibles Income Statement": 3710000.0,
        "Research And Development": 6073000.0,
        "Selling General And Administration": 19446000.0,
        "Selling And Marketing Expense": 9538000.0,
        "General And Administrative Expense": 9908000.0,
        "Other Gand A": 9908000.0,
        "Gross Profit": 37058000.0,
        "Cost Of Revenue": 6164000.0,
        "Total Revenue": 43222000.0,
        "Operating Revenue": 43222000.0
    },
    "2024-12-31": {
        "Tax Effect Of Unusual Items": -48480.0,
        "Tax Rate For Calcs": 0.06,
        "Normalized EBITDA": 2349000.0,
        "Total Unusual Items": -808000.0,
        "Total Unusual Items Excluding Goodwill": -808000.0,
        "Net Income From Continuing Operation Net Minority Interest": -4612000.0,
        "Reconciled Depreciation": 4052000.0,
        "Reconciled Cost Of Revenue": 5549000.0,
        "EBITDA": 1541000.0,
        "EBIT": -2511000.0,
        "Net Interest Income": -2398000.0,
        "Interest Expense": 2398000.0,
        "Normalized Income": -3852480.0,
        "Net Income From Continuing And Discontinued Operation": -4612000.0,
        "Total Expenses": 39520000.0,
        "Total Operating Income As Reported": -3074000.0,
        "Diluted Average Shares": 45195000.0,
        "Basic Average Shares": 45195000.0,
        "Diluted EPS": -0.1,
        "Basic EPS": -0.1,
        "Diluted NI Availto Com Stockholders": -4612000.0,
        "Net Income Common Stockholders": -4612000.0,
        "Net Income": -4612000.0,
        "Net Income Including Noncontrolling Interests": -4612000.0,
        "Net Income Continuous Operations": -4612000.0,
        "Tax Provision": -297000.0,
        "Pretax Income": -4909000.0,
        "Other Income Expense": -245000.0,
        "Other Non Operating Income Expenses": 563000.0,
        "Special Income Charges": -808000.0,
        "Restructuring And Mergern Acquisition": 808000.0,
        "Net Non Operating Interest Income Expense": -2398000.0,
        "Interest Expense Non Operating": 2398000.0,
        "Operating Income": -2266000.0,
        "Operating Expense": 33576000.0,
        "Depreciation Amortization Depletion Income Statement": 3657000.0,
        "Depreciation And Amortization In Income Statement": 3657000.0,
        "Amortization": 3657000.0,
        "Amortization Of Intangibles Income Statement": 3657000.0,
        "Research And Development": 8323000.0,
        "Selling General And Administration": 21596000.0,
        "Selling And Marketing Expense": 9695000.0,
        "General And Administrative Expense": 11901000.0,
        "Other Gand A": 11901000.0,
        "Gross Profit": 31310000.0,
        "Cost Of Revenue": 5944000.0,
        "Total Revenue": 37254000.0,
        "Operating Revenue": 37254000.0
    },
    "2025-03-31": {
        "Tax Effect Of Unusual Items": -2610.0,
        "Tax Rate For Calcs": 0.09,
        "Normalized EBITDA": 16448000.0,
        "Total Unusual Items": -29000.0,
        "Total Unusual Items Excluding Goodwill": -29000.0,
        "Net Income From Continuing Operation Net Minority Interest": 9152000.0,
        "Reconciled Depreciation": 3944000.0,
        "Reconciled Cost Of Revenue": 6187000.0,
        "EBITDA": 16419000.0,
        "EBIT": 12475000.0,
        "Net Interest Income": -2407000.0,
        "Interest Expense": 2407000.0,
        "Normalized Income": 9178390.0,
        "Net Income From Continuing And Discontinued Operation": 9152000.0,
        "Total Expenses": 40535000.0,
        "Total Operating Income As Reported": 11365000.0,
        "Diluted Average Shares": 46610000.0,
        "Basic Average Shares": 45651000.0,
        "Diluted EPS": 0.2,
        "Basic EPS": 0.2,
        "Diluted NI Availto Com Stockholders": 9152000.0,
        "Net Income Common Stockholders": 9152000.0,
        "Net Income": 9152000.0,
        "Net Income Including Noncontrolling Interests": 9152000.0,
        "Net Income Continuous Operations": 9152000.0,
        "Tax Provision": 916000.0,
        "Pretax Income": 10068000.0,
        "Other Income Expense": 1081000.0,
        "Other Non Operating Income Expenses": 1110000.0,
        "Special Income Charges": -29000.0,
        "Restructuring And Mergern Acquisition": 29000.0,
        "Net Non Operating Interest Income Expense": -2407000.0,
        "Interest Expense Non Operating": 2407000.0,
        "Operating Income": 11394000.0,
        "Operating Expense": 34004000.0,
        "Depreciation Amortization Depletion Income Statement": 3600000.0,
        "Depreciation And Amortization In Income Statement": 3600000.0,
        "Amortization": 3600000.0,
        "Amortization Of Intangibles Income Statement": 3600000.0,
        "Research And Development": 9766000.0,
        "Selling General And Administration": 20638000.0,
        "Selling And Marketing Expense": 10540000.0,
        "General And Administrative Expense": 10098000.0,
        "Other Gand A": 10098000.0,
        "Gross Profit": 45398000.0,
        "Cost Of Revenue": 6531000.0,
        "Total Revenue": 51929000.0,
        "Operating Revenue": 51929000.0
    },
    "2025-06-30": {
        "Tax Effect Of Unusual Items": 0.0,
        "Tax Rate For Calcs": 0.238156,
        "Normalized EBITDA": 9606000.0,
        "Total Unusual Items": 0.0,
        "Total Unusual Items Excluding Goodwill": 0.0,
        "Net Income From Continuing Operation Net Minority Interest": 2396000.0,
        "Reconciled Depreciation": 3992000.0,
        "Reconciled Cost Of Revenue": 6590000.0,
        "EBITDA": 9606000.0,
        "EBIT": 5614000.0,
        "Net Interest Income": -2469000.0,
        "Interest Expense": 2469000.0,
        "Normalized Income": 2396000.0,
        "Net Income From Continuing And Discontinued Operation": 2396000.0,
        "Total Expenses": 41920000.0,
        "Total Operating Income As Reported": 3809000.0,
        "Diluted Average Shares": 46848000.0,
        "Basic Average Shares": 45894000.0,
        "Diluted EPS": 0.05,
        "Basic EPS": 0.05,
        "Diluted NI Availto Com Stockholders": 2396000.0,
        "Net Income Common Stockholders": 2396000.0,
        "Net Income": 2396000.0,
        "Net Income Including Noncontrolling Interests": 2396000.0,
        "Net Income Continuous Operations": 2396000.0,
        "Tax Provision": 749000.0,
        "Pretax Income": 3145000.0,
        "Other Income Expense": 1805000.0,
        "Other Non Operating Income Expenses": 1805000.0,
        "Special Income Charges": 0.0,
        "Restructuring And Mergern Acquisition": 0.0,
        "Net Non Operating Interest Income Expense": -2469000.0,
        "Interest Expense Non Operating": 2469000.0,
        "Operating Income": 3809000.0,
        "Operating Expense": 34898000.0,
        "Depreciation Amortization Depletion Income Statement": 3560000.0,
        "Depreciation And Amortization In Income Statement": 3560000.0,
        "Amortization": 3560000.0,
        "Amortization Of Intangibles Income Statement": 3560000.0,
        "Research And Development": 8960000.0,
        "Selling General And Administration": 22378000.0,
        "Selling And Marketing Expense": 11127000.0,
        "General And Administrative Expense": 11251000.0,
        "Other Gand A": 11251000.0,
        "Gross Profit": 38707000.0,
        "Cost Of Revenue": 7022000.0,
        "Total Revenue": 45729000.0,
        "Operating Revenue": 45729000.0
    }
}