{
    "2023-03-31": {
        "Tax Effect Of Unusual Items": 0.0,
        "Tax Rate For Calcs": 0.27,
        "Normalized EBITDA": 5620000.0,
        "Net Income From Continuing Operation Net Minority Interest": 2262000.0,
        "Reconciled Depreciation": NaN,
        "Reconciled Cost Of Revenue": 14182000.0,
        "EBITDA": 5620000.0,
        "EBIT": 5620000.0,
        "Net Interest Income": -279000.0,
        "Interest Expense": 1438000.0,
        "Interest Income": NaN,
        "Normalized Income": 2262000.0,
        "Net Income From Continuing And Discontinued Operation": 2262000.0,
        "Total Expenses": 33234000.0,
        "Total Operating Income As Reported": 3631000.0,
        "Diluted Average Shares": 22245040.0,
        "Basic Average Shares": 22160000.0,
        "Diluted EPS": 0.1,
        "Basic EPS": 0.1,
        "Diluted NI Availto Com Stockholders": 2262000.0,
        "Net Income Common Stockholders": 2262000.0,
        "Net Income": 2262000.0,
        "Minority Interests": 0.0,
        "Net Income Including Noncontrolling Interests": 2262000.0,
        "Net Income Continuous Operations": 2262000.0,
        "Tax Provision": 1920000.0,
        "Pretax Income": 4182000.0,
        "Other Income Expense": 830000.0,
        "Other Non Operating Income Expenses": 830000.0,
        "Net Non Operating Interest Income Expense": -279000.0,
        "Interest Expense Non Operating": 1438000.0,
        "Interest Income Non Operating": NaN,
        "Operating Income": 3631000.0,
        "Operating Expense": 19052000.0,
        "Selling General And Administration": 19052000.0,
        "Selling And Marketing Expense": 4220000.0,
        "General And Administrative Expense": 14832000.0,
        "Other Gand A": 14832000.0,
        "Gross Profit": 22683000.0,
        "Cost Of Revenue": 14182000.0,
        "Total Revenue": 36865000.0,
        "Operating Revenue": 36865000.0
    },
    "2022-12-31": {
        "Tax Effect Of Unusual Items": 0.0,
        "Tax Rate For Calcs": 0.074,
        "Normalized EBITDA": 7401000.0,
        "Net Income From Continuing Operation Net Minority Interest": 2788000.0,
        "Reconciled Depreciation": 4012000.0,
        "Reconciled Cost Of Revenue": 13459000.0,
        "EBITDA": 7401000.0,
        "EBIT": 3389000.0,
        "Net Interest Income": -272000.0,
        "Interest Expense": 378000.0,
        "Interest Income": 106000.0,
        "Normalized Income": 2788000.0,
        "Net Income From Continuing And Discontinued Operation": 2788000.0,
        "Total Expenses": 33776000.0,
        "Total Operating Income As Reported": 4031000.0,
        "Diluted Average Shares": 22232440.0,
        "Basic Average Shares": 22114600.0,
        "Diluted EPS": 0.125,
        "Basic EPS": 0.125,
        "Diluted NI Availto Com Stockholders": 2788000.0,
        "Net Income Common Stockholders": 2788000.0,
        "Net Income": 2788000.0,
        "Minority Interests": 0.0,
        "Net Income Including Noncontrolling Interests": 2788000.0,
        "Net Income Continuous Operations": 2788000.0,
        "Tax Provision": 223000.0,
        "Pretax Income": 3011000.0,
        "Other Income Expense": -748000.0,
        "Other Non Operating Income Expenses": -748000.0,
        "Net Non Operating Interest Income Expense": -272000.0,
        "Interest Expense Non Operating": 378000.0,
        "Interest Income Non Operating": 106000.0,
        "Operating Income": 4031000.0,
        "Operating Expense": 20317000.0,
        "Selling General And Administration": 20317000.0,
        "Selling And Marketing Expense": 4589000.0,
        "General And Administrative Expense": 15728000.0,
        "Other Gand A": 15728000.0,
        "Gross Profit": 24348000.0,
        "Cost Of Revenue": 13459000.0,
        "Total Revenue": 37807000.0,
        "Operating Revenue": 37807000.0
    },
    "2022-09-30": {
        "Tax Effect Of Unusual Items": 0.0,
        "Tax Rate For Calcs": 0.28,
        "Normalized EBITDA": 1477000.0,
        "Net Income From Continuing Operation Net Minority Interest": -1206000.0,
        "Reconciled Depreciation": NaN,
        "Reconciled Cost Of Revenue": 13160000.0,
        "EBITDA": 1477000.0,
        "EBIT": 1477000.0,
        "Net Interest Income": -223000.0,
        "Interest Expense": NaN,
        "Interest Income": NaN,
        "Normalized Income": -1206000.0,
        "Net Income From Continuing And Discontinued Operation": -1206000.0,
        "Total Expenses": 33785000.0,
        "Total Operating Income As Reported": 1477000.0,
        "Diluted Average Shares": 22088400.0,
        "Basic Average Shares": 22088400.0,
        "Diluted EPS": -0.05,
        "Basic EPS": -0.05,
        "Diluted NI Availto Com Stockholders": -1206000.0,
        "Net Income Common Stockholders": -1206000.0,
        "Net Income": -1206000.0,
        "Minority Interests": 0.0,
        "Net Income Including Noncontrolling Interests": -1206000.0,
        "Net Income Continuous Operations": -1206000.0,
        "Tax Provision": 3168000.0,
        "Pretax Income": 1962000.0,
        "Other Income Expense": 708000.0,
        "Other Non Operating Income Expenses": 708000.0,
        "Net Non Operating Interest Income Expense": -223000.0,
        "Total Other Finance Cost": 223000.0,
        "Interest Expense Non Operating": NaN,
        "Interest Income Non Operating": NaN,
        "Operating Income": 1477000.0,
        "Operating Expense": 20625000.0,
        "Selling General And Administration": 20625000.0,
        "Selling And Marketing Expense": 4053000.0,
        "General And Administrative Expense": 16572000.0,
        "Other Gand A": 16572000.0,
        "Gross Profit": 22102000.0,
        "Cost Of Revenue": 13160000.0,
        "Total Revenue": 35262000.0,
        "Operating Revenue": 35262000.0
    },
    "2022-06-30": {
        "Tax Effect Of Unusual Items": 0.0,
        "Tax Rate For Calcs": 0.4,
        "Normalized EBITDA": 2426000.0,
        "Net Income From Continuing Operation Net Minority Interest": 678000.0,
        "Reconciled Depreciation": NaN,
        "Reconciled Cost Of Revenue": 13326000.0,
        "EBITDA": 2426000.0,
        "EBIT": 2426000.0,
        "Net Interest Income": 487000.0,
        "Interest Expense": NaN,
        "Interest Income": 487000.0,
        "Normalized Income": 678000.0,
        "Net Income From Continuing And Discontinued Operation": 678000.0,
        "Total Expenses": 32633000.0,
        "Total Operating Income As Reported": 2426000.0,
        "Diluted Average Shares": 22266600.0,
        "Basic Average Shares": 22054680.0,
        "Diluted EPS": 0.025,
        "Basic EPS": 0.025,
        "Diluted NI Availto Com Stockholders": 678000.0,
        "Net Income Common Stockholders": 678000.0,
        "Net Income": 678000.0,
        "Minority Interests": 0.0,
        "Net Income Including Noncontrolling Interests": 678000.0,
        "Net Income Continuous Operations": 678000.0,
        "Tax Provision": 3134000.0,
        "Pretax Income": 3812000.0,
        "Other Income Expense": 899000.0,
        "Other Non Operating Income Expenses": 899000.0,
        "Net Non Operating Interest Income Expense": 487000.0,
        "Total Other Finance Cost": -487000.0,
        "Interest Expense Non Operating": NaN,
        "Interest Income Non Operating": 487000.0,
        "Operating Income": 2426000.0,
        "Operating Expense": 19307000.0,
        "Selling General And Administration": 19307000.0,
        "Selling And Marketing Expense": 4332000.0,
        "General And Administrative Expense": 14975000.0,
        "Other Gand A": 14975000.0,
        "Gross Profit": 21733000.0,
        "Cost Of Revenue": 13326000.0,
        "Total Revenue": 35059000.0,
        "Operating Revenue": 35059000.0
    },
    "2023-06-30": {
        "Tax Effect Of Unusual Items": 0.0,
        "Tax Rate For Calcs": 0.27,
        "Normalized EBITDA": 7964000.0,
        "Net Income From Continuing Operation Net Minority Interest": 1608000.0,
        "Reconciled Depreciation": 4012000.0,
        "Reconciled Cost Of Revenue": 13238000.0,
        "EBITDA": 7964000.0,
        "EBIT": 3952000.0,
        "Net Interest Income": -233000.0,
        "Interest Expense": 502000.0,
        "Interest Income": 269000.0,
        "Normalized Income": 1608000.0,
        "Net Income From Continuing And Discontinued Operation": 1608000.0,
        "Total Expenses": 31959000.0,
        "Total Operating Income As Reported": 4392000.0,
        "Diluted Average Shares": 22218560.0,
        "Basic Average Shares": 22193640.0,
        "Diluted EPS": 0.075,
        "Basic EPS": 0.075,
        "Diluted NI Availto Com Stockholders": 1608000.0,
        "Net Income Common Stockholders": 1608000.0,
        "Net Income": 1608000.0,
        "Minority Interests": 0.0,
        "Net Income Including Noncontrolling Interests": 1608000.0,
        "Net Income Continuous Operations": 1608000.0,
        "Tax Provision": 1842000.0,
        "Pretax Income": 3450000.0,
        "Other Income Expense": -709000.0,
        "Other Non Operating Income Expenses": -709000.0,
        "Net Non Operating Interest Income Expense": -233000.0,
        "Interest Expense Non Operating": 502000.0,
        "Interest Income Non Operating": 269000.0,
        "Operating Income": 4392000.0,
        "Operating Expense": 18721000.0,
        "Selling General And Administration": 18721000.0,
        "Selling And Marketing Expense": 3506000.0,
        "General And Administrative Expense": 15215000.0,
        "Other Gand A": 15215000.0,
        "Gross Profit": 23113000.0,
        "Cost Of Revenue": 13238000.0,
        "Total Revenue": 36351000.0,
        "Operating Revenue": 36351000.0
    },
    "2022-03-31": {
        "Diluted EPS": 0.15,
        "Total Revenue": 36,
        "Gross Profit": 23,
        "Operating Income": 4,
        "EBIT": 4,
        "Net Income": 3
    },
    "2021-12-31": {
        "Diluted EPS": 0.03,
        "Total Revenue": 36,
        "Gross Profit": 22,
        "Operating Income": 3,
        "EBIT": 3,
        "Net Income": 1
    },
    "2021-09-30": {
        "Diluted EPS": 0.06,
        "Total Revenue": 36,
        "Gross Profit": 23,
        "Operating Income": 4,
        "EBIT": 4,
        "Net Income": 1
    },
    "2021-06-30": {
        "Diluted EPS": 0.16,
        "Total Revenue": 35,
        "Gross Profit": 23,
        "Operating Income": 4,
        "EBIT": 4,
        "Net Income": 4
    },
    "2021-03-31": {
        "Diluted EPS": 0.13,
        "Total Revenue": 34,
        "Gross Profit": 22,
        "Operating Income": 6,
        "EBIT": 6,
        "Net Income": 3
    },
    "2020-12-31": {
        "Diluted EPS": 0.26,
        "Total Revenue": 34,
        "Gross Profit": 21,
        "Operating Income": 5,
        "EBIT": 5,
        "Net Income": 6
    },
    "2020-09-30": {
        "Diluted EPS": 0.15,
        "Total Revenue": 31,
        "Gross Profit": 21,
        "Operating Income": 5,
        "EBIT": 5,
        "Net Income": 3
    },
    "2020-06-30": {
        "Diluted EPS": 0.11,
        "Total Revenue": 27,
        "Gross Profit": 19,
        "Operating Income": 3,
        "EBIT": 3,
        "Net Income": 2
    },
    "2020-03-31": {
        "Diluted EPS": -0.11,
        "Total Revenue": 36,
        "Gross Profit": 21,
        "Operating Income": 4,
        "EBIT": 4,
        "Net Income": -2
    },
    "2019-12-31": {
        "Diluted EPS": 0.23,
        "Total Revenue": 36,
        "Gross Profit": 24,
        "Operating Income": 5,
        "EBIT": 5,
        "Net Income": 5
    },
    "2019-09-30": {
        "Diluted EPS": 0.15,
        "Total Revenue": 37,
        "Gross Profit": 24,
        "Operating Income": 6,
        "EBIT": 6,
        "Net Income": 3
    },
    "2019-06-30": {
        "Diluted EPS": 0.21,
        "Total Revenue": 36,
        "Gross Profit": 24,
        "Operating Income": 6,
        "EBIT": 6,
        "Net Income": 5
    },
    "2019-03-31": {
        "Diluted EPS": 0.16,
        "Total Revenue": 42,
        "Gross Profit": 29,
        "Operating Income": 8,
        "EBIT": 8,
        "Net Income": 6
    },
    "2018-12-31": {
        "Diluted EPS": 0.17,
        "Total Revenue": 37,
        "Gross Profit": 24,
        "Operating Income": 6,
        "EBIT": 6,
        "Net Income": 4
    },
    "2018-09-30": {
        "Diluted EPS": 0.15,
        "Total Revenue": 33,
        "Gross Profit": 22,
        "Operating Income": 6,
        "EBIT": 6,
        "Net Income": 4
    },
    "2018-06-30": {
        "Diluted EPS": 0.15,
        "Total Revenue": 32,
        "Gross Profit": 22,
        "Operating Income": 5,
        "EBIT": 5,
        "Net Income": 1
    },
    "2018-03-31": {
        "Diluted EPS": 0.25,
        "Total Revenue": 43,
        "Gross Profit": 28,
        "Operating Income": 7,
        "EBIT": 7,
        "Net Income": 6
    },
    "2017-12-31": {
        "Diluted EPS": 0.18,
        "Total Revenue": 31,
        "Gross Profit": 20,
        "Operating Income": 4,
        "EBIT": 4,
        "Net Income": 4
    },
    "2017-09-30": {
        "Diluted EPS": 0.08,
        "Total Revenue": 29,
        "Gross Profit": 19,
        "Operating Income": 3,
        "EBIT": 3,
        "Net Income": 2
    },
    "2017-06-30": {
        "Diluted EPS": 0.11,
        "Total Revenue": 30,
        "Gross Profit": 20,
        "Operating Income": 3,
        "EBIT": 3,
        "Net Income": 2
    },
    "2017-03-31": {
        "Diluted EPS": 0.06,
        "Total Revenue": 21,
        "Gross Profit": 14,
        "Operating Income": 2,
        "EBIT": 2,
        "Net Income": 2
    },
    "2016-12-31": {
        "Diluted EPS": 0.13,
        "Total Revenue": 32,
        "Gross Profit": 22,
        "Operating Income": 4,
        "EBIT": 4,
        "Net Income": 3
    },
    "2016-09-30": {
        "Diluted EPS": 0.07,
        "Total Revenue": 27,
        "Gross Profit": 19,
        "Operating Income": 2,
        "EBIT": 2,
        "Net Income": 2
    },
    "2016-06-30": {
        "Diluted EPS": 0.08,
        "Total Revenue": 29,
        "Gross Profit": 20,
        "Operating Income": 2,
        "EBIT": 2,
        "Net Income": 2
    },
    "2016-03-31": {
        "Diluted EPS": 0.03,
        "Total Revenue": 31,
        "Gross Profit": 23,
        "Operating Income": 4,
        "EBIT": 4,
        "Net Income": 1
    },
    "2015-12-31": {
        "Diluted EPS": 0.14,
        "Total Revenue": 28,
        "Gross Profit": 19,
        "Operating Income": 2,
        "EBIT": 2,
        "Net Income": 4
    },
    "2015-09-30": {
        "Diluted EPS": 0.18,
        "Total Revenue": 26,
        "Gross Profit": 17,
        "Operating Income": 2,
        "EBIT": 2,
        "Net Income": 6
    },
    "2015-06-30": {
        "Diluted EPS": 0.07,
        "Total Revenue": 23,
        "Gross Profit": 16,
        "Operating Income": 2,
        "EBIT": 2,
        "Net Income": 2
    },
    "2015-03-31": {
        "Diluted EPS": 0.13,
        "Total Revenue": 30,
        "Gross Profit": 14,
        "Operating Income": -15,
        "EBIT": -15,
        "Net Income": 4
    },
    "2014-12-31": {
        "Diluted EPS": 0.06,
        "Total Revenue": 23,
        "Gross Profit": 15,
        "Operating Income": 2,
        "EBIT": 2,
        "Net Income": 2
    },
    "2014-09-30": {
        "Diluted EPS": 0.11,
        "Total Revenue": 25,
        "Gross Profit": 17,
        "Operating Income": 3,
        "EBIT": 3,
        "Net Income": 4
    },
    "2014-06-30": {
        "Diluted EPS": 0.04,
        "Total Revenue": 26,
        "Gross Profit": 17,
        "Operating Income": 2,
        "EBIT": 2,
        "Net Income": 1
    },
    "2014-03-31": {
        "Diluted EPS": 0.15,
        "Total Revenue": 33,
        "Gross Profit": 24,
        "Operating Income": 9,
        "EBIT": 9,
        "Net Income": 5
    },
    "2013-12-31": {
        "Diluted EPS": 0.13,
        "Total Revenue": 30,
        "Gross Profit": 20,
        "Operating Income": 4,
        "EBIT": 4,
        "Net Income": 4
    },
    "2013-09-30": {
        "Diluted EPS": 0.1,
        "Total Revenue": 31,
        "Gross Profit": 20,
        "Operating Income": 3,
        "EBIT": 3,
        "Net Income": 3
    },
    "2013-06-30": {
        "Diluted EPS": 0.1,
        "Total Revenue": 30,
        "Gross Profit": 20,
        "Operating Income": 4,
        "EBIT": 4,
        "Net Income": 3
    },
    "2013-03-31": {
        "Diluted EPS": 0.16,
        "Total Revenue": 29,
        "Gross Profit": 29,
        "Operating Income": 29,
        "EBIT": 29,
        "Net Income": 4
    },
    "2012-12-31": {
        "Diluted EPS": 0.11,
        "Total Revenue": 29,
        "Gross Profit": 29,
        "Operating Income": 29,
        "EBIT": 29,
        "Net Income": 3
    },
    "2012-09-30": {
        "Diluted EPS": 0.11,
        "Total Revenue": 28,
        "Gross Profit": 28,
        "Operating Income": 28,
        "EBIT": 28,
        "Net Income": 3
    },
    "2012-06-30": {
        "Diluted EPS": 0.09,
        "Total Revenue": 28,
        "Gross Profit": 28,
        "Operating Income": 28,
        "EBIT": 28,
        "Net Income": 2
    },
    "2012-03-31": {
        "Diluted EPS": 0.0,
        "Total Revenue": NaN,
        "Gross Profit": NaN,
        "Operating Income": NaN,
        "EBIT": NaN,
        "Net Income": NaN
    },
    "2023-09-30": {
        "Tax Effect Of Unusual Items": 0.0,
        "Tax Rate For Calcs": 0.27,
        "Normalized EBITDA": 7842000.0,
        "Net Income From Continuing Operation Net Minority Interest": 249000.0,
        "Reconciled Depreciation": 4758000.0,
        "Reconciled Cost Of Revenue": 14486000.0,
        "EBITDA": 7842000.0,
        "EBIT": 3084000.0,
        "Net Interest Income": -341000.0,
        "Interest Expense": 539000.0,
        "Interest Income": 198000.0,
        "Normalized Income": 249000.0,
        "Net Income From Continuing And Discontinued Operation": 249000.0,
        "Total Expenses": 35285000.0,
        "Total Operating Income As Reported": 2477000.0,
        "Diluted Average Shares": 22160840.0,
        "Basic Average Shares": 22160840.0,
        "Diluted EPS": 0.01,
        "Basic EPS": 0.01,
        "Diluted NI Availto Com Stockholders": 249000.0,
        "Net Income Common Stockholders": 249000.0,
        "Net Income": 249000.0,
        "Minority Interests": 0.0,
        "Net Income Including Noncontrolling Interests": 249000.0,
        "Net Income Continuous Operations": 249000.0,
        "Tax Provision": 2296000.0,
        "Pretax Income": 2545000.0,
        "Other Income Expense": 409000.0,
        "Other Non Operating Income Expenses": 409000.0,
        "Net Non Operating Interest Income Expense": -341000.0,
        "Interest Expense Non Operating": 539000.0,
        "Interest Income Non Operating": 198000.0,
        "Operating Income": 2477000.0,
        "Operating Expense": 20799000.0,
        "Selling General And Administration": 20799000.0,
        "Selling And Marketing Expense": 3469000.0,
        "General And Administrative Expense": 17330000.0,
        "Other Gand A": 17330000.0,
        "Gross Profit": 23276000.0,
        "Cost Of Revenue": 14486000.0,
        "Total Revenue": 37762000.0,
        "Operating Revenue": 37762000.0
    },
    "2023-12-31": {
        "Tax Effect Of Unusual Items": 0.0,
        "Tax Rate For Calcs": 0.343,
        "Normalized EBITDA": 8081000.0,
        "Net Income From Continuing Operation Net Minority Interest": 1461000.0,
        "Reconciled Depreciation": 5254000.0,
        "Reconciled Cost Of Revenue": 15587000.0,
        "EBITDA": 8081000.0,
        "EBIT": 2827000.0,
        "Net Interest Income": -297000.0,
        "Interest Expense": 604000.0,
        "Interest Income": 307000.0,
        "Normalized Income": 1461000.0,
        "Net Income From Continuing And Discontinued Operation": 1461000.0,
        "Total Expenses": 36631000.0,
        "Total Operating Income As Reported": 2454000.0,
        "Diluted Average Shares": 22160840.0,
        "Basic Average Shares": 22160840.0,
        "Diluted EPS": 0.075,
        "Basic EPS": 0.075,
        "Diluted NI Availto Com Stockholders": 1461000.0,
        "Net Income Common Stockholders": 1461000.0,
        "Net Income": 1461000.0,
        "Minority Interests": 0.0,
        "Net Income Including Noncontrolling Interests": 1461000.0,
        "Net Income Continuous Operations": 1461000.0,
        "Tax Provision": 762000.0,
        "Pretax Income": 2223000.0,
        "Other Income Expense": 66000.0,
        "Other Non Operating Income Expenses": 66000.0,
        "Net Non Operating Interest Income Expense": -297000.0,
        "Interest Expense Non Operating": 604000.0,
        "Interest Income Non Operating": 307000.0,
        "Operating Income": 2454000.0,
        "Operating Expense": 21044000.0,
        "Selling General And Administration": 21044000.0,
        "Selling And Marketing Expense": 3537000.0,
        "General And Administrative Expense": 17507000.0,
        "Other Gand A": 17507000.0,
        "Gross Profit": 23498000.0,
        "Cost Of Revenue": 15587000.0,
        "Total Revenue": 39085000.0,
        "Operating Revenue": 39085000.0
    }
}