{
    "2023-03-31": {
        "Tax Effect Of Unusual Items": NaN,
        "Tax Rate For Calcs": NaN,
        "Net Income From Continuing Operation Net Minority Interest": NaN,
        "Reconciled Depreciation": NaN,
        "EBIT": NaN,
        "Net Interest Income": NaN,
        "Interest Expense": NaN,
        "Interest Income": NaN,
        "Normalized Income": NaN,
        "Net Income From Continuing And Discontinued Operation": NaN,
        "Total Expenses": NaN,
        "Diluted Average Shares": NaN,
        "Basic Average Shares": NaN,
        "Diluted EPS": NaN,
        "Basic EPS": NaN,
        "Diluted NI Availto Com Stockholders": NaN,
        "Net Income Common Stockholders": NaN,
        "Otherunder Preferred Stock Dividend": -13473000.0,
        "Preferred Stock Dividends": NaN,
        "Net Income": NaN,
        "Minority Interests": NaN,
        "Net Income Including Noncontrolling Interests": NaN,
        "Net Income Continuous Operations": NaN,
        "Tax Provision": NaN,
        "Pretax Income": NaN,
        "Other Income Expense": NaN,
        "Net Non Operating Interest Income Expense": NaN,
        "Interest Expense Non Operating": NaN,
        "Other Operating Expenses": NaN,
        "Depreciation And Amortization In Income Statement": NaN,
        "Amortization": NaN,
        "Total Revenue": NaN,
        "Operating Revenue": NaN,
        "Loss Adjustment Expense": NaN,
        "Net Policyholder Benefits And Claims": NaN
    },
    "2022-12-31": {
        "Tax Effect Of Unusual Items": NaN,
        "Tax Rate For Calcs": NaN,
        "Net Income From Continuing Operation Net Minority Interest": NaN,
        "Reconciled Depreciation": NaN,
        "EBIT": NaN,
        "Net Interest Income": NaN,
        "Interest Expense": NaN,
        "Interest Income": NaN,
        "Normalized Income": NaN,
        "Net Income From Continuing And Discontinued Operation": NaN,
        "Total Expenses": NaN,
        "Diluted Average Shares": NaN,
        "Basic Average Shares": NaN,
        "Diluted EPS": NaN,
        "Basic EPS": NaN,
        "Diluted NI Availto Com Stockholders": NaN,
        "Net Income Common Stockholders": NaN,
        "Otherunder Preferred Stock Dividend": NaN,
        "Preferred Stock Dividends": 18000000.0,
        "Net Income": NaN,
        "Minority Interests": NaN,
        "Net Income Including Noncontrolling Interests": NaN,
        "Net Income Continuous Operations": NaN,
        "Tax Provision": NaN,
        "Pretax Income": NaN,
        "Other Income Expense": NaN,
        "Net Non Operating Interest Income Expense": NaN,
        "Interest Expense Non Operating": NaN,
        "Other Operating Expenses": NaN,
        "Depreciation And Amortization In Income Statement": NaN,
        "Amortization": NaN,
        "Total Revenue": NaN,
        "Operating Revenue": NaN,
        "Loss Adjustment Expense": NaN,
        "Net Policyholder Benefits And Claims": NaN
    },
    "2022-09-30": {
        "Tax Effect Of Unusual Items": 0.0,
        "Tax Rate For Calcs": 0.128056,
        "Total Unusual Items": NaN,
        "Total Unusual Items Excluding Goodwill": NaN,
        "Net Income From Continuing Operation Net Minority Interest": 65369000.0,
        "Reconciled Depreciation": 43418000.0,
        "EBIT": 187873000.0,
        "Net Interest Income": -47348000.0,
        "Interest Expense": 47348000.0,
        "Interest Income": 116072000.0,
        "Normalized Income": 65369000.0,
        "Net Income From Continuing And Discontinued Operation": 65369000.0,
        "Total Expenses": 3046259000.0,
        "Diluted Average Shares": 13595000.0,
        "Basic Average Shares": 13564000.0,
        "Diluted EPS": 3.08,
        "Basic EPS": 3.09,
        "Diluted NI Availto Com Stockholders": 65369000.0,
        "Net Income Common Stockholders": 65369000.0,
        "Otherunder Preferred Stock Dividend": NaN,
        "Preferred Stock Dividends": NaN,
        "Net Income": 65369000.0,
        "Minority Interests": -57161000.0,
        "Net Income Including Noncontrolling Interests": 122530000.0,
        "Net Income Continuous Operations": 122530000.0,
        "Tax Provision": 17995000.0,
        "Pretax Income": 140525000.0,
        "Other Income Expense": 1283067000.0,
        "Special Income Charges": NaN,
        "Impairment Of Capital Assets": NaN,
        "Net Non Operating Interest Income Expense": -47348000.0,
        "Interest Expense Non Operating": 47348000.0,
        "Other Operating Expenses": 1121399000.0,
        "Depreciation And Amortization In Income Statement": 43418000.0,
        "Amortization": 43418000.0,
        "Total Revenue": 3186784000.0,
        "Operating Revenue": 3186784000.0
    },
    "2022-06-30": {
        "Tax Effect Of Unusual Items": 0.0,
        "Tax Rate For Calcs": 0.213011,
        "Total Unusual Items": NaN,
        "Total Unusual Items Excluding Goodwill": NaN,
        "Net Income From Continuing Operation Net Minority Interest": -916359000.0,
        "Reconciled Depreciation": 45523000.0,
        "EBIT": -1072439000.0,
        "Net Interest Income": -50050000.0,
        "Interest Expense": 50050000.0,
        "Interest Income": NaN,
        "Normalized Income": -916359000.0,
        "Net Income From Continuing And Discontinued Operation": -916359000.0,
        "Total Expenses": 3021428000.0,
        "Diluted Average Shares": 13612000.0,
        "Basic Average Shares": 13612000.0,
        "Diluted EPS": -69.15,
        "Basic EPS": -69.15,
        "Diluted NI Availto Com Stockholders": -941857000.0,
        "Net Income Common Stockholders": -941857000.0,
        "Otherunder Preferred Stock Dividend": 7498000.0,
        "Preferred Stock Dividends": 18000000.0,
        "Net Income": -916359000.0,
        "Minority Interests": -32972000.0,
        "Net Income Including Noncontrolling Interests": -883387000.0,
        "Net Income Continuous Operations": -883387000.0,
        "Tax Provision": -239102000.0,
        "Pretax Income": -1122489000.0,
        "Other Income Expense": 1420088000.0,
        "Special Income Charges": NaN,
        "Impairment Of Capital Assets": NaN,
        "Net Non Operating Interest Income Expense": -50050000.0,
        "Interest Expense Non Operating": 50050000.0,
        "Other Operating Expenses": 1257576000.0,
        "Depreciation And Amortization In Income Statement": 45523000.0,
        "Amortization": 45523000.0,
        "Total Revenue": 1898939000.0,
        "Operating Revenue": 1898939000.0
    },
    "2023-06-30": {
        "Tax Effect Of Unusual Items": NaN,
        "Tax Rate For Calcs": NaN,
        "Net Income From Continuing Operation Net Minority Interest": NaN,
        "Reconciled Depreciation": NaN,
        "EBIT": NaN,
        "Net Interest Income": NaN,
        "Interest Expense": NaN,
        "Interest Income": NaN,
        "Normalized Income": NaN,
        "Net Income From Continuing And Discontinued Operation": NaN,
        "Total Expenses": NaN,
        "Diluted Average Shares": NaN,
        "Basic Average Shares": NaN,
        "Diluted EPS": NaN,
        "Basic EPS": NaN,
        "Diluted NI Availto Com Stockholders": NaN,
        "Net Income Common Stockholders": NaN,
        "Otherunder Preferred Stock Dividend": 5758000.0,
        "Preferred Stock Dividends": 18000000.0,
        "Net Income": NaN,
        "Minority Interests": NaN,
        "Net Income Including Noncontrolling Interests": NaN,
        "Net Income Continuous Operations": NaN,
        "Tax Provision": NaN,
        "Pretax Income": NaN,
        "Other Income Expense": NaN,
        "Net Non Operating Interest Income Expense": NaN,
        "Interest Expense Non Operating": NaN,
        "Other Operating Expenses": NaN,
        "Depreciation And Amortization In Income Statement": NaN,
        "Amortization": NaN,
        "Total Revenue": NaN,
        "Operating Revenue": NaN,
        "Loss Adjustment Expense": NaN,
        "Net Policyholder Benefits And Claims": NaN
    },
    "2022-03-31": {
        "Diluted EPS": -6.5,
        "Total Revenue": NaN,
        "Gross Profit": NaN,
        "Operating Income": -40,
        "EBIT": -40,
        "Net Income": -52
    },
    "2021-12-31": {
        "Diluted EPS": 62.38,
        "Total Revenue": NaN,
        "Gross Profit": NaN,
        "Operating Income": NaN,
        "EBIT": NaN,
        "Net Income": 853
    },
    "2021-09-30": {
        "Diluted EPS": 15.09,
        "Total Revenue": NaN,
        "Gross Profit": NaN,
        "Operating Income": 242,
        "EBIT": 242,
        "Net Income": 188
    },
    "2021-06-30": {
        "Diluted EPS": 57.02,
        "Total Revenue": NaN,
        "Gross Profit": NaN,
        "Operating Income": NaN,
        "EBIT": NaN,
        "Net Income": 774
    },
    "2021-03-31": {
        "Diluted EPS": 42.02,
        "Total Revenue": NaN,
        "Gross Profit": NaN,
        "Operating Income": 745,
        "EBIT": 745,
        "Net Income": 574
    },
    "2020-12-31": {
        "Diluted EPS": 59.45,
        "Total Revenue": NaN,
        "Gross Profit": NaN,
        "Operating Income": NaN,
        "EBIT": NaN,
        "Net Income": 829
    },
    "2020-09-30": {
        "Diluted EPS": 31.03,
        "Total Revenue": NaN,
        "Gross Profit": NaN,
        "Operating Income": 692,
        "EBIT": 692,
        "Net Income": 453
    },
    "2020-06-30": {
        "Diluted EPS": 65.75,
        "Total Revenue": NaN,
        "Gross Profit": NaN,
        "Operating Income": NaN,
        "EBIT": NaN,
        "Net Income": 922
    },
    "2020-03-31": {
        "Diluted EPS": -100.6,
        "Total Revenue": 336,
        "Gross Profit": NaN,
        "Operating Income": NaN,
        "EBIT": NaN,
        "Net Income": NaN
    },
    "2019-12-31": {
        "Diluted EPS": 36.29,
        "Total Revenue": NaN,
        "Gross Profit": NaN,
        "Operating Income": 754,
        "EBIT": 754,
        "Net Income": 511
    },
    "2019-09-30": {
        "Diluted EPS": 13.95,
        "Total Revenue": NaN,
        "Gross Profit": 806,
        "Operating Income": 262,
        "EBIT": 262,
        "Net Income": 206
    },
    "2019-06-30": {
        "Diluted EPS": 36.07,
        "Total Revenue": NaN,
        "Gross Profit": NaN,
        "Operating Income": 666,
        "EBIT": 666,
        "Net Income": 497
    },
    "2019-03-31": {
        "Diluted EPS": 42.76,
        "Total Revenue": NaN,
        "Gross Profit": NaN,
        "Operating Income": 795,
        "EBIT": 795,
        "Net Income": 576
    },
    "2018-12-31": {
        "Diluted EPS": -53.77,
        "Total Revenue": NaN,
        "Gross Profit": -286,
        "Operating Income": -932,
        "EBIT": -932,
        "Net Income": -752
    },
    "2018-09-30": {
        "Diluted EPS": 28.5,
        "Total Revenue": NaN,
        "Gross Profit": NaN,
        "Operating Income": 556,
        "EBIT": 556,
        "Net Income": 409
    },
    "2018-06-30": {
        "Diluted EPS": 19.97,
        "Total Revenue": NaN,
        "Gross Profit": 936,
        "Operating Income": 311,
        "EBIT": 311,
        "Net Income": 278
    },
    "2018-03-31": {
        "Diluted EPS": -4.25,
        "Total Revenue": NaN,
        "Gross Profit": 536,
        "Operating Income": 105,
        "EBIT": 105,
        "Net Income": -64
    },
    "2017-12-31": {
        "Diluted EPS": 30.42,
        "Total Revenue": NaN,
        "Gross Profit": 589,
        "Operating Income": 179,
        "EBIT": 179,
        "Net Income": 435
    },
    "2017-09-30": {
        "Diluted EPS": -18.82,
        "Total Revenue": NaN,
        "Gross Profit": 34,
        "Operating Income": -330,
        "EBIT": -330,
        "Net Income": -259
    },
    "2017-06-30": {
        "Diluted EPS": 10.31,
        "Total Revenue": NaN,
        "Gross Profit": 557,
        "Operating Income": 240,
        "EBIT": 240,
        "Net Income": 150
    },
    "2017-03-31": {
        "Diluted EPS": 3.9,
        "Total Revenue": NaN,
        "Gross Profit": 427,
        "Operating Income": 127,
        "EBIT": 127,
        "Net Income": 70
    },
    "2016-12-31": {
        "Diluted EPS": 9.11,
        "Total Revenue": NaN,
        "Gross Profit": 558,
        "Operating Income": 214,
        "EBIT": 214,
        "Net Income": 133
    },
    "2016-09-30": {
        "Diluted EPS": 5.6,
        "Total Revenue": NaN,
        "Gross Profit": 479,
        "Operating Income": 153,
        "EBIT": 153,
        "Net Income": 84
    },
    "2016-06-30": {
        "Diluted EPS": 5.41,
        "Total Revenue": NaN,
        "Gross Profit": 489,
        "Operating Income": 194,
        "EBIT": 194,
        "Net Income": 79
    },
    "2016-03-31": {
        "Diluted EPS": 11.15,
        "Total Revenue": NaN,
        "Gross Profit": 538,
        "Operating Income": 245,
        "EBIT": 245,
        "Net Income": 160
    },
    "2015-12-31": {
        "Diluted EPS": 14.14,
        "Total Revenue": NaN,
        "Gross Profit": 581,
        "Operating Income": 279,
        "EBIT": 279,
        "Net Income": 198
    },
    "2015-09-30": {
        "Diluted EPS": 7.39,
        "Total Revenue": NaN,
        "Gross Profit": 492,
        "Operating Income": 183,
        "EBIT": 183,
        "Net Income": 103
    },
    "2015-06-30": {
        "Diluted EPS": 6.72,
        "Total Revenue": NaN,
        "Gross Profit": 389,
        "Operating Income": 130,
        "EBIT": 130,
        "Net Income": 91
    },
    "2015-03-31": {
        "Diluted EPS": 13.49,
        "Total Revenue": NaN,
        "Gross Profit": 514,
        "Operating Income": 269,
        "EBIT": 269,
        "Net Income": 191
    },
    "2014-12-31": {
        "Diluted EPS": 8.06,
        "Total Revenue": NaN,
        "Gross Profit": 468,
        "Operating Income": 195,
        "EBIT": 195,
        "Net Income": 118
    },
    "2014-09-30": {
        "Diluted EPS": 5.3,
        "Total Revenue": NaN,
        "Gross Profit": 378,
        "Operating Income": 133,
        "EBIT": 133,
        "Net Income": 76
    },
    "2014-06-30": {
        "Diluted EPS": 2.66,
        "Total Revenue": NaN,
        "Gross Profit": 283,
        "Operating Income": 84,
        "EBIT": 84,
        "Net Income": 40
    },
    "2014-03-31": {
        "Diluted EPS": 6.25,
        "Total Revenue": NaN,
        "Gross Profit": 342,
        "Operating Income": 146,
        "EBIT": 146,
        "Net Income": 88
    },
    "2013-12-31": {
        "Diluted EPS": 6.07,
        "Total Revenue": NaN,
        "Gross Profit": 359,
        "Operating Income": 137,
        "EBIT": 137,
        "Net Income": 99
    },
    "2013-09-30": {
        "Diluted EPS": 4.67,
        "Total Revenue": NaN,
        "Gross Profit": 306,
        "Operating Income": 123,
        "EBIT": 123,
        "Net Income": 66
    },
    "2013-06-30": {
        "Diluted EPS": 2.24,
        "Total Revenue": NaN,
        "Gross Profit": 226,
        "Operating Income": 74,
        "EBIT": 74,
        "Net Income": 28
    },
    "2013-03-31": {
        "Diluted EPS": 9.5,
        "Total Revenue": 820,
        "Gross Profit": 303,
        "Operating Income": 141,
        "EBIT": 141,
        "Net Income": 89
    },
    "2012-12-31": {
        "Diluted EPS": 6.23,
        "Total Revenue": 808,
        "Gross Profit": 233,
        "Operating Income": 90,
        "EBIT": 90,
        "Net Income": 57
    },
    "2012-09-30": {
        "Diluted EPS": 5.32,
        "Total Revenue": 766,
        "Gross Profit": 230,
        "Operating Income": 77,
        "EBIT": 77,
        "Net Income": 50
    },
    "2012-06-30": {
        "Diluted EPS": 8.42,
        "Total Revenue": 693,
        "Gross Profit": 247,
        "Operating Income": 141,
        "EBIT": 141,
        "Net Income": 90
    },
    "2012-03-31": {
        "Diluted EPS": 5.92,
        "Total Revenue": 733,
        "Gross Profit": 206,
        "Operating Income": 97,
        "EBIT": 97,
        "Net Income": 57
    },
    "2011-12-31": {
        "Diluted EPS": 5.16,
        "Total Revenue": 685,
        "Gross Profit": 194,
        "Operating Income": 97,
        "EBIT": 97,
        "Net Income": 50
    },
    "2011-09-30": {
        "Diluted EPS": 5.48,
        "Total Revenue": 676,
        "Gross Profit": 167,
        "Operating Income": 91,
        "EBIT": 91,
        "Net Income": 53
    },
    "2011-06-30": {
        "Diluted EPS": 3.11,
        "Total Revenue": 647,
        "Gross Profit": 144,
        "Operating Income": 59,
        "EBIT": 59,
        "Net Income": 30
    },
    "2011-03-31": {
        "Diluted EPS": 0.85,
        "Total Revenue": 622,
        "Gross Profit": 105,
        "Operating Income": 30,
        "EBIT": 30,
        "Net Income": 8
    },
    "2010-12-31": {
        "Diluted EPS": 14.34,
        "Total Revenue": 612,
        "Gross Profit": 194,
        "Operating Income": 131,
        "EBIT": 131,
        "Net Income": 140
    },
    "2010-09-30": {
        "Diluted EPS": 6.48,
        "Total Revenue": 561,
        "Gross Profit": 155,
        "Operating Income": 110,
        "EBIT": 110,
        "Net Income": 63
    },
    "2010-06-30": {
        "Diluted EPS": 2.12,
        "Total Revenue": 515,
        "Gross Profit": 85,
        "Operating Income": 48,
        "EBIT": 48,
        "Net Income": 21
    },
    "2010-03-31": {
        "Diluted EPS": 4.33,
        "Total Revenue": 537,
        "Gross Profit": 120,
        "Operating Income": 81,
        "EBIT": 81,
        "Net Income": 43
    },
    "2009-12-31": {
        "Diluted EPS": 9.49,
        "Total Revenue": 551,
        "Gross Profit": 140,
        "Operating Income": 110,
        "EBIT": 110,
        "Net Income": 93
    },
    "2009-09-30": {
        "Diluted EPS": 6.02,
        "Total Revenue": 500,
        "Gross Profit": 70,
        "Operating Income": 54,
        "EBIT": 54,
        "Net Income": 59
    },
    "2009-06-30": {
        "Diluted EPS": 3.34,
        "Total Revenue": 522,
        "Gross Profit": 70,
        "Operating Income": 52,
        "EBIT": 52,
        "Net Income": 33
    },
    "2009-03-31": {
        "Diluted EPS": 1.67,
        "Total Revenue": 495,
        "Gross Profit": 60,
        "Operating Income": 36,
        "EBIT": 36,
        "Net Income": 16
    },
    "2023-09-30": {
        "Tax Effect Of Unusual Items": 0.0,
        "Tax Rate For Calcs": 0.21088,
        "Net Income From Continuing Operation Net Minority Interest": 42591000.0,
        "Reconciled Depreciation": 47545000.0,
        "EBIT": 112056000.0,
        "Net Interest Income": -44553000.0,
        "Interest Expense": 44553000.0,
        "Interest Income": 196266000.0,
        "Normalized Income": 42591000.0,
        "Net Income From Continuing And Discontinued Operation": 42591000.0,
        "Total Expenses": 3346929000.0,
        "Diluted Average Shares": 13345000.0,
        "Basic Average Shares": 13315000.0,
        "Diluted EPS": 3.14,
        "Basic EPS": 3.15,
        "Diluted NI Availto Com Stockholders": 41963000.0,
        "Net Income Common Stockholders": 41963000.0,
        "Otherunder Preferred Stock Dividend": 628000.0,
        "Preferred Stock Dividends": NaN,
        "Net Income": 42591000.0,
        "Minority Interests": -10677000.0,
        "Net Income Including Noncontrolling Interests": 53268000.0,
        "Net Income Continuous Operations": 53268000.0,
        "Tax Provision": 14235000.0,
        "Pretax Income": 67503000.0,
        "Other Income Expense": 1327151000.0,
        "Net Non Operating Interest Income Expense": -44553000.0,
        "Interest Expense Non Operating": 44553000.0,
        "Other Operating Expenses": 545567000.0,
        "Depreciation And Amortization In Income Statement": 47545000.0,
        "Amortization": 47545000.0,
        "Total Revenue": 3414432000.0,
        "Operating Revenue": 3414432000.0,
        "Loss Adjustment Expense": 1404325000.0,
        "Net Policyholder Benefits And Claims": 1404325000.0
    },
    "2023-12-31": {
        "Tax Effect Of Unusual Items": 0.0,
        "Tax Rate For Calcs": 0.211275,
        "Net Income From Continuing Operation Net Minority Interest": 769306000.0,
        "Reconciled Depreciation": 44247000.0,
        "EBIT": 1050671000.0,
        "Net Interest Income": -43865000.0,
        "Interest Expense": 43865000.0,
        "Interest Income": 217684000.0,
        "Normalized Income": 769306000.0,
        "Net Income From Continuing And Discontinued Operation": 769306000.0,
        "Total Expenses": 3554326000.0,
        "Diluted Average Shares": 13286000.0,
        "Basic Average Shares": 13242000.0,
        "Diluted EPS": 56.48,
        "Basic EPS": 56.67,
        "Diluted NI Availto Com Stockholders": 757518000.0,
        "Net Income Common Stockholders": 757518000.0,
        "Otherunder Preferred Stock Dividend": NaN,
        "Preferred Stock Dividends": 18000000.0,
        "Net Income": 769306000.0,
        "Minority Interests": -24787000.0,
        "Net Income Including Noncontrolling Interests": 794093000.0,
        "Net Income Continuous Operations": 794093000.0,
        "Tax Provision": 212713000.0,
        "Pretax Income": 1006806000.0,
        "Other Income Expense": 1321454000.0,
        "Net Non Operating Interest Income Expense": -43865000.0,
        "Interest Expense Non Operating": 43865000.0,
        "Other Operating Expenses": 507884000.0,
        "Depreciation And Amortization In Income Statement": 44247000.0,
        "Amortization": 44247000.0,
        "Total Revenue": 4561132000.0,
        "Operating Revenue": 4561132000.0,
        "Loss Adjustment Expense": 1556794000.0,
        "Net Policyholder Benefits And Claims": 1556794000.0
    },
    "2024-03-31": {
        "Tax Effect Of Unusual Items": 0.0,
        "Tax Rate For Calcs": 0.22,
        "Net Income From Continuing Operation Net Minority Interest": 1025184000.0,
        "Reconciled Depreciation": 44285000.0,
        "EBIT": 1387286000.0,
        "Net Interest Income": -45548000.0,
        "Interest Expense": 45548000.0,
        "Interest Income": 223431000.0,
        "Normalized Income": 1025184000.0,
        "Net Income From Continuing And Discontinued Operation": 1025184000.0,
        "Total Expenses": 3176417000.0,
        "Diluted Average Shares": 13159000.0,
        "Basic Average Shares": 13137000.0,
        "Diluted EPS": 75.43,
        "Basic EPS": 75.56,
        "Diluted NI Availto Com Stockholders": 992582000.0,
        "Net Income Common Stockholders": 992582000.0,
        "Otherunder Preferred Stock Dividend": 32602000.0,
        "Preferred Stock Dividends": NaN,
        "Net Income": 1025184000.0,
        "Minority Interests": -23998000.0,
        "Net Income Including Noncontrolling Interests": 1049182000.0,
        "Net Income Continuous Operations": 1049182000.0,
        "Tax Provision": 292556000.0,
        "Pretax Income": 1341738000.0,
        "Other Income Expense": 1218478000.0,
        "Net Non Operating Interest Income Expense": -45548000.0,
        "Interest Expense Non Operating": 45548000.0,
        "Other Operating Expenses": 523247000.0,
        "Depreciation And Amortization In Income Statement": 44285000.0,
        "Amortization": 44285000.0,
        "Total Revenue": 4518155000.0,
        "Operating Revenue": 4518155000.0,
        "Loss Adjustment Expense": 1287747000.0,
        "Net Policyholder Benefits And Claims": 1287747000.0
    },
    "2024-06-30": {
        "Tax Effect Of Unusual Items": 0.0,
        "Tax Rate For Calcs": 0.208263,
        "Net Income From Continuing Operation Net Minority Interest": 267701000.0,
        "Reconciled Depreciation": 44237000.0,
        "EBIT": 418691000.0,
        "Net Interest Income": -52597000.0,
        "Interest Expense": 52597000.0,
        "Interest Income": 227216000.0,
        "Normalized Income": 267701000.0,
        "Net Income From Continuing And Discontinued Operation": 267701000.0,
        "Total Expenses": 3344460000.0,
        "Diluted Average Shares": 13081000.0,
        "Basic Average Shares": 13053000.0,
        "Diluted EPS": 18.62,
        "Basic EPS": 18.66,
        "Diluted NI Availto Com Stockholders": 243601000.0,
        "Net Income Common Stockholders": 243601000.0,
        "Otherunder Preferred Stock Dividend": 6100000.0,
        "Preferred Stock Dividends": 18000000.0,
        "Net Income": 267701000.0,
        "Minority Interests": -22149000.0,
        "Net Income Including Noncontrolling Interests": 289850000.0,
        "Net Income Continuous Operations": 289850000.0,
        "Tax Provision": 76244000.0,
        "Pretax Income": 366094000.0,
        "Other Income Expense": 1531700000.0,
        "Net Non Operating Interest Income Expense": -52597000.0,
        "Interest Expense Non Operating": 52597000.0,
        "Other Operating Expenses": 693693000.0,
        "Depreciation And Amortization In Income Statement": 44237000.0,
        "Amortization": 44237000.0,
        "Total Revenue": 3710554000.0,
        "Operating Revenue": 3710554000.0,
        "Loss Adjustment Expense": 1232575000.0,
        "Net Policyholder Benefits And Claims": 1232575000.0
    },
    "2024-09-30": {
        "Tax Effect Of Unusual Items": 0.0,
        "Tax Rate For Calcs": 0.215037,
        "Net Income From Continuing Operation Net Minority Interest": 904959000.0,
        "Reconciled Depreciation": 46459000.0,
        "EBIT": 1259714000.0,
        "Net Interest Income": -53361000.0,
        "Interest Expense": 53361000.0,
        "Interest Income": 240354000.0,
        "Normalized Income": 904959000.0,
        "Net Income From Continuing And Discontinued Operation": 904959000.0,
        "Total Expenses": 3293299000.0,
        "Diluted Average Shares": 13017000.0,
        "Basic Average Shares": 12987000.0,
        "Diluted EPS": 66.25,
        "Basic EPS": 66.4,
        "Diluted NI Availto Com Stockholders": 862394000.0,
        "Net Income Common Stockholders": 862394000.0,
        "Otherunder Preferred Stock Dividend": 42565000.0,
        "Preferred Stock Dividends": NaN,
        "Net Income": 904959000.0,
        "Minority Interests": -41983000.0,
        "Net Income Including Noncontrolling Interests": 946942000.0,
        "Net Income Continuous Operations": 946942000.0,
        "Tax Provision": 259411000.0,
        "Pretax Income": 1206353000.0,
        "Other Income Expense": 1348149000.0,
        "Net Non Operating Interest Income Expense": -53361000.0,
        "Interest Expense Non Operating": 53361000.0,
        "Other Operating Expenses": 549990000.0,
        "Depreciation And Amortization In Income Statement": 46459000.0,
        "Amortization": 46459000.0,
        "Total Revenue": 4499652000.0,
        "Operating Revenue": 4499652000.0,
        "Loss Adjustment Expense": 1290612000.0,
        "Net Policyholder Benefits And Claims": 1290612000.0
    }
}