{
    "2023-03-31": {
        "Tax Effect Of Unusual Items": NaN,
        "Tax Rate For Calcs": NaN,
        "Normalized EBITDA": NaN,
        "Total Unusual Items": NaN,
        "Total Unusual Items Excluding Goodwill": NaN,
        "Net Income From Continuing Operation Net Minority Interest": NaN,
        "Reconciled Depreciation": NaN,
        "Reconciled Cost Of Revenue": NaN,
        "EBITDA": NaN,
        "EBIT": NaN,
        "Net Interest Income": NaN,
        "Interest Expense": NaN,
        "Interest Income": NaN,
        "Normalized Income": NaN,
        "Net Income From Continuing And Discontinued Operation": NaN,
        "Total Expenses": NaN,
        "Total Operating Income As Reported": NaN,
        "Diluted Average Shares": NaN,
        "Basic Average Shares": NaN,
        "Diluted EPS": NaN,
        "Basic EPS": NaN,
        "Diluted NI Availto Com Stockholders": NaN,
        "Net Income Common Stockholders": NaN,
        "Net Income": NaN,
        "Net Income Including Noncontrolling Interests": NaN,
        "Net Income Continuous Operations": NaN,
        "Tax Provision": NaN,
        "Pretax Income": NaN,
        "Other Income Expense": NaN,
        "Other Non Operating Income Expenses": NaN,
        "Special Income Charges": NaN,
        "Gain On Sale Of Ppe": 0.0,
        "Other Special Charges": NaN,
        "Impairment Of Capital Assets": NaN,
        "Restructuring And Mergern Acquisition": NaN,
        "Net Non Operating Interest Income Expense": NaN,
        "Total Other Finance Cost": NaN,
        "Interest Expense Non Operating": NaN,
        "Interest Income Non Operating": NaN,
        "Operating Income": NaN,
        "Operating Expense": NaN,
        "Depreciation Amortization Depletion Income Statement": NaN,
        "Depreciation And Amortization In Income Statement": NaN,
        "Amortization": NaN,
        "Amortization Of Intangibles Income Statement": NaN,
        "Research And Development": NaN,
        "Selling General And Administration": NaN,
        "Gross Profit": NaN,
        "Cost Of Revenue": NaN,
        "Total Revenue": NaN,
        "Operating Revenue": NaN
    },
    "2022-12-31": {
        "Tax Effect Of Unusual Items": NaN,
        "Tax Rate For Calcs": NaN,
        "Normalized EBITDA": NaN,
        "Total Unusual Items": NaN,
        "Total Unusual Items Excluding Goodwill": NaN,
        "Net Income From Continuing Operation Net Minority Interest": NaN,
        "Reconciled Depreciation": NaN,
        "Reconciled Cost Of Revenue": NaN,
        "EBITDA": NaN,
        "EBIT": NaN,
        "Net Interest Income": NaN,
        "Interest Expense": NaN,
        "Interest Income": NaN,
        "Normalized Income": NaN,
        "Net Income From Continuing And Discontinued Operation": NaN,
        "Total Expenses": NaN,
        "Total Operating Income As Reported": NaN,
        "Diluted Average Shares": NaN,
        "Basic Average Shares": NaN,
        "Diluted EPS": NaN,
        "Basic EPS": NaN,
        "Diluted NI Availto Com Stockholders": NaN,
        "Net Income Common Stockholders": NaN,
        "Net Income": NaN,
        "Net Income Including Noncontrolling Interests": NaN,
        "Net Income Continuous Operations": NaN,
        "Tax Provision": NaN,
        "Pretax Income": NaN,
        "Other Income Expense": NaN,
        "Other Non Operating Income Expenses": NaN,
        "Special Income Charges": NaN,
        "Gain On Sale Of Ppe": 0.0,
        "Other Special Charges": NaN,
        "Impairment Of Capital Assets": NaN,
        "Restructuring And Mergern Acquisition": NaN,
        "Net Non Operating Interest Income Expense": NaN,
        "Total Other Finance Cost": NaN,
        "Interest Expense Non Operating": NaN,
        "Interest Income Non Operating": NaN,
        "Operating Income": NaN,
        "Operating Expense": NaN,
        "Depreciation Amortization Depletion Income Statement": NaN,
        "Depreciation And Amortization In Income Statement": NaN,
        "Amortization": NaN,
        "Amortization Of Intangibles Income Statement": NaN,
        "Research And Development": NaN,
        "Selling General And Administration": NaN,
        "Gross Profit": NaN,
        "Cost Of Revenue": NaN,
        "Total Revenue": NaN,
        "Operating Revenue": NaN
    },
    "2022-09-30": {
        "Tax Effect Of Unusual Items": NaN,
        "Tax Rate For Calcs": NaN,
        "Normalized EBITDA": NaN,
        "Total Unusual Items": NaN,
        "Total Unusual Items Excluding Goodwill": NaN,
        "Net Income From Continuing Operation Net Minority Interest": NaN,
        "Reconciled Depreciation": NaN,
        "Reconciled Cost Of Revenue": NaN,
        "EBITDA": NaN,
        "EBIT": NaN,
        "Net Interest Income": NaN,
        "Interest Expense": NaN,
        "Interest Income": NaN,
        "Normalized Income": NaN,
        "Net Income From Continuing And Discontinued Operation": NaN,
        "Total Expenses": NaN,
        "Total Operating Income As Reported": NaN,
        "Diluted Average Shares": NaN,
        "Basic Average Shares": NaN,
        "Diluted EPS": NaN,
        "Basic EPS": NaN,
        "Diluted NI Availto Com Stockholders": NaN,
        "Net Income Common Stockholders": NaN,
        "Net Income": NaN,
        "Net Income Including Noncontrolling Interests": NaN,
        "Net Income Continuous Operations": NaN,
        "Tax Provision": NaN,
        "Pretax Income": NaN,
        "Other Income Expense": NaN,
        "Other Non Operating Income Expenses": NaN,
        "Special Income Charges": NaN,
        "Gain On Sale Of Ppe": NaN,
        "Other Special Charges": NaN,
        "Impairment Of Capital Assets": 0.0,
        "Restructuring And Mergern Acquisition": NaN,
        "Net Non Operating Interest Income Expense": NaN,
        "Total Other Finance Cost": NaN,
        "Interest Expense Non Operating": NaN,
        "Interest Income Non Operating": NaN,
        "Operating Income": NaN,
        "Operating Expense": NaN,
        "Depreciation Amortization Depletion Income Statement": NaN,
        "Depreciation And Amortization In Income Statement": NaN,
        "Amortization": NaN,
        "Amortization Of Intangibles Income Statement": NaN,
        "Research And Development": NaN,
        "Selling General And Administration": NaN,
        "Gross Profit": NaN,
        "Cost Of Revenue": NaN,
        "Total Revenue": NaN,
        "Operating Revenue": NaN
    },
    "2022-06-30": {
        "Tax Effect Of Unusual Items": -850000.0,
        "Tax Rate For Calcs": 0.17,
        "Normalized EBITDA": 196000000.0,
        "Total Unusual Items": -5000000.0,
        "Total Unusual Items Excluding Goodwill": -5000000.0,
        "Net Income From Continuing Operation Net Minority Interest": 130000000.0,
        "Reconciled Depreciation": 28000000.0,
        "Reconciled Cost Of Revenue": 414000000.0,
        "EBITDA": 191000000.0,
        "EBIT": 163000000.0,
        "Net Interest Income": -6000000.0,
        "Interest Expense": 7000000.0,
        "Interest Income": 1000000.0,
        "Normalized Income": 134150000.0,
        "Net Income From Continuing And Discontinued Operation": 130000000.0,
        "Total Expenses": 596000000.0,
        "Total Operating Income As Reported": 164000000.0,
        "Diluted Average Shares": 55800000.0,
        "Basic Average Shares": 55700000.0,
        "Diluted EPS": 2.32,
        "Basic EPS": 2.33,
        "Diluted NI Availto Com Stockholders": 130000000.0,
        "Net Income Common Stockholders": 130000000.0,
        "Net Income": 130000000.0,
        "Net Income Including Noncontrolling Interests": 130000000.0,
        "Net Income Continuous Operations": 130000000.0,
        "Tax Provision": 26000000.0,
        "Pretax Income": 156000000.0,
        "Other Income Expense": -7000000.0,
        "Other Non Operating Income Expenses": -2000000.0,
        "Special Income Charges": -5000000.0,
        "Gain On Sale Of Ppe": 0.0,
        "Impairment Of Capital Assets": NaN,
        "Restructuring And Mergern Acquisition": 5000000.0,
        "Net Non Operating Interest Income Expense": -6000000.0,
        "Interest Expense Non Operating": 7000000.0,
        "Interest Income Non Operating": 1000000.0,
        "Operating Income": 169000000.0,
        "Operating Expense": 169000000.0,
        "Depreciation Amortization Depletion Income Statement": 15000000.0,
        "Depreciation And Amortization In Income Statement": 15000000.0,
        "Amortization": 15000000.0,
        "Amortization Of Intangibles Income Statement": 15000000.0,
        "Research And Development": 53000000.0,
        "Selling General And Administration": 101000000.0,
        "Gross Profit": 338000000.0,
        "Cost Of Revenue": 427000000.0,
        "Total Revenue": 765000000.0,
        "Operating Revenue": 765000000.0
    },
    "2023-06-30": {
        "Tax Effect Of Unusual Items": NaN,
        "Tax Rate For Calcs": NaN,
        "Normalized EBITDA": NaN,
        "Total Unusual Items": NaN,
        "Total Unusual Items Excluding Goodwill": NaN,
        "Net Income From Continuing Operation Net Minority Interest": NaN,
        "Reconciled Depreciation": NaN,
        "Reconciled Cost Of Revenue": NaN,
        "EBITDA": NaN,
        "EBIT": NaN,
        "Net Interest Income": NaN,
        "Interest Expense": NaN,
        "Interest Income": NaN,
        "Normalized Income": NaN,
        "Net Income From Continuing And Discontinued Operation": NaN,
        "Total Expenses": NaN,
        "Total Operating Income As Reported": NaN,
        "Diluted Average Shares": NaN,
        "Basic Average Shares": NaN,
        "Diluted EPS": NaN,
        "Basic EPS": NaN,
        "Diluted NI Availto Com Stockholders": NaN,
        "Net Income Common Stockholders": NaN,
        "Net Income": NaN,
        "Net Income Including Noncontrolling Interests": NaN,
        "Net Income Continuous Operations": NaN,
        "Tax Provision": NaN,
        "Pretax Income": NaN,
        "Other Income Expense": NaN,
        "Other Non Operating Income Expenses": NaN,
        "Special Income Charges": NaN,
        "Gain On Sale Of Ppe": 0.0,
        "Other Special Charges": NaN,
        "Impairment Of Capital Assets": NaN,
        "Restructuring And Mergern Acquisition": NaN,
        "Net Non Operating Interest Income Expense": NaN,
        "Total Other Finance Cost": 6000000.0,
        "Interest Expense Non Operating": NaN,
        "Interest Income Non Operating": NaN,
        "Operating Income": NaN,
        "Operating Expense": NaN,
        "Depreciation Amortization Depletion Income Statement": NaN,
        "Depreciation And Amortization In Income Statement": NaN,
        "Amortization": NaN,
        "Amortization Of Intangibles Income Statement": NaN,
        "Research And Development": NaN,
        "Selling General And Administration": NaN,
        "Gross Profit": NaN,
        "Cost Of Revenue": NaN,
        "Total Revenue": NaN,
        "Operating Revenue": NaN
    },
    "2022-03-31": {
        "Diluted EPS": 2.57,
        "Total Revenue": 742,
        "Gross Profit": 334,
        "Operating Income": 172,
        "EBIT": 200,
        "Net Income": 143
    },
    "2021-12-31": {
        "Diluted EPS": 2.69,
        "Total Revenue": 764,
        "Gross Profit": 355,
        "Operating Income": 182,
        "EBIT": 210,
        "Net Income": 151
    },
    "2021-09-30": {
        "Diluted EPS": 2.38,
        "Total Revenue": 742,
        "Gross Profit": 348,
        "Operating Income": 175,
        "EBIT": 204,
        "Net Income": 132
    },
    "2021-06-30": {
        "Diluted EPS": 2.63,
        "Total Revenue": 750,
        "Gross Profit": 355,
        "Operating Income": 186,
        "EBIT": 211,
        "Net Income": 146
    },
    "2021-03-31": {
        "Diluted EPS": 2.2,
        "Total Revenue": 694,
        "Gross Profit": 322,
        "Operating Income": 156,
        "EBIT": 180,
        "Net Income": 122
    },
    "2020-12-31": {
        "Diluted EPS": 2.09,
        "Total Revenue": 660,
        "Gross Profit": 301,
        "Operating Income": 147,
        "EBIT": 171,
        "Net Income": 116
    },
    "2020-09-30": {
        "Diluted EPS": 1.66,
        "Total Revenue": 590,
        "Gross Profit": 262,
        "Operating Income": 116,
        "EBIT": 140,
        "Net Income": 92
    },
    "2020-06-30": {
        "Diluted EPS": 1.33,
        "Total Revenue": 544,
        "Gross Profit": 246,
        "Operating Income": 101,
        "EBIT": 125,
        "Net Income": 74
    },
    "2020-03-31": {
        "Diluted EPS": 1.25,
        "Total Revenue": 536,
        "Gross Profit": 240,
        "Operating Income": 90,
        "EBIT": 119,
        "Net Income": 69
    },
    "2019-12-31": {
        "Diluted EPS": 0.77,
        "Total Revenue": 500,
        "Gross Profit": 216,
        "Operating Income": 66,
        "EBIT": 97,
        "Net Income": 43
    },
    "2019-09-30": {
        "Diluted EPS": 0.86,
        "Total Revenue": 463,
        "Gross Profit": 205,
        "Operating Income": 67,
        "EBIT": 98,
        "Net Income": 47
    },
    "2019-06-30": {
        "Diluted EPS": 0.69,
        "Total Revenue": 474,
        "Gross Profit": 211,
        "Operating Income": 64,
        "EBIT": 96,
        "Net Income": 38
    },
    "2019-03-31": {
        "Diluted EPS": 0.23,
        "Total Revenue": 464,
        "Gross Profit": 198,
        "Operating Income": 23,
        "EBIT": 55,
        "Net Income": 13
    },
    "2018-12-31": {
        "Diluted EPS": 1.32,
        "Total Revenue": 461,
        "Gross Profit": 210,
        "Operating Income": 94,
        "EBIT": 115,
        "Net Income": 72
    },
    "2018-09-30": {
        "Diluted EPS": 1.7,
        "Total Revenue": 487,
        "Gross Profit": 232,
        "Operating Income": 117,
        "EBIT": 137,
        "Net Income": 93
    },
    "2018-06-30": {
        "Diluted EPS": 2.22,
        "Total Revenue": 573,
        "Gross Profit": 275,
        "Operating Income": 151,
        "EBIT": 172,
        "Net Income": 123
    },
    "2018-03-31": {
        "Diluted EPS": 1.9,
        "Total Revenue": 554,
        "Gross Profit": 263,
        "Operating Income": 132,
        "EBIT": 154,
        "Net Income": 105
    },
    "2017-12-31": {
        "Diluted EPS": 1.41,
        "Total Revenue": 512,
        "Gross Profit": 238,
        "Operating Income": 120,
        "EBIT": 144,
        "Net Income": 78
    },
    "2017-09-30": {
        "Diluted EPS": 1.38,
        "Total Revenue": 486,
        "Gross Profit": 228,
        "Operating Income": 110,
        "EBIT": 133,
        "Net Income": 76
    },
    "2017-06-30": {
        "Diluted EPS": 2.19,
        "Total Revenue": 481,
        "Gross Profit": 220,
        "Operating Income": 93,
        "EBIT": 114,
        "Net Income": 120
    },
    "2017-03-31": {
        "Diluted EPS": 1.18,
        "Total Revenue": 437,
        "Gross Profit": 206,
        "Operating Income": 84,
        "EBIT": 108,
        "Net Income": 65
    },
    "2016-12-31": {
        "Diluted EPS": 0.84,
        "Total Revenue": 405,
        "Gross Profit": 183,
        "Operating Income": 63,
        "EBIT": 87,
        "Net Income": 45
    },
    "2016-09-30": {
        "Diluted EPS": 0.6,
        "Total Revenue": 381,
        "Gross Profit": 168,
        "Operating Income": 53,
        "EBIT": 84,
        "Net Income": 33
    },
    "2016-06-30": {
        "Diluted EPS": 0.17,
        "Total Revenue": 326,
        "Gross Profit": 136,
        "Operating Income": 19,
        "EBIT": 48,
        "Net Income": 9
    },
    "2016-03-31": {
        "Diluted EPS": 0.33,
        "Total Revenue": 184,
        "Gross Profit": 78,
        "Operating Income": 23,
        "EBIT": 28,
        "Net Income": 18
    },
    "2015-12-31": {
        "Diluted EPS": 0.47,
        "Total Revenue": 172,
        "Gross Profit": 73,
        "Operating Income": 22,
        "EBIT": 28,
        "Net Income": 26
    },
    "2015-09-30": {
        "Diluted EPS": 0.56,
        "Total Revenue": 209,
        "Gross Profit": 94,
        "Operating Income": 41,
        "EBIT": 47,
        "Net Income": 30
    },
    "2015-06-30": {
        "Diluted EPS": 0.62,
        "Total Revenue": 218,
        "Gross Profit": 99,
        "Operating Income": 46,
        "EBIT": 52,
        "Net Income": 33
    },
    "2015-03-31": {
        "Diluted EPS": 0.63,
        "Total Revenue": 214,
        "Gross Profit": 97,
        "Operating Income": 47,
        "EBIT": 53,
        "Net Income": 34
    },
    "2014-12-31": {
        "Diluted EPS": 0.63,
        "Total Revenue": 203,
        "Gross Profit": 89,
        "Operating Income": 39,
        "EBIT": 46,
        "Net Income": 34
    },
    "2014-09-30": {
        "Diluted EPS": 0.55,
        "Total Revenue": 187,
        "Gross Profit": 79,
        "Operating Income": 28,
        "EBIT": 34,
        "Net Income": 29
    },
    "2014-06-30": {
        "Diluted EPS": 0.4,
        "Total Revenue": 185,
        "Gross Profit": 80,
        "Operating Income": 31,
        "EBIT": 35,
        "Net Income": 21
    },
    "2014-03-31": {
        "Diluted EPS": 0.58,
        "Total Revenue": 206,
        "Gross Profit": 89,
        "Operating Income": 38,
        "EBIT": 42,
        "Net Income": 31
    },
    "2013-12-31": {
        "Diluted EPS": 0.37,
        "Total Revenue": 204,
        "Gross Profit": 88,
        "Operating Income": 31,
        "EBIT": 35,
        "Net Income": 20
    },
    "2013-09-30": {
        "Diluted EPS": 0.05,
        "Total Revenue": 166,
        "Gross Profit": 62,
        "Operating Income": 12,
        "EBIT": 17,
        "Net Income": 2
    },
    "2013-06-30": {
        "Diluted EPS": 0.14,
        "Total Revenue": 157,
        "Gross Profit": 62,
        "Operating Income": 10,
        "EBIT": 15,
        "Net Income": 7
    },
    "2013-03-31": {
        "Diluted EPS": 0.11,
        "Total Revenue": 142,
        "Gross Profit": 55,
        "Operating Income": 5,
        "EBIT": 9,
        "Net Income": 6
    },
    "2012-12-31": {
        "Diluted EPS": 0.07,
        "Total Revenue": 134,
        "Gross Profit": 53,
        "Operating Income": 7,
        "EBIT": 11,
        "Net Income": 4
    },
    "2012-09-30": {
        "Diluted EPS": 0.05,
        "Total Revenue": 141,
        "Gross Profit": 57,
        "Operating Income": 6,
        "EBIT": 10,
        "Net Income": 3
    },
    "2012-06-30": {
        "Diluted EPS": 0.35,
        "Total Revenue": 177,
        "Gross Profit": 77,
        "Operating Income": 28,
        "EBIT": 31,
        "Net Income": 19
    },
    "2012-03-31": {
        "Diluted EPS": 0.43,
        "Total Revenue": 191,
        "Gross Profit": 84,
        "Operating Income": 33,
        "EBIT": 37,
        "Net Income": 23
    },
    "2011-12-31": {
        "Diluted EPS": 0.42,
        "Total Revenue": 172,
        "Gross Profit": 76,
        "Operating Income": 30,
        "EBIT": 33,
        "Net Income": 23
    },
    "2011-09-30": {
        "Diluted EPS": 0.57,
        "Total Revenue": 195,
        "Gross Profit": 88,
        "Operating Income": 41,
        "EBIT": 44,
        "Net Income": 30
    },
    "2011-06-30": {
        "Diluted EPS": 0.73,
        "Total Revenue": 224,
        "Gross Profit": 105,
        "Operating Income": 57,
        "EBIT": 61,
        "Net Income": 39
    },
    "2011-03-31": {
        "Diluted EPS": 0.73,
        "Total Revenue": 232,
        "Gross Profit": 106,
        "Operating Income": 57,
        "EBIT": 60,
        "Net Income": 38
    },
    "2010-12-31": {
        "Diluted EPS": 0.7,
        "Total Revenue": 219,
        "Gross Profit": 97,
        "Operating Income": 48,
        "EBIT": 52,
        "Net Income": 36
    },
    "2010-09-30": {
        "Diluted EPS": 0.76,
        "Total Revenue": 221,
        "Gross Profit": 99,
        "Operating Income": 55,
        "EBIT": 59,
        "Net Income": 39
    },
    "2010-06-30": {
        "Diluted EPS": 0.76,
        "Total Revenue": 221,
        "Gross Profit": 97,
        "Operating Income": 50,
        "EBIT": 53,
        "Net Income": 39
    },
    "2010-03-31": {
        "Diluted EPS": 0.58,
        "Total Revenue": 192,
        "Gross Profit": 85,
        "Operating Income": 42,
        "EBIT": 46,
        "Net Income": 29
    },
    "2009-12-31": {
        "Diluted EPS": 0.31,
        "Total Revenue": 138,
        "Gross Profit": 58,
        "Operating Income": 22,
        "EBIT": 26,
        "Net Income": 15
    },
    "2009-09-30": {
        "Diluted EPS": -0.08,
        "Total Revenue": 102,
        "Gross Profit": 38,
        "Operating Income": 3,
        "EBIT": 7,
        "Net Income": -4
    },
    "2009-06-30": {
        "Diluted EPS": -4.2,
        "Total Revenue": 76,
        "Gross Profit": 24,
        "Operating Income": -156,
        "EBIT": 42,
        "Net Income": -207
    },
    "2009-03-31": {
        "Diluted EPS": -0.34,
        "Total Revenue": 77,
        "Gross Profit": 10,
        "Operating Income": -41,
        "EBIT": -35,
        "Net Income": -16
    },
    "2023-09-30": {
        "Tax Effect Of Unusual Items": NaN,
        "Tax Rate For Calcs": NaN,
        "Normalized EBITDA": NaN,
        "Total Unusual Items": NaN,
        "Total Unusual Items Excluding Goodwill": NaN,
        "Net Income From Continuing Operation Net Minority Interest": NaN,
        "Reconciled Depreciation": NaN,
        "Reconciled Cost Of Revenue": NaN,
        "EBITDA": NaN,
        "EBIT": NaN,
        "Net Interest Income": NaN,
        "Interest Expense": NaN,
        "Interest Income": NaN,
        "Normalized Income": NaN,
        "Net Income From Continuing And Discontinued Operation": NaN,
        "Total Expenses": NaN,
        "Total Operating Income As Reported": NaN,
        "Diluted Average Shares": NaN,
        "Basic Average Shares": NaN,
        "Diluted EPS": NaN,
        "Basic EPS": NaN,
        "Diluted NI Availto Com Stockholders": NaN,
        "Net Income Common Stockholders": NaN,
        "Net Income": NaN,
        "Net Income Including Noncontrolling Interests": NaN,
        "Net Income Continuous Operations": NaN,
        "Tax Provision": NaN,
        "Pretax Income": NaN,
        "Other Income Expense": NaN,
        "Other Non Operating Income Expenses": NaN,
        "Special Income Charges": NaN,
        "Gain On Sale Of Ppe": 2000000.0,
        "Other Special Charges": NaN,
        "Impairment Of Capital Assets": 0.0,
        "Restructuring And Mergern Acquisition": NaN,
        "Net Non Operating Interest Income Expense": NaN,
        "Total Other Finance Cost": NaN,
        "Interest Expense Non Operating": NaN,
        "Interest Income Non Operating": NaN,
        "Operating Income": NaN,
        "Operating Expense": NaN,
        "Depreciation Amortization Depletion Income Statement": NaN,
        "Depreciation And Amortization In Income Statement": NaN,
        "Amortization": NaN,
        "Amortization Of Intangibles Income Statement": NaN,
        "Research And Development": NaN,
        "Selling General And Administration": NaN,
        "Gross Profit": NaN,
        "Cost Of Revenue": NaN,
        "Total Revenue": NaN,
        "Operating Revenue": NaN
    },
    "2023-12-31": {
        "Tax Effect Of Unusual Items": -12650000.0,
        "Tax Rate For Calcs": 0.1375,
        "Normalized EBITDA": 198000000.0,
        "Total Unusual Items": -92000000.0,
        "Total Unusual Items Excluding Goodwill": -92000000.0,
        "Net Income From Continuing Operation Net Minority Interest": -69000000.0,
        "Reconciled Depreciation": 96000000.0,
        "Reconciled Cost Of Revenue": 455000000.0,
        "EBITDA": 106000000.0,
        "EBIT": 10000000.0,
        "Net Interest Income": -85000000.0,
        "Interest Expense": 90000000.0,
        "Interest Income": 7000000.0,
        "Normalized Income": 10350000.0,
        "Net Income From Continuing And Discontinued Operation": -69000000.0,
        "Total Expenses": 782000000.0,
        "Total Operating Income As Reported": 24000000.0,
        "Diluted Average Shares": 66900000.0,
        "Basic Average Shares": 66900000.0,
        "Diluted EPS": -1.02,
        "Basic EPS": -1.02,
        "Diluted NI Availto Com Stockholders": -69000000.0,
        "Net Income Common Stockholders": -69000000.0,
        "Net Income": -69000000.0,
        "Net Income Including Noncontrolling Interests": -69000000.0,
        "Net Income Continuous Operations": -69000000.0,
        "Tax Provision": -11000000.0,
        "Pretax Income": -80000000.0,
        "Other Income Expense": -105000000.0,
        "Other Non Operating Income Expenses": -13000000.0,
        "Special Income Charges": -92000000.0,
        "Gain On Sale Of Ppe": 0.0,
        "Other Special Charges": NaN,
        "Impairment Of Capital Assets": 75000000.0,
        "Restructuring And Mergern Acquisition": 9000000.0,
        "Net Non Operating Interest Income Expense": -85000000.0,
        "Total Other Finance Cost": NaN,
        "Interest Expense Non Operating": 90000000.0,
        "Interest Income Non Operating": 7000000.0,
        "Operating Income": 110000000.0,
        "Operating Expense": 301000000.0,
        "Depreciation Amortization Depletion Income Statement": 70000000.0,
        "Depreciation And Amortization In Income Statement": 70000000.0,
        "Amortization": 70000000.0,
        "Amortization Of Intangibles Income Statement": 70000000.0,
        "Research And Development": 70000000.0,
        "Selling General And Administration": 161000000.0,
        "Gross Profit": 411000000.0,
        "Cost Of Revenue": 481000000.0,
        "Total Revenue": 892000000.0,
        "Operating Revenue": 892000000.0
    },
    "2024-03-31": {
        "Tax Effect Of Unusual Items": -3003000.0,
        "Tax Rate For Calcs": 0.231,
        "Normalized EBITDA": 207000000.0,
        "Total Unusual Items": -13000000.0,
        "Total Unusual Items Excluding Goodwill": -13000000.0,
        "Net Income From Continuing Operation Net Minority Interest": 15000000.0,
        "Reconciled Depreciation": 88000000.0,
        "Reconciled Cost Of Revenue": 427000000.0,
        "EBITDA": 194000000.0,
        "EBIT": 106000000.0,
        "Net Interest Income": -84000000.0,
        "Interest Expense": 87000000.0,
        "Interest Income": 6000000.0,
        "Normalized Income": 24997000.0,
        "Net Income From Continuing And Discontinued Operation": 15000000.0,
        "Total Expenses": 755000000.0,
        "Total Operating Income As Reported": 106000000.0,
        "Diluted Average Shares": 67400000.0,
        "Basic Average Shares": 67000000.0,
        "Diluted EPS": 0.22,
        "Basic EPS": 0.22,
        "Diluted NI Availto Com Stockholders": 15000000.0,
        "Net Income Common Stockholders": 15000000.0,
        "Net Income": 15000000.0,
        "Net Income Including Noncontrolling Interests": 15000000.0,
        "Net Income Continuous Operations": 15000000.0,
        "Tax Provision": 4000000.0,
        "Pretax Income": 19000000.0,
        "Other Income Expense": -10000000.0,
        "Other Non Operating Income Expenses": 3000000.0,
        "Special Income Charges": -13000000.0,
        "Gain On Sale Of Ppe": NaN,
        "Other Special Charges": 9000000.0,
        "Impairment Of Capital Assets": NaN,
        "Restructuring And Mergern Acquisition": 4000000.0,
        "Net Non Operating Interest Income Expense": -84000000.0,
        "Total Other Finance Cost": 3000000.0,
        "Interest Expense Non Operating": 87000000.0,
        "Interest Income Non Operating": 6000000.0,
        "Operating Income": 113000000.0,
        "Operating Expense": 302000000.0,
        "Depreciation Amortization Depletion Income Statement": 62000000.0,
        "Depreciation And Amortization In Income Statement": 62000000.0,
        "Amortization": 62000000.0,
        "Amortization Of Intangibles Income Statement": 62000000.0,
        "Research And Development": 70000000.0,
        "Selling General And Administration": 170000000.0,
        "Gross Profit": 415000000.0,
        "Cost Of Revenue": 453000000.0,
        "Total Revenue": 868000000.0,
        "Operating Revenue": 868000000.0
    },
    "2024-06-30": {
        "Tax Effect Of Unusual Items": -8820000.0,
        "Tax Rate For Calcs": 0.21,
        "Normalized EBITDA": 243000000.0,
        "Total Unusual Items": -42000000.0,
        "Total Unusual Items Excluding Goodwill": -42000000.0,
        "Net Income From Continuing Operation Net Minority Interest": 23000000.0,
        "Reconciled Depreciation": 87000000.0,
        "Reconciled Cost Of Revenue": 442000000.0,
        "EBITDA": 201000000.0,
        "EBIT": 114000000.0,
        "Net Interest Income": -74000000.0,
        "Interest Expense": 92000000.0,
        "Interest Income": 18000000.0,
        "Normalized Income": 56180000.0,
        "Net Income From Continuing And Discontinued Operation": 23000000.0,
        "Total Expenses": 756000000.0,
        "Total Operating Income As Reported": 127000000.0,
        "Diluted Average Shares": 67500000.0,
        "Basic Average Shares": 67300000.0,
        "Diluted EPS": 0.33,
        "Basic EPS": 0.34,
        "Diluted NI Availto Com Stockholders": 23000000.0,
        "Net Income Common Stockholders": 23000000.0,
        "Net Income": 23000000.0,
        "Net Income Including Noncontrolling Interests": 23000000.0,
        "Net Income Continuous Operations": 23000000.0,
        "Tax Provision": -1000000.0,
        "Pretax Income": 22000000.0,
        "Other Income Expense": -35000000.0,
        "Other Non Operating Income Expenses": 7000000.0,
        "Special Income Charges": -42000000.0,
        "Gain On Sale Of Ppe": NaN,
        "Other Special Charges": 38000000.0,
        "Impairment Of Capital Assets": 0.0,
        "Restructuring And Mergern Acquisition": 4000000.0,
        "Net Non Operating Interest Income Expense": -74000000.0,
        "Total Other Finance Cost": 8000000.0,
        "Interest Expense Non Operating": 92000000.0,
        "Interest Income Non Operating": 18000000.0,
        "Operating Income": 131000000.0,
        "Operating Expense": 288000000.0,
        "Depreciation Amortization Depletion Income Statement": 61000000.0,
        "Depreciation And Amortization In Income Statement": 61000000.0,
        "Amortization": 61000000.0,
        "Amortization Of Intangibles Income Statement": 61000000.0,
        "Research And Development": 66000000.0,
        "Selling General And Administration": 161000000.0,
        "Gross Profit": 419000000.0,
        "Cost Of Revenue": 468000000.0,
        "Total Revenue": 887000000.0,
        "Operating Revenue": 887000000.0
    },
    "2024-09-30": {
        "Tax Effect Of Unusual Items": -2310000.0,
        "Tax Rate For Calcs": 0.21,
        "Normalized EBITDA": 236000000.0,
        "Total Unusual Items": -11000000.0,
        "Total Unusual Items Excluding Goodwill": -11000000.0,
        "Net Income From Continuing Operation Net Minority Interest": 62000000.0,
        "Reconciled Depreciation": 87000000.0,
        "Reconciled Cost Of Revenue": 438000000.0,
        "EBITDA": 225000000.0,
        "EBIT": 138000000.0,
        "Net Interest Income": -58000000.0,
        "Interest Expense": 78000000.0,
        "Interest Income": 20000000.0,
        "Normalized Income": 70690000.0,
        "Net Income From Continuing And Discontinued Operation": 62000000.0,
        "Total Expenses": 762000000.0,
        "Total Operating Income As Reported": 128000000.0,
        "Diluted Average Shares": 67600000.0,
        "Basic Average Shares": 67400000.0,
        "Diluted EPS": 0.92,
        "Basic EPS": 0.92,
        "Diluted NI Availto Com Stockholders": 62000000.0,
        "Net Income Common Stockholders": 62000000.0,
        "Net Income": 62000000.0,
        "Net Income Including Noncontrolling Interests": 62000000.0,
        "Net Income Continuous Operations": 62000000.0,
        "Tax Provision": -2000000.0,
        "Pretax Income": 60000000.0,
        "Other Income Expense": -16000000.0,
        "Other Non Operating Income Expenses": -5000000.0,
        "Special Income Charges": -11000000.0,
        "Gain On Sale Of Ppe": 0.0,
        "Other Special Charges": 7000000.0,
        "Impairment Of Capital Assets": 0.0,
        "Restructuring And Mergern Acquisition": 4000000.0,
        "Net Non Operating Interest Income Expense": -58000000.0,
        "Total Other Finance Cost": NaN,
        "Interest Expense Non Operating": 78000000.0,
        "Interest Income Non Operating": 20000000.0,
        "Operating Income": 134000000.0,
        "Operating Expense": 298000000.0,
        "Depreciation Amortization Depletion Income Statement": 61000000.0,
        "Depreciation And Amortization In Income Statement": 61000000.0,
        "Amortization": 61000000.0,
        "Amortization Of Intangibles Income Statement": 61000000.0,
        "Research And Development": 70000000.0,
        "Selling General And Administration": 167000000.0,
        "Gross Profit": 432000000.0,
        "Cost Of Revenue": 464000000.0,
        "Total Revenue": 896000000.0,
        "Operating Revenue": 896000000.0
    },
    "2024-12-31": {
        "Tax Effect Of Unusual Items": -630000.0,
        "Tax Rate For Calcs": 0.21,
        "Normalized EBITDA": 238000000.0,
        "Total Unusual Items": -3000000.0,
        "Total Unusual Items Excluding Goodwill": -3000000.0,
        "Net Income From Continuing Operation Net Minority Interest": 91000000.0,
        "Reconciled Depreciation": 86000000.0,
        "Reconciled Cost Of Revenue": 468000000.0,
        "EBITDA": 235000000.0,
        "EBIT": 149000000.0,
        "Net Interest Income": -55000000.0,
        "Interest Expense": 69000000.0,
        "Interest Income": 19000000.0,
        "Normalized Income": 93370000.0,
        "Net Income From Continuing And Discontinued Operation": 91000000.0,
        "Total Expenses": 795000000.0,
        "Total Operating Income As Reported": 136000000.0,
        "Diluted Average Shares": 67700000.0,
        "Basic Average Shares": 67400000.0,
        "Diluted EPS": 1.33,
        "Basic EPS": 1.34,
        "Diluted NI Availto Com Stockholders": 91000000.0,
        "Net Income Common Stockholders": 91000000.0,
        "Net Income": 91000000.0,
        "Net Income Including Noncontrolling Interests": 91000000.0,
        "Net Income Continuous Operations": 91000000.0,
        "Tax Provision": -11000000.0,
        "Pretax Income": 80000000.0,
        "Other Income Expense": -4000000.0,
        "Other Non Operating Income Expenses": -1000000.0,
        "Special Income Charges": -3000000.0,
        "Gain On Sale Of Ppe": 0.0,
        "Other Special Charges": 0.0,
        "Impairment Of Capital Assets": 0.0,
        "Restructuring And Mergern Acquisition": 3000000.0,
        "Net Non Operating Interest Income Expense": -55000000.0,
        "Total Other Finance Cost": NaN,
        "Interest Expense Non Operating": 69000000.0,
        "Interest Income Non Operating": 19000000.0,
        "Operating Income": 139000000.0,
        "Operating Expense": 302000000.0,
        "Depreciation Amortization Depletion Income Statement": 61000000.0,
        "Depreciation And Amortization In Income Statement": 61000000.0,
        "Amortization": 61000000.0,
        "Amortization Of Intangibles Income Statement": 61000000.0,
        "Research And Development": 65000000.0,
        "Selling General And Administration": 176000000.0,
        "Gross Profit": 441000000.0,
        "Cost Of Revenue": 493000000.0,
        "Total Revenue": 934000000.0,
        "Operating Revenue": 934000000.0
    }
}