{
    "2023-03-31": {
        "Tax Effect Of Unusual Items": NaN,
        "Tax Rate For Calcs": NaN,
        "Normalized EBITDA": NaN,
        "Total Unusual Items": NaN,
        "Total Unusual Items Excluding Goodwill": NaN,
        "Net Income From Continuing Operation Net Minority Interest": NaN,
        "Reconciled Depreciation": NaN,
        "Reconciled Cost Of Revenue": NaN,
        "EBITDA": NaN,
        "EBIT": NaN,
        "Net Interest Income": NaN,
        "Interest Income": 538000.0,
        "Normalized Income": NaN,
        "Net Income From Continuing And Discontinued Operation": NaN,
        "Total Expenses": NaN,
        "Total Operating Income As Reported": NaN,
        "Diluted Average Shares": NaN,
        "Basic Average Shares": NaN,
        "Diluted EPS": NaN,
        "Basic EPS": NaN,
        "Diluted NI Availto Com Stockholders": NaN,
        "Net Income Common Stockholders": NaN,
        "Net Income": NaN,
        "Minority Interests": NaN,
        "Net Income Including Noncontrolling Interests": NaN,
        "Net Income Continuous Operations": NaN,
        "Tax Provision": NaN,
        "Pretax Income": NaN,
        "Other Income Expense": NaN,
        "Other Non Operating Income Expenses": NaN,
        "Special Income Charges": NaN,
        "Impairment Of Capital Assets": NaN,
        "Net Non Operating Interest Income Expense": NaN,
        "Total Other Finance Cost": NaN,
        "Interest Income Non Operating": 538000.0,
        "Operating Income": NaN,
        "Operating Expense": NaN,
        "Other Operating Expenses": NaN,
        "Depreciation Amortization Depletion Income Statement": NaN,
        "Depreciation And Amortization In Income Statement": NaN,
        "Research And Development": NaN,
        "Selling General And Administration": NaN,
        "Selling And Marketing Expense": NaN,
        "General And Administrative Expense": NaN,
        "Other Gand A": NaN,
        "Gross Profit": NaN,
        "Cost Of Revenue": NaN,
        "Total Revenue": NaN,
        "Operating Revenue": NaN
    },
    "2022-12-31": {
        "Tax Effect Of Unusual Items": NaN,
        "Tax Rate For Calcs": NaN,
        "Normalized EBITDA": NaN,
        "Total Unusual Items": NaN,
        "Total Unusual Items Excluding Goodwill": NaN,
        "Net Income From Continuing Operation Net Minority Interest": NaN,
        "Reconciled Depreciation": NaN,
        "Reconciled Cost Of Revenue": NaN,
        "EBITDA": NaN,
        "EBIT": NaN,
        "Net Interest Income": NaN,
        "Interest Income": NaN,
        "Normalized Income": NaN,
        "Net Income From Continuing And Discontinued Operation": NaN,
        "Total Expenses": NaN,
        "Total Operating Income As Reported": NaN,
        "Diluted Average Shares": NaN,
        "Basic Average Shares": NaN,
        "Diluted EPS": NaN,
        "Basic EPS": NaN,
        "Diluted NI Availto Com Stockholders": NaN,
        "Net Income Common Stockholders": NaN,
        "Net Income": NaN,
        "Minority Interests": NaN,
        "Net Income Including Noncontrolling Interests": NaN,
        "Net Income Continuous Operations": NaN,
        "Tax Provision": NaN,
        "Pretax Income": NaN,
        "Other Income Expense": NaN,
        "Other Non Operating Income Expenses": NaN,
        "Special Income Charges": NaN,
        "Impairment Of Capital Assets": NaN,
        "Net Non Operating Interest Income Expense": NaN,
        "Total Other Finance Cost": -277000.0,
        "Interest Income Non Operating": NaN,
        "Operating Income": NaN,
        "Operating Expense": NaN,
        "Other Operating Expenses": NaN,
        "Depreciation Amortization Depletion Income Statement": NaN,
        "Depreciation And Amortization In Income Statement": NaN,
        "Research And Development": NaN,
        "Selling General And Administration": NaN,
        "Selling And Marketing Expense": NaN,
        "General And Administrative Expense": NaN,
        "Other Gand A": NaN,
        "Gross Profit": NaN,
        "Cost Of Revenue": NaN,
        "Total Revenue": NaN,
        "Operating Revenue": NaN
    },
    "2022-09-30": {
        "Tax Effect Of Unusual Items": NaN,
        "Tax Rate For Calcs": NaN,
        "Normalized EBITDA": NaN,
        "Total Unusual Items": 0.0,
        "Total Unusual Items Excluding Goodwill": 0.0,
        "Net Income From Continuing Operation Net Minority Interest": NaN,
        "Reconciled Depreciation": NaN,
        "Reconciled Cost Of Revenue": NaN,
        "EBITDA": NaN,
        "EBIT": NaN,
        "Net Interest Income": NaN,
        "Interest Income": NaN,
        "Normalized Income": NaN,
        "Net Income From Continuing And Discontinued Operation": NaN,
        "Total Expenses": NaN,
        "Total Operating Income As Reported": NaN,
        "Diluted Average Shares": NaN,
        "Basic Average Shares": NaN,
        "Diluted EPS": NaN,
        "Basic EPS": NaN,
        "Diluted NI Availto Com Stockholders": NaN,
        "Net Income Common Stockholders": NaN,
        "Net Income": NaN,
        "Minority Interests": NaN,
        "Net Income Including Noncontrolling Interests": NaN,
        "Net Income Continuous Operations": NaN,
        "Tax Provision": NaN,
        "Pretax Income": NaN,
        "Other Income Expense": NaN,
        "Other Non Operating Income Expenses": NaN,
        "Special Income Charges": 0.0,
        "Impairment Of Capital Assets": 0.0,
        "Net Non Operating Interest Income Expense": NaN,
        "Total Other Finance Cost": 183000.0,
        "Interest Income Non Operating": NaN,
        "Operating Income": NaN,
        "Operating Expense": NaN,
        "Other Operating Expenses": 96000.0,
        "Depreciation Amortization Depletion Income Statement": NaN,
        "Depreciation And Amortization In Income Statement": NaN,
        "Research And Development": NaN,
        "Selling General And Administration": NaN,
        "Selling And Marketing Expense": NaN,
        "General And Administrative Expense": NaN,
        "Other Gand A": NaN,
        "Gross Profit": NaN,
        "Cost Of Revenue": NaN,
        "Total Revenue": NaN,
        "Operating Revenue": NaN
    },
    "2022-06-30": {
        "Tax Effect Of Unusual Items": 0.0,
        "Tax Rate For Calcs": 0.029649,
        "Normalized EBITDA": 35908000.0,
        "Net Income From Continuing Operation Net Minority Interest": 11881000.0,
        "Reconciled Depreciation": 613000.0,
        "Reconciled Cost Of Revenue": 16229000.0,
        "EBITDA": 35908000.0,
        "EBIT": 35295000.0,
        "Net Interest Income": -218000.0,
        "Interest Expense": 218000.0,
        "Interest Income": NaN,
        "Normalized Income": 11881000.0,
        "Net Income From Continuing And Discontinued Operation": 11881000.0,
        "Total Expenses": 104642000.0,
        "Total Operating Income As Reported": 23372000.0,
        "Diluted Average Shares": 22296000.0,
        "Basic Average Shares": 22288000.0,
        "Diluted EPS": 0.53,
        "Basic EPS": 0.53,
        "Diluted NI Availto Com Stockholders": 11881000.0,
        "Net Income Common Stockholders": 11881000.0,
        "Net Income": 11881000.0,
        "Minority Interests": -22156000.0,
        "Net Income Including Noncontrolling Interests": 34037000.0,
        "Net Income Continuous Operations": 34037000.0,
        "Tax Provision": 1040000.0,
        "Pretax Income": 35077000.0,
        "Other Income Expense": 11923000.0,
        "Other Non Operating Income Expenses": 11923000.0,
        "Net Non Operating Interest Income Expense": -218000.0,
        "Total Other Finance Cost": 218000.0,
        "Interest Expense Non Operating": 218000.0,
        "Interest Income Non Operating": NaN,
        "Operating Income": 23372000.0,
        "Operating Expense": 88413000.0,
        "Other Operating Expenses": NaN,
        "Depreciation Amortization Depletion Income Statement": 613000.0,
        "Depreciation And Amortization In Income Statement": 613000.0,
        "Research And Development": 2289000.0,
        "Selling General And Administration": 85511000.0,
        "Selling And Marketing Expense": 65050000.0,
        "General And Administrative Expense": 20461000.0,
        "Other Gand A": 20461000.0,
        "Gross Profit": 111785000.0,
        "Cost Of Revenue": 16229000.0,
        "Total Revenue": 128014000.0,
        "Operating Revenue": 128014000.0
    },
    "2022-03-31": {
        "Diluted EPS": 0.24,
        "Total Revenue": 137,
        "Gross Profit": 119,
        "Operating Income": 17,
        "EBIT": 18,
        "Net Income": 6
    },
    "2021-12-31": {
        "Diluted EPS": 0.0,
        "Total Revenue": 147,
        "Gross Profit": 129,
        "Operating Income": 29,
        "EBIT": 30,
        "Net Income": 9
    },
    "2021-09-30": {
        "Diluted EPS": 0.0,
        "Total Revenue": 141,
        "Gross Profit": 79,
        "Operating Income": -373,
        "EBIT": -372,
        "Net Income": -400
    },
    "2021-06-30": {
        "Diluted EPS": 0.0,
        "Total Revenue": 142,
        "Gross Profit": 115,
        "Operating Income": -9,
        "EBIT": -8,
        "Net Income": -8
    },
    "2021-03-31": {
        "Diluted EPS": 0.0,
        "Total Revenue": 120,
        "Gross Profit": -13,
        "Operating Income": -615,
        "EBIT": -614,
        "Net Income": -614
    },
    "2020-12-31": {
        "Diluted EPS": 0.0,
        "Total Revenue": NaN,
        "Gross Profit": NaN,
        "Operating Income": NaN,
        "EBIT": NaN,
        "Net Income": NaN
    },
    "2020-09-30": {
        "Diluted EPS": 0.0,
        "Total Revenue": 98,
        "Gross Profit": 71,
        "Operating Income": -67,
        "EBIT": -67,
        "Net Income": -68
    },
    "2020-06-30": {
        "Diluted EPS": -0.0,
        "Total Revenue": NaN,
        "Gross Profit": NaN,
        "Operating Income": 0,
        "EBIT": 0,
        "Net Income": 0
    },
    "2020-03-31": {
        "Diluted EPS": 0.0,
        "Total Revenue": NaN,
        "Gross Profit": NaN,
        "Operating Income": NaN,
        "EBIT": NaN,
        "Net Income": NaN
    },
    "2019-12-31": {
        "Diluted EPS": 0.0,
        "Total Revenue": NaN,
        "Gross Profit": NaN,
        "Operating Income": NaN,
        "EBIT": NaN,
        "Net Income": NaN
    },
    "2023-06-30": {
        "Tax Effect Of Unusual Items": NaN,
        "Tax Rate For Calcs": NaN,
        "Normalized EBITDA": NaN,
        "Total Unusual Items": NaN,
        "Total Unusual Items Excluding Goodwill": NaN,
        "Net Income From Continuing Operation Net Minority Interest": NaN,
        "Reconciled Depreciation": NaN,
        "Reconciled Cost Of Revenue": NaN,
        "EBITDA": NaN,
        "EBIT": NaN,
        "Net Interest Income": NaN,
        "Interest Income": NaN,
        "Normalized Income": NaN,
        "Net Income From Continuing And Discontinued Operation": NaN,
        "Total Expenses": NaN,
        "Total Operating Income As Reported": NaN,
        "Diluted Average Shares": 31837000.0,
        "Basic Average Shares": 30526000.0,
        "Diluted EPS": 0.001131,
        "Basic EPS": 0.001179,
        "Diluted NI Availto Com Stockholders": NaN,
        "Net Income Common Stockholders": NaN,
        "Net Income": NaN,
        "Minority Interests": NaN,
        "Net Income Including Noncontrolling Interests": NaN,
        "Net Income Continuous Operations": NaN,
        "Tax Provision": NaN,
        "Pretax Income": NaN,
        "Other Income Expense": NaN,
        "Other Non Operating Income Expenses": NaN,
        "Special Income Charges": NaN,
        "Impairment Of Capital Assets": NaN,
        "Net Non Operating Interest Income Expense": NaN,
        "Total Other Finance Cost": NaN,
        "Interest Income Non Operating": NaN,
        "Operating Income": NaN,
        "Operating Expense": NaN,
        "Other Operating Expenses": 204000.0,
        "Depreciation Amortization Depletion Income Statement": NaN,
        "Depreciation And Amortization In Income Statement": NaN,
        "Research And Development": NaN,
        "Selling General And Administration": NaN,
        "Selling And Marketing Expense": NaN,
        "General And Administrative Expense": NaN,
        "Other Gand A": NaN,
        "Gross Profit": NaN,
        "Cost Of Revenue": NaN,
        "Total Revenue": NaN,
        "Operating Revenue": NaN
    },
    "2023-09-30": {
        "Tax Effect Of Unusual Items": NaN,
        "Tax Rate For Calcs": NaN,
        "Normalized EBITDA": NaN,
        "Total Unusual Items": NaN,
        "Total Unusual Items Excluding Goodwill": NaN,
        "Net Income From Continuing Operation Net Minority Interest": NaN,
        "Reconciled Depreciation": NaN,
        "Reconciled Cost Of Revenue": NaN,
        "EBITDA": NaN,
        "EBIT": NaN,
        "Net Interest Income": NaN,
        "Interest Income": NaN,
        "Normalized Income": NaN,
        "Net Income From Continuing And Discontinued Operation": NaN,
        "Total Expenses": NaN,
        "Total Operating Income As Reported": NaN,
        "Diluted Average Shares": 1681600.0,
        "Basic Average Shares": 1645500.0,
        "Diluted EPS": 0.083254,
        "Basic EPS": 0.085081,
        "Diluted NI Availto Com Stockholders": NaN,
        "Net Income Common Stockholders": NaN,
        "Net Income": NaN,
        "Minority Interests": NaN,
        "Net Income Including Noncontrolling Interests": NaN,
        "Net Income Continuous Operations": NaN,
        "Tax Provision": NaN,
        "Pretax Income": NaN,
        "Other Income Expense": NaN,
        "Other Non Operating Income Expenses": NaN,
        "Special Income Charges": NaN,
        "Impairment Of Capital Assets": NaN,
        "Net Non Operating Interest Income Expense": NaN,
        "Total Other Finance Cost": -1511000.0,
        "Interest Income Non Operating": NaN,
        "Operating Income": NaN,
        "Operating Expense": NaN,
        "Other Operating Expenses": 155000.0,
        "Depreciation Amortization Depletion Income Statement": NaN,
        "Depreciation And Amortization In Income Statement": NaN,
        "Research And Development": NaN,
        "Selling General And Administration": NaN,
        "Selling And Marketing Expense": NaN,
        "General And Administrative Expense": NaN,
        "Other Gand A": NaN,
        "Gross Profit": NaN,
        "Cost Of Revenue": NaN,
        "Total Revenue": NaN,
        "Operating Revenue": NaN
    },
    "2023-12-31": {
        "Tax Effect Of Unusual Items": NaN,
        "Tax Rate For Calcs": NaN,
        "Normalized EBITDA": NaN,
        "Total Unusual Items": NaN,
        "Total Unusual Items Excluding Goodwill": NaN,
        "Net Income From Continuing Operation Net Minority Interest": NaN,
        "Reconciled Depreciation": NaN,
        "Reconciled Cost Of Revenue": NaN,
        "EBITDA": NaN,
        "EBIT": NaN,
        "Net Interest Income": NaN,
        "Interest Income": NaN,
        "Normalized Income": NaN,
        "Net Income From Continuing And Discontinued Operation": NaN,
        "Total Expenses": NaN,
        "Total Operating Income As Reported": NaN,
        "Diluted Average Shares": NaN,
        "Basic Average Shares": NaN,
        "Diluted EPS": NaN,
        "Basic EPS": NaN,
        "Diluted NI Availto Com Stockholders": NaN,
        "Net Income Common Stockholders": NaN,
        "Net Income": NaN,
        "Minority Interests": NaN,
        "Net Income Including Noncontrolling Interests": NaN,
        "Net Income Continuous Operations": NaN,
        "Tax Provision": NaN,
        "Pretax Income": NaN,
        "Other Income Expense": NaN,
        "Other Non Operating Income Expenses": NaN,
        "Special Income Charges": NaN,
        "Impairment Of Capital Assets": NaN,
        "Net Non Operating Interest Income Expense": NaN,
        "Total Other Finance Cost": -1842000.0,
        "Interest Income Non Operating": NaN,
        "Operating Income": NaN,
        "Operating Expense": NaN,
        "Other Operating Expenses": NaN,
        "Depreciation Amortization Depletion Income Statement": NaN,
        "Depreciation And Amortization In Income Statement": NaN,
        "Research And Development": NaN,
        "Selling General And Administration": NaN,
        "Selling And Marketing Expense": NaN,
        "General And Administrative Expense": NaN,
        "Other Gand A": NaN,
        "Gross Profit": NaN,
        "Cost Of Revenue": NaN,
        "Total Revenue": NaN,
        "Operating Revenue": NaN
    },
    "2024-03-31": {
        "Tax Effect Of Unusual Items": NaN,
        "Tax Rate For Calcs": NaN,
        "Normalized EBITDA": NaN,
        "Total Unusual Items": NaN,
        "Total Unusual Items Excluding Goodwill": NaN,
        "Net Income From Continuing Operation Net Minority Interest": NaN,
        "Reconciled Depreciation": NaN,
        "Reconciled Cost Of Revenue": NaN,
        "EBITDA": NaN,
        "EBIT": NaN,
        "Net Interest Income": NaN,
        "Interest Income": 1658000.0,
        "Normalized Income": NaN,
        "Net Income From Continuing And Discontinued Operation": NaN,
        "Total Expenses": NaN,
        "Total Operating Income As Reported": NaN,
        "Diluted Average Shares": 1956000.0,
        "Basic Average Shares": 1836000.0,
        "Diluted EPS": 0.85,
        "Basic EPS": 0.9,
        "Diluted NI Availto Com Stockholders": NaN,
        "Net Income Common Stockholders": NaN,
        "Net Income": NaN,
        "Minority Interests": NaN,
        "Net Income Including Noncontrolling Interests": NaN,
        "Net Income Continuous Operations": NaN,
        "Tax Provision": NaN,
        "Pretax Income": NaN,
        "Other Income Expense": NaN,
        "Other Non Operating Income Expenses": NaN,
        "Special Income Charges": NaN,
        "Impairment Of Capital Assets": NaN,
        "Net Non Operating Interest Income Expense": NaN,
        "Total Other Finance Cost": NaN,
        "Interest Income Non Operating": 1658000.0,
        "Operating Income": NaN,
        "Operating Expense": NaN,
        "Other Operating Expenses": 127000.0,
        "Depreciation Amortization Depletion Income Statement": NaN,
        "Depreciation And Amortization In Income Statement": NaN,
        "Research And Development": NaN,
        "Selling General And Administration": NaN,
        "Selling And Marketing Expense": NaN,
        "General And Administrative Expense": NaN,
        "Other Gand A": NaN,
        "Gross Profit": NaN,
        "Cost Of Revenue": NaN,
        "Total Revenue": NaN,
        "Operating Revenue": NaN
    },
    "2024-06-30": {
        "Tax Effect Of Unusual Items": 0.0,
        "Tax Rate For Calcs": 0.035379,
        "Normalized EBITDA": 22003000.0,
        "Total Unusual Items": 0.0,
        "Total Unusual Items Excluding Goodwill": 0.0,
        "Net Income From Continuing Operation Net Minority Interest": 1544000.0,
        "Reconciled Depreciation": 669000.0,
        "Reconciled Cost Of Revenue": 13379000.0,
        "EBITDA": 22003000.0,
        "EBIT": 21334000.0,
        "Net Interest Income": 1341000.0,
        "Interest Income": 1341000.0,
        "Normalized Income": 1544000.0,
        "Net Income From Continuing And Discontinued Operation": 1544000.0,
        "Total Expenses": 83712000.0,
        "Total Operating Income As Reported": 21334000.0,
        "Diluted Average Shares": 1940000.0,
        "Basic Average Shares": 1910000.0,
        "Diluted EPS": 0.8,
        "Basic EPS": 0.81,
        "Diluted NI Availto Com Stockholders": 1544000.0,
        "Net Income Common Stockholders": 1544000.0,
        "Net Income": 1544000.0,
        "Minority Interests": -19696000.0,
        "Net Income Including Noncontrolling Interests": 21240000.0,
        "Net Income Continuous Operations": 21240000.0,
        "Tax Provision": 779000.0,
        "Pretax Income": 22019000.0,
        "Other Income Expense": -656000.0,
        "Other Non Operating Income Expenses": -656000.0,
        "Special Income Charges": 0.0,
        "Impairment Of Capital Assets": 0.0,
        "Net Non Operating Interest Income Expense": 1341000.0,
        "Total Other Finance Cost": -1341000.0,
        "Interest Income Non Operating": 1341000.0,
        "Operating Income": 21334000.0,
        "Operating Expense": 70333000.0,
        "Other Operating Expenses": 257000.0,
        "Depreciation Amortization Depletion Income Statement": 669000.0,
        "Depreciation And Amortization In Income Statement": 669000.0,
        "Research And Development": 2171000.0,
        "Selling General And Administration": 67236000.0,
        "Selling And Marketing Expense": 42722000.0,
        "General And Administrative Expense": 24514000.0,
        "Other Gand A": 24514000.0,
        "Gross Profit": 91667000.0,
        "Cost Of Revenue": 13379000.0,
        "Total Revenue": 105046000.0,
        "Operating Revenue": 105046000.0
    },
    "2024-09-30": {
        "Tax Effect Of Unusual Items": 0.0,
        "Tax Rate For Calcs": 0.041,
        "Normalized EBITDA": 22537000.0,
        "Total Unusual Items": 0.0,
        "Total Unusual Items Excluding Goodwill": 0.0,
        "Net Income From Continuing Operation Net Minority Interest": 1720000.0,
        "Reconciled Depreciation": 635000.0,
        "Reconciled Cost Of Revenue": 12902000.0,
        "EBITDA": 22537000.0,
        "EBIT": 21902000.0,
        "Net Interest Income": 1185000.0,
        "Interest Income": NaN,
        "Normalized Income": 1720000.0,
        "Net Income From Continuing And Discontinued Operation": 1720000.0,
        "Total Expenses": 75284000.0,
        "Total Operating Income As Reported": 21902000.0,
        "Diluted Average Shares": 1983100.0,
        "Basic Average Shares": 1948200.0,
        "Diluted EPS": 0.8,
        "Basic EPS": 0.8,
        "Diluted NI Availto Com Stockholders": 1720000.0,
        "Net Income Common Stockholders": 1720000.0,
        "Net Income": 1720000.0,
        "Minority Interests": -21026000.0,
        "Net Income Including Noncontrolling Interests": 22746000.0,
        "Net Income Continuous Operations": 22746000.0,
        "Tax Provision": 973000.0,
        "Pretax Income": 23719000.0,
        "Other Income Expense": 632000.0,
        "Other Non Operating Income Expenses": 632000.0,
        "Special Income Charges": 0.0,
        "Impairment Of Capital Assets": 0.0,
        "Net Non Operating Interest Income Expense": 1185000.0,
        "Total Other Finance Cost": -1185000.0,
        "Interest Income Non Operating": NaN,
        "Operating Income": 21902000.0,
        "Operating Expense": 62382000.0,
        "Other Operating Expenses": 9000.0,
        "Depreciation Amortization Depletion Income Statement": 635000.0,
        "Depreciation And Amortization In Income Statement": 635000.0,
        "Research And Development": 2614000.0,
        "Selling General And Administration": 59124000.0,
        "Selling And Marketing Expense": 36644000.0,
        "General And Administrative Expense": 22480000.0,
        "Other Gand A": 22480000.0,
        "Gross Profit": 84284000.0,
        "Cost Of Revenue": 12902000.0,
        "Total Revenue": 97186000.0,
        "Operating Revenue": 97186000.0
    },
    "2024-12-31": {
        "Tax Effect Of Unusual Items": -125289.593759,
        "Tax Rate For Calcs": 0.028187,
        "Normalized EBITDA": 33843000.0,
        "Total Unusual Items": -4445000.0,
        "Total Unusual Items Excluding Goodwill": -4445000.0,
        "Net Income From Continuing Operation Net Minority Interest": 2138000.0,
        "Reconciled Depreciation": 756000.0,
        "Reconciled Cost Of Revenue": 11014000.0,
        "EBITDA": 29398000.0,
        "EBIT": 28642000.0,
        "Net Interest Income": 1104000.0,
        "Interest Income": NaN,
        "Normalized Income": 6457710.406241,
        "Net Income From Continuing And Discontinued Operation": 2138000.0,
        "Total Expenses": 68836000.0,
        "Total Operating Income As Reported": 24197000.0,
        "Diluted Average Shares": NaN,
        "Basic Average Shares": NaN,
        "Diluted EPS": NaN,
        "Basic EPS": NaN,
        "Diluted NI Availto Com Stockholders": 2138000.0,
        "Net Income Common Stockholders": 2138000.0,
        "Net Income": 2138000.0,
        "Minority Interests": -24272000.0,
        "Net Income Including Noncontrolling Interests": 26410000.0,
        "Net Income Continuous Operations": 26410000.0,
        "Tax Provision": 766000.0,
        "Pretax Income": 27176000.0,
        "Other Income Expense": -2570000.0,
        "Other Non Operating Income Expenses": 1875000.0,
        "Special Income Charges": -4445000.0,
        "Impairment Of Capital Assets": 4445000.0,
        "Net Non Operating Interest Income Expense": 1104000.0,
        "Total Other Finance Cost": -1104000.0,
        "Interest Income Non Operating": NaN,
        "Operating Income": 28642000.0,
        "Operating Expense": 57822000.0,
        "Other Operating Expenses": NaN,
        "Depreciation Amortization Depletion Income Statement": 756000.0,
        "Depreciation And Amortization In Income Statement": 756000.0,
        "Research And Development": 2974000.0,
        "Selling General And Administration": 54485000.0,
        "Selling And Marketing Expense": 34044000.0,
        "General And Administrative Expense": 20441000.0,
        "Other Gand A": 20441000.0,
        "Gross Profit": 86464000.0,
        "Cost Of Revenue": 11014000.0,
        "Total Revenue": 97478000.0,
        "Operating Revenue": 97478000.0
    },
    "2025-03-31": {
        "Tax Effect Of Unusual Items": -22040.0,
        "Tax Rate For Calcs": 0.058,
        "Normalized EBITDA": 18071000.0,
        "Total Unusual Items": -380000.0,
        "Total Unusual Items Excluding Goodwill": -380000.0,
        "Net Income From Continuing Operation Net Minority Interest": 890000.0,
        "Reconciled Depreciation": 531000.0,
        "Reconciled Cost Of Revenue": 11935000.0,
        "EBITDA": 17691000.0,
        "EBIT": 17160000.0,
        "Net Interest Income": 941000.0,
        "Interest Income": 941000.0,
        "Normalized Income": 1247960.0,
        "Net Income From Continuing And Discontinued Operation": 890000.0,
        "Total Expenses": 66347000.0,
        "Total Operating Income As Reported": 16780000.0,
        "Diluted Average Shares": 2160000.0,
        "Basic Average Shares": 2051000.0,
        "Diluted EPS": 0.41,
        "Basic EPS": 0.43,
        "Diluted NI Availto Com Stockholders": 890000.0,
        "Net Income Common Stockholders": 890000.0,
        "Net Income": 890000.0,
        "Minority Interests": -15951000.0,
        "Net Income Including Noncontrolling Interests": 16841000.0,
        "Net Income Continuous Operations": 16841000.0,
        "Tax Provision": 1038000.0,
        "Pretax Income": 17879000.0,
        "Other Income Expense": -222000.0,
        "Other Non Operating Income Expenses": 158000.0,
        "Special Income Charges": -380000.0,
        "Impairment Of Capital Assets": 380000.0,
        "Net Non Operating Interest Income Expense": 941000.0,
        "Total Other Finance Cost": NaN,
        "Interest Income Non Operating": 941000.0,
        "Operating Income": 17160000.0,
        "Operating Expense": 54412000.0,
        "Other Operating Expenses": 129000.0,
        "Depreciation Amortization Depletion Income Statement": 531000.0,
        "Depreciation And Amortization In Income Statement": 531000.0,
        "Research And Development": 2346000.0,
        "Selling General And Administration": 51406000.0,
        "Selling And Marketing Expense": 34078000.0,
        "General And Administrative Expense": 17328000.0,
        "Other Gand A": 17328000.0,
        "Gross Profit": 71572000.0,
        "Cost Of Revenue": 11935000.0,
        "Total Revenue": 83507000.0,
        "Operating Revenue": 83507000.0
    },
    "2025-06-30": {
        "Tax Effect Of Unusual Items": 0.0,
        "Tax Rate For Calcs": 0.038498,
        "Normalized EBITDA": 15311000.0,
        "Total Unusual Items": 0.0,
        "Total Unusual Items Excluding Goodwill": 0.0,
        "Net Income From Continuing Operation Net Minority Interest": 1297000.0,
        "Reconciled Depreciation": 500000.0,
        "Reconciled Cost Of Revenue": 10950000.0,
        "EBITDA": 15311000.0,
        "EBIT": 14811000.0,
        "Net Interest Income": 769000.0,
        "Interest Income": 769000.0,
        "Normalized Income": 1297000.0,
        "Net Income From Continuing And Discontinued Operation": 1297000.0,
        "Total Expenses": 65139000.0,
        "Total Operating Income As Reported": 14811000.0,
        "Diluted Average Shares": 2445000.0,
        "Basic Average Shares": 2357000.0,
        "Diluted EPS": 0.53,
        "Basic EPS": 0.55,
        "Diluted NI Availto Com Stockholders": 1297000.0,
        "Net Income Common Stockholders": 1297000.0,
        "Net Income": 1297000.0,
        "Minority Interests": -14013000.0,
        "Net Income Including Noncontrolling Interests": 15310000.0,
        "Net Income Continuous Operations": 15310000.0,
        "Tax Provision": 613000.0,
        "Pretax Income": 15923000.0,
        "Other Income Expense": 343000.0,
        "Other Non Operating Income Expenses": 343000.0,
        "Special Income Charges": 0.0,
        "Impairment Of Capital Assets": 0.0,
        "Net Non Operating Interest Income Expense": 769000.0,
        "Total Other Finance Cost": NaN,
        "Interest Income Non Operating": 769000.0,
        "Operating Income": 14811000.0,
        "Operating Expense": 54189000.0,
        "Other Operating Expenses": 178000.0,
        "Depreciation Amortization Depletion Income Statement": 500000.0,
        "Depreciation And Amortization In Income Statement": 500000.0,
        "Research And Development": 2141000.0,
        "Selling General And Administration": 51370000.0,
        "Selling And Marketing Expense": 31626000.0,
        "General And Administrative Expense": 19744000.0,
        "Other Gand A": 19744000.0,
        "Gross Profit": 69000000.0,
        "Cost Of Revenue": 10950000.0,
        "Total Revenue": 79950000.0,
        "Operating Revenue": 79950000.0
    }
}