{
    "2023-06-30": {
        "Tax Effect Of Unusual Items": 0.0,
        "Tax Rate For Calcs": 0.242,
        "Normalized EBITDA": 97357000.0,
        "Net Income From Continuing Operation Net Minority Interest": 59859000.0,
        "Reconciled Depreciation": 18354000.0,
        "Reconciled Cost Of Revenue": 47034000.0,
        "EBITDA": 97357000.0,
        "EBIT": 79003000.0,
        "Net Interest Income": 5259000.0,
        "Interest Expense": 53000.0,
        "Interest Income": 5312000.0,
        "Normalized Income": 59859000.0,
        "Net Income From Continuing And Discontinued Operation": 59859000.0,
        "Total Expenses": 104119000.0,
        "Rent Expense Supplemental": 3199000.0,
        "Total Operating Income As Reported": 75727000.0,
        "Diluted Average Shares": 37588000.0,
        "Basic Average Shares": 37485000.0,
        "Diluted EPS": 1.6,
        "Basic EPS": 1.6,
        "Diluted NI Availto Com Stockholders": 59859000.0,
        "Net Income Common Stockholders": 59859000.0,
        "Net Income": 59859000.0,
        "Net Income Including Noncontrolling Interests": 59859000.0,
        "Net Income Continuous Operations": 59859000.0,
        "Tax Provision": 19091000.0,
        "Pretax Income": 78950000.0,
        "Other Income Expense": -2036000.0,
        "Other Non Operating Income Expenses": -2286000.0,
        "Earnings From Equity Interest": 250000.0,
        "Net Non Operating Interest Income Expense": 5259000.0,
        "Interest Expense Non Operating": 53000.0,
        "Interest Income Non Operating": 5312000.0,
        "Operating Income": 75727000.0,
        "Operating Expense": 55736000.0,
        "Other Operating Expenses": 4182000.0,
        "Depreciation Amortization Depletion Income Statement": 17005000.0,
        "Depreciation And Amortization In Income Statement": 17005000.0,
        "Selling General And Administration": 34549000.0,
        "Selling And Marketing Expense": 3308000.0,
        "General And Administrative Expense": 31241000.0,
        "Other Gand A": 28042000.0,
        "Rent And Landing Fees": 3199000.0,
        "Gross Profit": 131463000.0,
        "Cost Of Revenue": 48383000.0,
        "Total Revenue": 179846000.0,
        "Operating Revenue": 179846000.0
    },
    "2023-03-31": {
        "Tax Effect Of Unusual Items": 0.0,
        "Tax Rate For Calcs": 0.25,
        "Normalized EBITDA": 116154000.0,
        "Net Income From Continuing Operation Net Minority Interest": 73628000.0,
        "Reconciled Depreciation": 17829000.0,
        "Reconciled Cost Of Revenue": 50947000.0,
        "EBITDA": 116154000.0,
        "EBIT": 98325000.0,
        "Net Interest Income": 4119000.0,
        "Interest Expense": 130000.0,
        "Interest Income": 4249000.0,
        "Normalized Income": 73628000.0,
        "Net Income From Continuing And Discontinued Operation": 73628000.0,
        "Total Expenses": 107813000.0,
        "Rent Expense Supplemental": 3611000.0,
        "Total Operating Income As Reported": 95356000.0,
        "Diluted Average Shares": 37645000.0,
        "Basic Average Shares": 37478000.0,
        "Diluted EPS": 1.96,
        "Basic EPS": 1.96,
        "Diluted NI Availto Com Stockholders": 73628000.0,
        "Net Income Common Stockholders": 73628000.0,
        "Net Income": 73628000.0,
        "Net Income Including Noncontrolling Interests": 73628000.0,
        "Net Income Continuous Operations": 73628000.0,
        "Tax Provision": 24567000.0,
        "Pretax Income": 98195000.0,
        "Other Income Expense": -1280000.0,
        "Other Non Operating Income Expenses": -1484000.0,
        "Earnings From Equity Interest": 204000.0,
        "Net Non Operating Interest Income Expense": 4119000.0,
        "Interest Expense Non Operating": 130000.0,
        "Interest Income Non Operating": 4249000.0,
        "Operating Income": 95356000.0,
        "Operating Expense": 55498000.0,
        "Other Operating Expenses": 4545000.0,
        "Depreciation Amortization Depletion Income Statement": 16461000.0,
        "Depreciation And Amortization In Income Statement": 16461000.0,
        "Selling General And Administration": 34492000.0,
        "Selling And Marketing Expense": 2995000.0,
        "General And Administrative Expense": 31497000.0,
        "Other Gand A": 27886000.0,
        "Rent And Landing Fees": 3611000.0,
        "Gross Profit": 150854000.0,
        "Cost Of Revenue": 52315000.0,
        "Total Revenue": 203169000.0,
        "Operating Revenue": 203169000.0
    },
    "2022-12-31": {
        "Tax Effect Of Unusual Items": 0.0,
        "Tax Rate For Calcs": 0.254344,
        "Normalized EBITDA": 96686000.0,
        "Net Income From Continuing Operation Net Minority Interest": 59226000.0,
        "Reconciled Depreciation": 17206000.0,
        "Reconciled Cost Of Revenue": 42632000.0,
        "EBITDA": 96686000.0,
        "EBIT": 79480000.0,
        "Net Interest Income": 4988000.0,
        "Interest Expense": 52000.0,
        "Interest Income": NaN,
        "Normalized Income": 59226000.0,
        "Net Income From Continuing And Discontinued Operation": 59226000.0,
        "Total Expenses": 100229000.0,
        "Rent Expense Supplemental": 3653000.0,
        "Total Operating Income As Reported": 77673000.0,
        "Diluted Average Shares": 37573000.0,
        "Basic Average Shares": 37480000.0,
        "Diluted EPS": 1.58,
        "Basic EPS": 1.58,
        "Diluted NI Availto Com Stockholders": 59226000.0,
        "Net Income Common Stockholders": 59226000.0,
        "Net Income": 59226000.0,
        "Net Income Including Noncontrolling Interests": 59226000.0,
        "Net Income Continuous Operations": 59226000.0,
        "Tax Provision": 20202000.0,
        "Pretax Income": 79428000.0,
        "Other Income Expense": -3233000.0,
        "Other Non Operating Income Expenses": -1553000.0,
        "Earnings From Equity Interest": 66000.0,
        "Net Non Operating Interest Income Expense": 4988000.0,
        "Interest Expense Non Operating": 52000.0,
        "Interest Income Non Operating": NaN,
        "Operating Income": 77673000.0,
        "Operating Expense": 56121000.0,
        "Other Operating Expenses": 4614000.0,
        "Depreciation Amortization Depletion Income Statement": 15730000.0,
        "Depreciation And Amortization In Income Statement": 15730000.0,
        "Selling General And Administration": 35777000.0,
        "Selling And Marketing Expense": 3442000.0,
        "General And Administrative Expense": 32335000.0,
        "Other Gand A": 28682000.0,
        "Rent And Landing Fees": 3653000.0,
        "Gross Profit": 133794000.0,
        "Cost Of Revenue": 44108000.0,
        "Total Revenue": 177902000.0,
        "Operating Revenue": 177662000.0
    },
    "2022-09-30": {
        "Tax Effect Of Unusual Items": NaN,
        "Tax Rate For Calcs": NaN,
        "Normalized EBITDA": NaN,
        "Total Unusual Items": 1433000.0,
        "Total Unusual Items Excluding Goodwill": 1433000.0,
        "Net Income From Continuing Operation Net Minority Interest": NaN,
        "Reconciled Depreciation": NaN,
        "Reconciled Cost Of Revenue": NaN,
        "EBITDA": NaN,
        "EBIT": NaN,
        "Net Interest Income": NaN,
        "Interest Expense": NaN,
        "Interest Income": NaN,
        "Normalized Income": NaN,
        "Net Income From Continuing And Discontinued Operation": NaN,
        "Total Expenses": NaN,
        "Rent Expense Supplemental": NaN,
        "Total Operating Income As Reported": NaN,
        "Diluted Average Shares": NaN,
        "Basic Average Shares": NaN,
        "Diluted EPS": NaN,
        "Basic EPS": NaN,
        "Diluted NI Availto Com Stockholders": NaN,
        "Net Income Common Stockholders": NaN,
        "Net Income": NaN,
        "Net Income Including Noncontrolling Interests": NaN,
        "Net Income Continuous Operations": NaN,
        "Tax Provision": NaN,
        "Pretax Income": NaN,
        "Other Income Expense": NaN,
        "Other Non Operating Income Expenses": NaN,
        "Earnings From Equity Interest": NaN,
        "Gain On Sale Of Security": 1433000.0,
        "Net Non Operating Interest Income Expense": NaN,
        "Interest Expense Non Operating": NaN,
        "Interest Income Non Operating": NaN,
        "Operating Income": NaN,
        "Operating Expense": NaN,
        "Other Operating Expenses": NaN,
        "Depreciation Amortization Depletion Income Statement": NaN,
        "Depreciation And Amortization In Income Statement": NaN,
        "Selling General And Administration": NaN,
        "Selling And Marketing Expense": NaN,
        "General And Administrative Expense": NaN,
        "Other Gand A": NaN,
        "Rent And Landing Fees": NaN,
        "Gross Profit": NaN,
        "Cost Of Revenue": NaN,
        "Total Revenue": NaN,
        "Operating Revenue": NaN
    },
    "2022-06-30": {
        "Tax Effect Of Unusual Items": 64262.0,
        "Tax Rate For Calcs": 0.253,
        "Normalized EBITDA": 104901000.0,
        "Total Unusual Items": 254000.0,
        "Total Unusual Items Excluding Goodwill": 254000.0,
        "Net Income From Continuing Operation Net Minority Interest": 66922000.0,
        "Reconciled Depreciation": 15240000.0,
        "Reconciled Cost Of Revenue": 45435000.0,
        "EBITDA": 105155000.0,
        "EBIT": 89915000.0,
        "Net Interest Income": -337000.0,
        "Interest Expense": 337000.0,
        "Interest Income": NaN,
        "Normalized Income": 66732262.0,
        "Net Income From Continuing And Discontinued Operation": 66922000.0,
        "Total Expenses": 97441000.0,
        "Rent Expense Supplemental": 3700000.0,
        "Total Operating Income As Reported": 84788000.0,
        "Diluted Average Shares": 37608000.0,
        "Basic Average Shares": 37529000.0,
        "Diluted EPS": 1.78,
        "Basic EPS": 1.78,
        "Diluted NI Availto Com Stockholders": 66922000.0,
        "Net Income Common Stockholders": 66922000.0,
        "Net Income": 66922000.0,
        "Net Income Including Noncontrolling Interests": 66922000.0,
        "Net Income Continuous Operations": 66922000.0,
        "Tax Provision": 22656000.0,
        "Pretax Income": 89578000.0,
        "Other Income Expense": 5127000.0,
        "Other Non Operating Income Expenses": 4682000.0,
        "Earnings From Equity Interest": 191000.0,
        "Gain On Sale Of Security": 254000.0,
        "Net Non Operating Interest Income Expense": -337000.0,
        "Interest Expense Non Operating": 337000.0,
        "Interest Income Non Operating": NaN,
        "Operating Income": 84788000.0,
        "Operating Expense": 52006000.0,
        "Other Operating Expenses": 4263000.0,
        "Depreciation Amortization Depletion Income Statement": 15240000.0,
        "Depreciation And Amortization In Income Statement": 15240000.0,
        "Selling General And Administration": 32503000.0,
        "Selling And Marketing Expense": 2949000.0,
        "General And Administrative Expense": 29554000.0,
        "Other Gand A": 25854000.0,
        "Rent And Landing Fees": 3700000.0,
        "Gross Profit": 136794000.0,
        "Cost Of Revenue": 45435000.0,
        "Total Revenue": 182229000.0,
        "Operating Revenue": 182003000.0
    },
    "2022-03-31": {
        "Diluted EPS": 1.71,
        "Total Revenue": 186,
        "Gross Profit": 186,
        "Operating Income": 88,
        "EBIT": 105,
        "Net Income": 65
    },
    "2021-12-31": {
        "Diluted EPS": 1.37,
        "Total Revenue": 165,
        "Gross Profit": 165,
        "Operating Income": 73,
        "EBIT": 89,
        "Net Income": 52
    },
    "2021-09-30": {
        "Diluted EPS": 1.52,
        "Total Revenue": 162,
        "Gross Profit": 162,
        "Operating Income": 74,
        "EBIT": 90,
        "Net Income": 58
    },
    "2021-06-30": {
        "Diluted EPS": 1.77,
        "Total Revenue": 176,
        "Gross Profit": 176,
        "Operating Income": 87,
        "EBIT": 102,
        "Net Income": 67
    },
    "2021-03-31": {
        "Diluted EPS": 2.11,
        "Total Revenue": 195,
        "Gross Profit": 195,
        "Operating Income": 103,
        "EBIT": 117,
        "Net Income": 80
    },
    "2020-12-31": {
        "Diluted EPS": 1.91,
        "Total Revenue": 171,
        "Gross Profit": 171,
        "Operating Income": 92,
        "EBIT": 104,
        "Net Income": 73
    },
    "2020-09-30": {
        "Diluted EPS": 1.78,
        "Total Revenue": 164,
        "Gross Profit": 164,
        "Operating Income": 88,
        "EBIT": 99,
        "Net Income": 68
    },
    "2020-06-30": {
        "Diluted EPS": 2.2,
        "Total Revenue": 185,
        "Gross Profit": 185,
        "Operating Income": 104,
        "EBIT": 114,
        "Net Income": 84
    },
    "2020-03-31": {
        "Diluted EPS": 1.96,
        "Total Revenue": 169,
        "Gross Profit": 169,
        "Operating Income": 91,
        "EBIT": 101,
        "Net Income": 75
    },
    "2019-12-31": {
        "Diluted EPS": 1.32,
        "Total Revenue": 130,
        "Gross Profit": 130,
        "Operating Income": 61,
        "EBIT": 70,
        "Net Income": 50
    },
    "2019-09-30": {
        "Diluted EPS": 1.42,
        "Total Revenue": 132,
        "Gross Profit": 132,
        "Operating Income": 66,
        "EBIT": 74,
        "Net Income": 54
    },
    "2019-06-30": {
        "Diluted EPS": 1.27,
        "Total Revenue": 125,
        "Gross Profit": 125,
        "Operating Income": 61,
        "EBIT": 69,
        "Net Income": 48
    },
    "2019-03-31": {
        "Diluted EPS": 1.39,
        "Total Revenue": 124,
        "Gross Profit": 124,
        "Operating Income": 63,
        "EBIT": 71,
        "Net Income": 53
    },
    "2018-12-31": {
        "Diluted EPS": 1.21,
        "Total Revenue": 112,
        "Gross Profit": 112,
        "Operating Income": 54,
        "EBIT": 60,
        "Net Income": 46
    },
    "2018-09-30": {
        "Diluted EPS": 1.02,
        "Total Revenue": 101,
        "Gross Profit": 101,
        "Operating Income": 46,
        "EBIT": 53,
        "Net Income": 39
    },
    "2018-06-30": {
        "Diluted EPS": 1.07,
        "Total Revenue": 107,
        "Gross Profit": 107,
        "Operating Income": 52,
        "EBIT": 58,
        "Net Income": 40
    },
    "2018-03-31": {
        "Diluted EPS": 1.27,
        "Total Revenue": 115,
        "Gross Profit": 115,
        "Operating Income": 60,
        "EBIT": 65,
        "Net Income": 48
    },
    "2017-12-31": {
        "Diluted EPS": 0.88,
        "Total Revenue": 99,
        "Gross Profit": 99,
        "Operating Income": 49,
        "EBIT": 54,
        "Net Income": 33
    },
    "2017-09-30": {
        "Diluted EPS": 0.9,
        "Total Revenue": 96,
        "Gross Profit": 96,
        "Operating Income": 47,
        "EBIT": 51,
        "Net Income": 34
    },
    "2017-06-30": {
        "Diluted EPS": 1.0,
        "Total Revenue": 96,
        "Gross Profit": 96,
        "Operating Income": 49,
        "EBIT": 54,
        "Net Income": 38
    },
    "2017-03-31": {
        "Diluted EPS": 1.11,
        "Total Revenue": 103,
        "Gross Profit": 103,
        "Operating Income": 55,
        "EBIT": 60,
        "Net Income": 42
    },
    "2016-12-31": {
        "Diluted EPS": 0.87,
        "Total Revenue": 92,
        "Gross Profit": 92,
        "Operating Income": 49,
        "EBIT": 53,
        "Net Income": 33
    },
    "2016-09-30": {
        "Diluted EPS": 0.82,
        "Total Revenue": 90,
        "Gross Profit": 90,
        "Operating Income": 46,
        "EBIT": 51,
        "Net Income": 31
    },
    "2016-06-30": {
        "Diluted EPS": 0.88,
        "Total Revenue": 97,
        "Gross Profit": 97,
        "Operating Income": 51,
        "EBIT": 55,
        "Net Income": 33
    },
    "2016-03-31": {
        "Diluted EPS": 0.77,
        "Total Revenue": 89,
        "Gross Profit": 89,
        "Operating Income": 44,
        "EBIT": 49,
        "Net Income": 29
    },
    "2015-12-31": {
        "Diluted EPS": 0.66,
        "Total Revenue": 77,
        "Gross Profit": 77,
        "Operating Income": 37,
        "EBIT": 42,
        "Net Income": 24
    },
    "2015-09-30": {
        "Diluted EPS": 0.6,
        "Total Revenue": 74,
        "Gross Profit": 74,
        "Operating Income": 35,
        "EBIT": 40,
        "Net Income": 23
    },
    "2015-06-30": {
        "Diluted EPS": 0.64,
        "Total Revenue": 75,
        "Gross Profit": 75,
        "Operating Income": 37,
        "EBIT": 42,
        "Net Income": 24
    },
    "2015-03-31": {
        "Diluted EPS": 0.65,
        "Total Revenue": 77,
        "Gross Profit": 77,
        "Operating Income": 39,
        "EBIT": 43,
        "Net Income": 25
    },
    "2014-12-31": {
        "Diluted EPS": 0.57,
        "Total Revenue": 70,
        "Gross Profit": 70,
        "Operating Income": 33,
        "EBIT": 38,
        "Net Income": 22
    },
    "2014-09-30": {
        "Diluted EPS": 0.46,
        "Total Revenue": 64,
        "Gross Profit": 64,
        "Operating Income": 28,
        "EBIT": 33,
        "Net Income": 18
    },
    "2014-06-30": {
        "Diluted EPS": 0.48,
        "Total Revenue": 65,
        "Gross Profit": 65,
        "Operating Income": 29,
        "EBIT": 33,
        "Net Income": 18
    },
    "2014-03-31": {
        "Diluted EPS": 0.46,
        "Total Revenue": 63,
        "Gross Profit": 63,
        "Operating Income": 28,
        "EBIT": 32,
        "Net Income": 17
    },
    "2013-12-31": {
        "Diluted EPS": 0.61,
        "Total Revenue": 60,
        "Gross Profit": 60,
        "Operating Income": 25,
        "EBIT": 29,
        "Net Income": 23
    },
    "2013-09-30": {
        "Diluted EPS": 0.48,
        "Total Revenue": 61,
        "Gross Profit": 61,
        "Operating Income": 26,
        "EBIT": 30,
        "Net Income": 18
    },
    "2013-06-30": {
        "Diluted EPS": 0.51,
        "Total Revenue": 64,
        "Gross Profit": 64,
        "Operating Income": 31,
        "EBIT": 35,
        "Net Income": 19
    },
    "2013-03-31": {
        "Diluted EPS": 0.41,
        "Total Revenue": 54,
        "Gross Profit": 54,
        "Operating Income": 25,
        "EBIT": 27,
        "Net Income": 15
    },
    "2012-12-31": {
        "Diluted EPS": 0.54,
        "Total Revenue": 45,
        "Gross Profit": 45,
        "Operating Income": 24,
        "EBIT": 26,
        "Net Income": 20
    },
    "2012-09-30": {
        "Diluted EPS": 0.36,
        "Total Revenue": 46,
        "Gross Profit": 46,
        "Operating Income": 22,
        "EBIT": 24,
        "Net Income": 13
    },
    "2012-06-30": {
        "Diluted EPS": 0.34,
        "Total Revenue": 49,
        "Gross Profit": 49,
        "Operating Income": 21,
        "EBIT": 23,
        "Net Income": 13
    },
    "2012-03-31": {
        "Diluted EPS": 0.35,
        "Total Revenue": 51,
        "Gross Profit": 51,
        "Operating Income": 23,
        "EBIT": 25,
        "Net Income": 13
    },
    "2011-12-31": {
        "Diluted EPS": 0.29,
        "Total Revenue": 36,
        "Gross Profit": 36,
        "Operating Income": 22,
        "EBIT": 23,
        "Net Income": 12
    },
    "2011-09-30": {
        "Diluted EPS": 0.34,
        "Total Revenue": 47,
        "Gross Profit": 47,
        "Operating Income": 22,
        "EBIT": 24,
        "Net Income": 13
    },
    "2011-06-30": {
        "Diluted EPS": 0.3,
        "Total Revenue": 46,
        "Gross Profit": 46,
        "Operating Income": 20,
        "EBIT": 22,
        "Net Income": 12
    },
    "2011-03-31": {
        "Diluted EPS": 0.27,
        "Total Revenue": 44,
        "Gross Profit": 44,
        "Operating Income": 18,
        "EBIT": 19,
        "Net Income": 11
    },
    "2010-12-31": {
        "Diluted EPS": 0.23,
        "Total Revenue": 39,
        "Gross Profit": 39,
        "Operating Income": 14,
        "EBIT": 16,
        "Net Income": 8
    },
    "2010-09-30": {
        "Diluted EPS": 0.22,
        "Total Revenue": 37,
        "Gross Profit": 37,
        "Operating Income": 14,
        "EBIT": 15,
        "Net Income": 8
    },
    "2010-06-30": {
        "Diluted EPS": 0.18,
        "Total Revenue": 35,
        "Gross Profit": 35,
        "Operating Income": 12,
        "EBIT": 13,
        "Net Income": 6
    },
    "2010-03-31": {
        "Diluted EPS": 0.17,
        "Total Revenue": 35,
        "Gross Profit": 35,
        "Operating Income": 11,
        "EBIT": 13,
        "Net Income": 6
    },
    "2009-12-31": {
        "Diluted EPS": 0.14,
        "Total Revenue": 34,
        "Gross Profit": 34,
        "Operating Income": 11,
        "EBIT": 13,
        "Net Income": 6
    },
    "2009-09-30": {
        "Diluted EPS": 0.12,
        "Total Revenue": 30,
        "Gross Profit": 30,
        "Operating Income": 9,
        "EBIT": 10,
        "Net Income": 4
    },
    "2009-06-30": {
        "Diluted EPS": 0.08,
        "Total Revenue": 26,
        "Gross Profit": 26,
        "Operating Income": 6,
        "EBIT": 7,
        "Net Income": 3
    },
    "2009-03-31": {
        "Diluted EPS": 0.08,
        "Total Revenue": 25,
        "Gross Profit": 25,
        "Operating Income": 5,
        "EBIT": 7,
        "Net Income": 3
    },
    "2023-09-30": {
        "Tax Effect Of Unusual Items": NaN,
        "Tax Rate For Calcs": NaN,
        "Normalized EBITDA": NaN,
        "Net Income From Continuing Operation Net Minority Interest": NaN,
        "Reconciled Depreciation": NaN,
        "Reconciled Cost Of Revenue": NaN,
        "EBITDA": NaN,
        "EBIT": NaN,
        "Net Interest Income": NaN,
        "Interest Expense": NaN,
        "Interest Income": NaN,
        "Normalized Income": NaN,
        "Net Income From Continuing And Discontinued Operation": NaN,
        "Total Expenses": NaN,
        "Rent Expense Supplemental": NaN,
        "Total Operating Income As Reported": NaN,
        "Diluted Average Shares": 37574000.0,
        "Basic Average Shares": 37491000.0,
        "Diluted EPS": 1.46,
        "Basic EPS": 1.47,
        "Diluted NI Availto Com Stockholders": NaN,
        "Net Income Common Stockholders": NaN,
        "Net Income": NaN,
        "Net Income Including Noncontrolling Interests": NaN,
        "Net Income Continuous Operations": NaN,
        "Tax Provision": NaN,
        "Pretax Income": NaN,
        "Other Income Expense": NaN,
        "Other Non Operating Income Expenses": NaN,
        "Earnings From Equity Interest": NaN,
        "Net Non Operating Interest Income Expense": NaN,
        "Interest Expense Non Operating": NaN,
        "Interest Income Non Operating": NaN,
        "Operating Income": NaN,
        "Operating Expense": NaN,
        "Other Operating Expenses": NaN,
        "Depreciation Amortization Depletion Income Statement": NaN,
        "Depreciation And Amortization In Income Statement": NaN,
        "Selling General And Administration": NaN,
        "Selling And Marketing Expense": NaN,
        "General And Administrative Expense": NaN,
        "Other Gand A": NaN,
        "Rent And Landing Fees": NaN,
        "Gross Profit": NaN,
        "Cost Of Revenue": NaN,
        "Total Revenue": NaN,
        "Operating Revenue": NaN
    },
    "2023-12-31": {
        "Tax Effect Of Unusual Items": NaN,
        "Tax Rate For Calcs": NaN,
        "Normalized EBITDA": NaN,
        "Net Income From Continuing Operation Net Minority Interest": NaN,
        "Reconciled Depreciation": NaN,
        "Reconciled Cost Of Revenue": NaN,
        "EBITDA": NaN,
        "EBIT": NaN,
        "Net Interest Income": NaN,
        "Interest Expense": NaN,
        "Interest Income": NaN,
        "Normalized Income": NaN,
        "Net Income From Continuing And Discontinued Operation": NaN,
        "Total Expenses": NaN,
        "Rent Expense Supplemental": NaN,
        "Total Operating Income As Reported": NaN,
        "Diluted Average Shares": NaN,
        "Basic Average Shares": NaN,
        "Diluted EPS": NaN,
        "Basic EPS": NaN,
        "Diluted NI Availto Com Stockholders": NaN,
        "Net Income Common Stockholders": NaN,
        "Net Income": NaN,
        "Net Income Including Noncontrolling Interests": NaN,
        "Net Income Continuous Operations": NaN,
        "Tax Provision": NaN,
        "Pretax Income": NaN,
        "Other Income Expense": NaN,
        "Other Non Operating Income Expenses": NaN,
        "Earnings From Equity Interest": NaN,
        "Net Non Operating Interest Income Expense": NaN,
        "Interest Expense Non Operating": NaN,
        "Interest Income Non Operating": NaN,
        "Operating Income": NaN,
        "Operating Expense": NaN,
        "Other Operating Expenses": 17228000.0,
        "Depreciation Amortization Depletion Income Statement": NaN,
        "Depreciation And Amortization In Income Statement": NaN,
        "Selling General And Administration": NaN,
        "Selling And Marketing Expense": NaN,
        "General And Administrative Expense": NaN,
        "Other Gand A": NaN,
        "Rent And Landing Fees": NaN,
        "Gross Profit": NaN,
        "Cost Of Revenue": NaN,
        "Total Revenue": NaN,
        "Operating Revenue": NaN
    },
    "2024-03-31": {
        "Tax Effect Of Unusual Items": NaN,
        "Tax Rate For Calcs": NaN,
        "Normalized EBITDA": NaN,
        "Net Income From Continuing Operation Net Minority Interest": NaN,
        "Reconciled Depreciation": NaN,
        "Reconciled Cost Of Revenue": NaN,
        "EBITDA": NaN,
        "EBIT": NaN,
        "Net Interest Income": NaN,
        "Interest Expense": NaN,
        "Interest Income": NaN,
        "Normalized Income": NaN,
        "Net Income From Continuing And Discontinued Operation": NaN,
        "Total Expenses": NaN,
        "Rent Expense Supplemental": NaN,
        "Total Operating Income As Reported": NaN,
        "Diluted Average Shares": NaN,
        "Basic Average Shares": NaN,
        "Diluted EPS": NaN,
        "Basic EPS": NaN,
        "Diluted NI Availto Com Stockholders": NaN,
        "Net Income Common Stockholders": NaN,
        "Net Income": NaN,
        "Minority Interests": NaN,
        "Net Income Including Noncontrolling Interests": NaN,
        "Net Income Continuous Operations": NaN,
        "Tax Provision": NaN,
        "Pretax Income": NaN,
        "Other Income Expense": NaN,
        "Other Non Operating Income Expenses": NaN,
        "Earnings From Equity Interest": NaN,
        "Net Non Operating Interest Income Expense": NaN,
        "Interest Expense Non Operating": NaN,
        "Interest Income Non Operating": NaN,
        "Operating Income": NaN,
        "Operating Expense": NaN,
        "Other Operating Expenses": 17051000.0,
        "Depreciation Amortization Depletion Income Statement": NaN,
        "Depreciation And Amortization In Income Statement": NaN,
        "Selling General And Administration": NaN,
        "Selling And Marketing Expense": NaN,
        "General And Administrative Expense": NaN,
        "Other Gand A": NaN,
        "Rent And Landing Fees": NaN,
        "Gross Profit": NaN,
        "Cost Of Revenue": NaN,
        "Total Revenue": NaN,
        "Operating Revenue": NaN
    },
    "2024-06-30": {
        "Tax Effect Of Unusual Items": NaN,
        "Tax Rate For Calcs": NaN,
        "Normalized EBITDA": NaN,
        "Net Income From Continuing Operation Net Minority Interest": NaN,
        "Reconciled Depreciation": NaN,
        "Reconciled Cost Of Revenue": NaN,
        "EBITDA": NaN,
        "EBIT": NaN,
        "Net Interest Income": NaN,
        "Interest Expense": NaN,
        "Interest Income": NaN,
        "Normalized Income": NaN,
        "Net Income From Continuing And Discontinued Operation": NaN,
        "Total Expenses": NaN,
        "Rent Expense Supplemental": NaN,
        "Total Operating Income As Reported": NaN,
        "Diluted Average Shares": NaN,
        "Basic Average Shares": NaN,
        "Diluted EPS": NaN,
        "Basic EPS": NaN,
        "Diluted NI Availto Com Stockholders": NaN,
        "Net Income Common Stockholders": NaN,
        "Net Income": NaN,
        "Minority Interests": NaN,
        "Net Income Including Noncontrolling Interests": NaN,
        "Net Income Continuous Operations": NaN,
        "Tax Provision": NaN,
        "Pretax Income": NaN,
        "Other Income Expense": NaN,
        "Other Non Operating Income Expenses": NaN,
        "Earnings From Equity Interest": NaN,
        "Net Non Operating Interest Income Expense": NaN,
        "Interest Expense Non Operating": NaN,
        "Interest Income Non Operating": NaN,
        "Operating Income": NaN,
        "Operating Expense": NaN,
        "Other Operating Expenses": 17771000.0,
        "Depreciation Amortization Depletion Income Statement": NaN,
        "Depreciation And Amortization In Income Statement": NaN,
        "Selling General And Administration": NaN,
        "Selling And Marketing Expense": NaN,
        "General And Administrative Expense": NaN,
        "Other Gand A": NaN,
        "Rent And Landing Fees": NaN,
        "Gross Profit": NaN,
        "Cost Of Revenue": NaN,
        "Total Revenue": NaN,
        "Operating Revenue": NaN
    },
    "2024-09-30": {
        "Tax Effect Of Unusual Items": 0.0,
        "Tax Rate For Calcs": 0.230449,
        "Normalized EBITDA": 113758000.0,
        "Net Income From Continuing Operation Net Minority Interest": 71489000.0,
        "Reconciled Depreciation": 20515000.0,
        "Reconciled Cost Of Revenue": 79584000.0,
        "EBITDA": 113758000.0,
        "EBIT": 93243000.0,
        "Net Interest Income": 6607000.0,
        "Interest Expense": 346000.0,
        "Interest Income": 6953000.0,
        "Normalized Income": 71489000.0,
        "Net Income From Continuing And Discontinued Operation": 71489000.0,
        "Total Expenses": 119660000.0,
        "Rent Expense Supplemental": 3835000.0,
        "Total Operating Income As Reported": 87055000.0,
        "Diluted Average Shares": 37608000.0,
        "Basic Average Shares": 37527000.0,
        "Diluted EPS": 1.9,
        "Basic EPS": 1.9,
        "Diluted NI Availto Com Stockholders": 71489000.0,
        "Net Income Common Stockholders": 71489000.0,
        "Net Income": 71489000.0,
        "Minority Interests": 0.0,
        "Net Income Including Noncontrolling Interests": 71489000.0,
        "Net Income Continuous Operations": 71489000.0,
        "Tax Provision": 21408000.0,
        "Pretax Income": 92897000.0,
        "Other Income Expense": -765000.0,
        "Other Non Operating Income Expenses": -1105000.0,
        "Earnings From Equity Interest": 340000.0,
        "Net Non Operating Interest Income Expense": 6607000.0,
        "Interest Expense Non Operating": 346000.0,
        "Interest Income Non Operating": 6953000.0,
        "Operating Income": 87055000.0,
        "Operating Expense": 38289000.0,
        "Other Operating Expenses": 18553000.0,
        "Depreciation Amortization Depletion Income Statement": 18728000.0,
        "Depreciation And Amortization In Income Statement": 18728000.0,
        "Selling General And Administration": 19561000.0,
        "Selling And Marketing Expense": 2898000.0,
        "General And Administrative Expense": 16663000.0,
        "Other Gand A": 12828000.0,
        "Rent And Landing Fees": 3835000.0,
        "Gross Profit": 125344000.0,
        "Cost Of Revenue": 81371000.0,
        "Total Revenue": 206715000.0,
        "Operating Revenue": 206715000.0
    },
    "2024-12-31": {
        "Tax Effect Of Unusual Items": 0.0,
        "Tax Rate For Calcs": 0.22999,
        "Normalized EBITDA": 105067000.0,
        "Net Income From Continuing Operation Net Minority Interest": 65139000.0,
        "Reconciled Depreciation": 20154000.0,
        "Reconciled Cost Of Revenue": 81015000.0,
        "EBITDA": 105067000.0,
        "EBIT": 84913000.0,
        "Net Interest Income": 6401000.0,
        "Interest Expense": 318000.0,
        "Interest Income": 6719000.0,
        "Normalized Income": 65139000.0,
        "Net Income From Continuing And Discontinued Operation": 65139000.0,
        "Total Expenses": 122428000.0,
        "Rent Expense Supplemental": 3716000.0,
        "Total Operating Income As Reported": 79976000.0,
        "Diluted Average Shares": 37601000.0,
        "Basic Average Shares": 37479000.0,
        "Diluted EPS": 1.73,
        "Basic EPS": 1.74,
        "Diluted NI Availto Com Stockholders": 65139000.0,
        "Net Income Common Stockholders": 65139000.0,
        "Net Income": 65139000.0,
        "Minority Interests": NaN,
        "Net Income Including Noncontrolling Interests": 65139000.0,
        "Net Income Continuous Operations": 65139000.0,
        "Tax Provision": 19456000.0,
        "Pretax Income": 84595000.0,
        "Other Income Expense": -1782000.0,
        "Other Non Operating Income Expenses": -2113000.0,
        "Earnings From Equity Interest": 331000.0,
        "Net Non Operating Interest Income Expense": 6401000.0,
        "Interest Expense Non Operating": 318000.0,
        "Interest Income Non Operating": 6719000.0,
        "Operating Income": 79976000.0,
        "Operating Expense": 39799000.0,
        "Other Operating Expenses": 18791000.0,
        "Depreciation Amortization Depletion Income Statement": 18540000.0,
        "Depreciation And Amortization In Income Statement": 18540000.0,
        "Selling General And Administration": 21259000.0,
        "Selling And Marketing Expense": 3972000.0,
        "General And Administrative Expense": 17287000.0,
        "Other Gand A": 13571000.0,
        "Rent And Landing Fees": 3716000.0,
        "Gross Profit": 119775000.0,
        "Cost Of Revenue": 82629000.0,
        "Total Revenue": 202404000.0,
        "Operating Revenue": 202404000.0
    },
    "2025-03-31": {
        "Tax Effect Of Unusual Items": 0.0,
        "Tax Rate For Calcs": 0.21,
        "Normalized EBITDA": 116366000.0,
        "Net Income From Continuing Operation Net Minority Interest": 15065000.0,
        "Reconciled Depreciation": 19999000.0,
        "Reconciled Cost Of Revenue": 82386000.0,
        "EBITDA": 116366000.0,
        "EBIT": 96367000.0,
        "Net Interest Income": 6956000.0,
        "Interest Expense": 213000.0,
        "Interest Income": 7169000.0,
        "Normalized Income": 15065000.0,
        "Net Income From Continuing And Discontinued Operation": 15065000.0,
        "Total Expenses": 120194000.0,
        "Rent Expense Supplemental": 3622000.0,
        "Total Operating Income As Reported": 88382000.0,
        "Diluted Average Shares": 37456000.0,
        "Basic Average Shares": 37388000.0,
        "Diluted EPS": 0.4,
        "Basic EPS": 0.4,
        "Diluted NI Availto Com Stockholders": 15065000.0,
        "Net Income Common Stockholders": 15065000.0,
        "Net Income": 15065000.0,
        "Minority Interests": NaN,
        "Net Income Including Noncontrolling Interests": 15065000.0,
        "Net Income Continuous Operations": 15065000.0,
        "Tax Provision": 81089000.0,
        "Pretax Income": 96154000.0,
        "Other Income Expense": 816000.0,
        "Other Non Operating Income Expenses": 527000.0,
        "Earnings From Equity Interest": 289000.0,
        "Net Non Operating Interest Income Expense": 6956000.0,
        "Interest Expense Non Operating": 213000.0,
        "Interest Income Non Operating": 7169000.0,
        "Operating Income": 88382000.0,
        "Operating Expense": 36045000.0,
        "Other Operating Expenses": NaN,
        "Depreciation Amortization Depletion Income Statement": 18236000.0,
        "Depreciation And Amortization In Income Statement": 18236000.0,
        "Selling General And Administration": 17809000.0,
        "Selling And Marketing Expense": 2061000.0,
        "General And Administrative Expense": 15748000.0,
        "Other Gand A": 12126000.0,
        "Rent And Landing Fees": 3622000.0,
        "Gross Profit": 124427000.0,
        "Cost Of Revenue": 84149000.0,
        "Total Revenue": 208576000.0,
        "Operating Revenue": 208576000.0
    },
    "2025-06-30": {
        "Tax Effect Of Unusual Items": 0.0,
        "Tax Rate For Calcs": 0.269319,
        "Normalized EBITDA": 118613000.0,
        "Net Income From Continuing Operation Net Minority Interest": 71180000.0,
        "Reconciled Depreciation": 21058000.0,
        "Reconciled Cost Of Revenue": 87242000.0,
        "EBITDA": 118613000.0,
        "EBIT": 97555000.0,
        "Net Interest Income": 5791000.0,
        "Interest Expense": 139000.0,
        "Interest Income": 5930000.0,
        "Normalized Income": 71180000.0,
        "Net Income From Continuing And Discontinued Operation": 71180000.0,
        "Total Expenses": 127598000.0,
        "Rent Expense Supplemental": 3753000.0,
        "Total Operating Income As Reported": 91864000.0,
        "Diluted Average Shares": 37298000.0,
        "Basic Average Shares": 37210000.0,
        "Diluted EPS": 1.91,
        "Basic EPS": 1.91,
        "Diluted NI Availto Com Stockholders": 71180000.0,
        "Net Income Common Stockholders": 71180000.0,
        "Net Income": 71180000.0,
        "Minority Interests": NaN,
        "Net Income Including Noncontrolling Interests": 71180000.0,
        "Net Income Continuous Operations": 71180000.0,
        "Tax Provision": 26236000.0,
        "Pretax Income": 97416000.0,
        "Other Income Expense": -239000.0,
        "Other Non Operating Income Expenses": -407000.0,
        "Earnings From Equity Interest": 168000.0,
        "Net Non Operating Interest Income Expense": 5791000.0,
        "Interest Expense Non Operating": 139000.0,
        "Interest Income Non Operating": 5930000.0,
        "Operating Income": 91864000.0,
        "Operating Expense": 38493000.0,
        "Other Operating Expenses": NaN,
        "Depreciation Amortization Depletion Income Statement": 19195000.0,
        "Depreciation And Amortization In Income Statement": 19195000.0,
        "Selling General And Administration": 19298000.0,
        "Selling And Marketing Expense": 2952000.0,
        "General And Administrative Expense": 16346000.0,
        "Other Gand A": 12593000.0,
        "Rent And Landing Fees": 3753000.0,
        "Gross Profit": 130357000.0,
        "Cost Of Revenue": 89105000.0,
        "Total Revenue": 219462000.0,
        "Operating Revenue": 219462000.0
    },
    "2025-09-30": {
        "Tax Effect Of Unusual Items": 0.0,
        "Tax Rate For Calcs": 0.270891,
        "Normalized EBITDA": 115390000.0,
        "Net Income From Continuing Operation Net Minority Interest": 68176000.0,
        "Reconciled Depreciation": 21580000.0,
        "Reconciled Cost Of Revenue": 81973000.0,
        "EBITDA": 115390000.0,
        "EBIT": 93810000.0,
        "Net Interest Income": 5679000.0,
        "Interest Expense": 171000.0,
        "Interest Income": 5850000.0,
        "Normalized Income": 68176000.0,
        "Net Income From Continuing And Discontinued Operation": 68176000.0,
        "Total Expenses": 123242000.0,
        "Rent Expense Supplemental": 3859000.0,
        "Total Operating Income As Reported": 85579000.0,
        "Diluted Average Shares": 37109000.0,
        "Basic Average Shares": 37023000.0,
        "Diluted EPS": 1.84,
        "Basic EPS": 1.84,
        "Diluted NI Availto Com Stockholders": 68176000.0,
        "Net Income Common Stockholders": 68176000.0,
        "Net Income": 68176000.0,
        "Minority Interests": -97000.0,
        "Net Income Including Noncontrolling Interests": 68273000.0,
        "Net Income Continuous Operations": 68273000.0,
        "Tax Provision": 25366000.0,
        "Pretax Income": 93639000.0,
        "Other Income Expense": 2381000.0,
        "Other Non Operating Income Expenses": 2381000.0,
        "Earnings From Equity Interest": 0.0,
        "Net Non Operating Interest Income Expense": 5679000.0,
        "Interest Expense Non Operating": 171000.0,
        "Interest Income Non Operating": 5850000.0,
        "Operating Income": 85579000.0,
        "Operating Expense": 39351000.0,
        "Other Operating Expenses": NaN,
        "Depreciation Amortization Depletion Income Statement": 19662000.0,
        "Depreciation And Amortization In Income Statement": 19662000.0,
        "Selling General And Administration": 19689000.0,
        "Selling And Marketing Expense": 2349000.0,
        "General And Administrative Expense": 17340000.0,
        "Other Gand A": 13481000.0,
        "Rent And Landing Fees": 3859000.0,
        "Gross Profit": 124930000.0,
        "Cost Of Revenue": 83891000.0,
        "Total Revenue": 208821000.0,
        "Operating Revenue": 208821000.0
    }
}