{
    "2023-03-31": {
        "Tax Effect Of Unusual Items": 0.0,
        "Tax Rate For Calcs": 0.21,
        "Normalized EBITDA": 10158000.0,
        "Net Income From Continuing Operation Net Minority Interest": 611000.0,
        "Reconciled Depreciation": 9055000.0,
        "Reconciled Cost Of Revenue": 22390000.0,
        "EBITDA": 10158000.0,
        "EBIT": 1103000.0,
        "Net Interest Income": -1380000.0,
        "Interest Expense": 1380000.0,
        "Normalized Income": 611000.0,
        "Net Income From Continuing And Discontinued Operation": 611000.0,
        "Total Expenses": 55074000.0,
        "Total Operating Income As Reported": 517000.0,
        "Diluted Average Shares": 5381000.0,
        "Basic Average Shares": 5349000.0,
        "Diluted EPS": 0.11,
        "Basic EPS": 0.11,
        "Diluted NI Availto Com Stockholders": 611000.0,
        "Net Income Common Stockholders": 611000.0,
        "Net Income": 611000.0,
        "Net Income Including Noncontrolling Interests": 611000.0,
        "Net Income Continuous Operations": 611000.0,
        "Tax Provision": -888000.0,
        "Pretax Income": -277000.0,
        "Other Income Expense": 586000.0,
        "Other Non Operating Income Expenses": 586000.0,
        "Net Non Operating Interest Income Expense": -1380000.0,
        "Interest Expense Non Operating": 1380000.0,
        "Operating Income": 517000.0,
        "Operating Expense": 32684000.0,
        "Research And Development": 5004000.0,
        "Selling General And Administration": 27680000.0,
        "Selling And Marketing Expense": 9779000.0,
        "General And Administrative Expense": 17901000.0,
        "Other Gand A": 17901000.0,
        "Gross Profit": 33201000.0,
        "Cost Of Revenue": 22390000.0,
        "Total Revenue": 55591000.0,
        "Operating Revenue": 55591000.0
    },
    "2022-12-31": {
        "Tax Effect Of Unusual Items": 0.0,
        "Tax Rate For Calcs": 0.21,
        "Normalized EBITDA": 11658000.0,
        "Net Income From Continuing Operation Net Minority Interest": 451000.0,
        "Reconciled Depreciation": 8580000.0,
        "Reconciled Cost Of Revenue": 21522000.0,
        "EBITDA": 11658000.0,
        "EBIT": 3078000.0,
        "Net Interest Income": -1162000.0,
        "Interest Expense": 1162000.0,
        "Normalized Income": 451000.0,
        "Net Income From Continuing And Discontinued Operation": 451000.0,
        "Total Expenses": 50885000.0,
        "Total Operating Income As Reported": 3402000.0,
        "Diluted Average Shares": 5360000.0,
        "Basic Average Shares": 5339000.0,
        "Diluted EPS": 0.08,
        "Basic EPS": 0.08,
        "Diluted NI Availto Com Stockholders": 451000.0,
        "Net Income Common Stockholders": 451000.0,
        "Net Income": 451000.0,
        "Net Income Including Noncontrolling Interests": 451000.0,
        "Net Income Continuous Operations": 451000.0,
        "Tax Provision": 1465000.0,
        "Pretax Income": 1916000.0,
        "Other Income Expense": -324000.0,
        "Other Non Operating Income Expenses": -324000.0,
        "Net Non Operating Interest Income Expense": -1162000.0,
        "Interest Expense Non Operating": 1162000.0,
        "Operating Income": 3402000.0,
        "Operating Expense": 29363000.0,
        "Research And Development": 4797000.0,
        "Selling General And Administration": 24566000.0,
        "Selling And Marketing Expense": 8437000.0,
        "General And Administrative Expense": 16129000.0,
        "Other Gand A": 16129000.0,
        "Gross Profit": 32765000.0,
        "Cost Of Revenue": 21522000.0,
        "Total Revenue": 54287000.0,
        "Operating Revenue": 54287000.0
    },
    "2022-09-30": {
        "Tax Effect Of Unusual Items": 0.0,
        "Tax Rate For Calcs": 0.4,
        "Normalized EBITDA": 12653000.0,
        "Net Income From Continuing Operation Net Minority Interest": 1306000.0,
        "Reconciled Depreciation": 8055000.0,
        "Reconciled Cost Of Revenue": 22363000.0,
        "EBITDA": 12653000.0,
        "EBIT": 4598000.0,
        "Net Interest Income": -1214000.0,
        "Interest Expense": 1214000.0,
        "Normalized Income": 1306000.0,
        "Net Income From Continuing And Discontinued Operation": 1306000.0,
        "Total Expenses": 54754000.0,
        "Total Operating Income As Reported": 3995000.0,
        "Diluted Average Shares": 5364000.0,
        "Basic Average Shares": 5323000.0,
        "Diluted EPS": 0.24,
        "Basic EPS": 0.25,
        "Diluted NI Availto Com Stockholders": 1306000.0,
        "Net Income Common Stockholders": 1306000.0,
        "Net Income": 1306000.0,
        "Net Income Including Noncontrolling Interests": 1306000.0,
        "Net Income Continuous Operations": 1306000.0,
        "Tax Provision": 2078000.0,
        "Pretax Income": 3384000.0,
        "Other Income Expense": 603000.0,
        "Other Non Operating Income Expenses": 603000.0,
        "Net Non Operating Interest Income Expense": -1214000.0,
        "Interest Expense Non Operating": 1214000.0,
        "Operating Income": 3995000.0,
        "Operating Expense": 32391000.0,
        "Research And Development": 4989000.0,
        "Selling General And Administration": 27402000.0,
        "Selling And Marketing Expense": 9200000.0,
        "General And Administrative Expense": 18202000.0,
        "Other Gand A": 18202000.0,
        "Gross Profit": 36386000.0,
        "Cost Of Revenue": 22363000.0,
        "Total Revenue": 58749000.0,
        "Operating Revenue": 58749000.0
    },
    "2022-06-30": {
        "Tax Effect Of Unusual Items": 0.0,
        "Tax Rate For Calcs": 0.4,
        "Normalized EBITDA": 3736000.0,
        "Net Income From Continuing Operation Net Minority Interest": -1438000.0,
        "Reconciled Depreciation": 8134000.0,
        "Reconciled Cost Of Revenue": 19112000.0,
        "EBITDA": 3736000.0,
        "EBIT": -4398000.0,
        "Net Interest Income": -1014000.0,
        "Interest Expense": 1014000.0,
        "Normalized Income": -1438000.0,
        "Net Income From Continuing And Discontinued Operation": -1438000.0,
        "Total Expenses": 55047000.0,
        "Total Operating Income As Reported": -4594000.0,
        "Diluted Average Shares": 5273000.0,
        "Basic Average Shares": 5273000.0,
        "Diluted EPS": -0.27,
        "Basic EPS": -0.27,
        "Diluted NI Availto Com Stockholders": -1438000.0,
        "Net Income Common Stockholders": -1438000.0,
        "Net Income": -1438000.0,
        "Net Income Including Noncontrolling Interests": -1438000.0,
        "Net Income Continuous Operations": -1438000.0,
        "Tax Provision": -3974000.0,
        "Pretax Income": -5412000.0,
        "Other Income Expense": 196000.0,
        "Other Non Operating Income Expenses": 196000.0,
        "Net Non Operating Interest Income Expense": -1014000.0,
        "Interest Expense Non Operating": 1014000.0,
        "Operating Income": -4594000.0,
        "Operating Expense": 35935000.0,
        "Research And Development": 5700000.0,
        "Selling General And Administration": 30235000.0,
        "Selling And Marketing Expense": 10023000.0,
        "General And Administrative Expense": 20212000.0,
        "Other Gand A": 20212000.0,
        "Gross Profit": 31341000.0,
        "Cost Of Revenue": 19112000.0,
        "Total Revenue": 50453000.0,
        "Operating Revenue": 50453000.0
    },
    "2023-06-30": {
        "Tax Effect Of Unusual Items": NaN,
        "Tax Rate For Calcs": NaN,
        "Normalized EBITDA": NaN,
        "Total Unusual Items": 0.0,
        "Total Unusual Items Excluding Goodwill": 0.0,
        "Net Income From Continuing Operation Net Minority Interest": NaN,
        "Reconciled Depreciation": NaN,
        "Reconciled Cost Of Revenue": NaN,
        "EBITDA": NaN,
        "EBIT": NaN,
        "Net Interest Income": NaN,
        "Interest Expense": NaN,
        "Normalized Income": NaN,
        "Net Income From Continuing And Discontinued Operation": NaN,
        "Total Expenses": NaN,
        "Total Operating Income As Reported": NaN,
        "Diluted Average Shares": NaN,
        "Basic Average Shares": NaN,
        "Diluted EPS": NaN,
        "Basic EPS": NaN,
        "Diluted NI Availto Com Stockholders": NaN,
        "Net Income Common Stockholders": NaN,
        "Net Income": NaN,
        "Net Income Including Noncontrolling Interests": NaN,
        "Net Income Continuous Operations": NaN,
        "Tax Provision": NaN,
        "Pretax Income": NaN,
        "Other Income Expense": NaN,
        "Other Non Operating Income Expenses": NaN,
        "Special Income Charges": 0.0,
        "Other Special Charges": NaN,
        "Net Non Operating Interest Income Expense": NaN,
        "Interest Expense Non Operating": NaN,
        "Operating Income": NaN,
        "Operating Expense": NaN,
        "Research And Development": NaN,
        "Selling General And Administration": NaN,
        "Selling And Marketing Expense": NaN,
        "General And Administrative Expense": NaN,
        "Other Gand A": NaN,
        "Gross Profit": NaN,
        "Cost Of Revenue": NaN,
        "Total Revenue": NaN,
        "Operating Revenue": NaN
    },
    "2022-03-31": {
        "Diluted EPS": -0.34,
        "Total Revenue": 59,
        "Gross Profit": 35,
        "Operating Income": 0,
        "EBIT": 11,
        "Net Income": -2
    },
    "2021-12-31": {
        "Diluted EPS": -0.39,
        "Total Revenue": 55,
        "Gross Profit": 29,
        "Operating Income": -3,
        "EBIT": 10,
        "Net Income": -2
    },
    "2021-09-30": {
        "Diluted EPS": 0.7,
        "Total Revenue": 36,
        "Gross Profit": 23,
        "Operating Income": 4,
        "EBIT": 9,
        "Net Income": 4
    },
    "2021-06-30": {
        "Diluted EPS": 0.38,
        "Total Revenue": 35,
        "Gross Profit": 22,
        "Operating Income": 3,
        "EBIT": 8,
        "Net Income": 2
    },
    "2021-03-31": {
        "Diluted EPS": 0.76,
        "Total Revenue": 38,
        "Gross Profit": 25,
        "Operating Income": 4,
        "EBIT": 9,
        "Net Income": 4
    },
    "2020-12-31": {
        "Diluted EPS": -0.89,
        "Total Revenue": 34,
        "Gross Profit": 21,
        "Operating Income": 0,
        "EBIT": 4,
        "Net Income": -5
    },
    "2020-09-30": {
        "Diluted EPS": 0.51,
        "Total Revenue": 32,
        "Gross Profit": 21,
        "Operating Income": 4,
        "EBIT": 8,
        "Net Income": 3
    },
    "2020-06-30": {
        "Diluted EPS": 0.26,
        "Total Revenue": 30,
        "Gross Profit": 20,
        "Operating Income": 4,
        "EBIT": 9,
        "Net Income": 1
    },
    "2020-03-31": {
        "Diluted EPS": -0.42,
        "Total Revenue": 34,
        "Gross Profit": 19,
        "Operating Income": 1,
        "EBIT": 10,
        "Net Income": -1
    },
    "2019-12-31": {
        "Diluted EPS": -1.03,
        "Total Revenue": 32,
        "Gross Profit": 15,
        "Operating Income": -3,
        "EBIT": 5,
        "Net Income": -5
    },
    "2019-09-30": {
        "Diluted EPS": 0.73,
        "Total Revenue": 26,
        "Gross Profit": 16,
        "Operating Income": 5,
        "EBIT": 7,
        "Net Income": 3
    },
    "2019-06-30": {
        "Diluted EPS": 1.13,
        "Total Revenue": 26,
        "Gross Profit": 16,
        "Operating Income": 5,
        "EBIT": 8,
        "Net Income": 5
    },
    "2019-03-31": {
        "Diluted EPS": 0.34,
        "Total Revenue": 26,
        "Gross Profit": 16,
        "Operating Income": 3,
        "EBIT": 6,
        "Net Income": 1
    },
    "2018-12-31": {
        "Diluted EPS": 0.21,
        "Total Revenue": 27,
        "Gross Profit": 16,
        "Operating Income": 1,
        "EBIT": 7,
        "Net Income": 1
    },
    "2018-09-30": {
        "Diluted EPS": 0.25,
        "Total Revenue": 25,
        "Gross Profit": 15,
        "Operating Income": 1,
        "EBIT": 4,
        "Net Income": 1
    },
    "2018-06-30": {
        "Diluted EPS": 1.06,
        "Total Revenue": 25,
        "Gross Profit": 15,
        "Operating Income": 5,
        "EBIT": 7,
        "Net Income": 4
    },
    "2018-03-31": {
        "Diluted EPS": 1.15,
        "Total Revenue": 27,
        "Gross Profit": 16,
        "Operating Income": 7,
        "EBIT": 9,
        "Net Income": 4
    },
    "2017-12-31": {
        "Diluted EPS": -2.93,
        "Total Revenue": 24,
        "Gross Profit": 13,
        "Operating Income": -10,
        "EBIT": 6,
        "Net Income": -11
    },
    "2017-09-30": {
        "Diluted EPS": 0.6,
        "Total Revenue": 23,
        "Gross Profit": 13,
        "Operating Income": 4,
        "EBIT": 6,
        "Net Income": 2
    },
    "2017-06-30": {
        "Diluted EPS": 0.39,
        "Total Revenue": 23,
        "Gross Profit": 13,
        "Operating Income": 2,
        "EBIT": 4,
        "Net Income": 2
    },
    "2017-03-31": {
        "Diluted EPS": 0.94,
        "Total Revenue": 24,
        "Gross Profit": 14,
        "Operating Income": 5,
        "EBIT": 7,
        "Net Income": 4
    },
    "2016-12-31": {
        "Diluted EPS": 0.84,
        "Total Revenue": 24,
        "Gross Profit": 14,
        "Operating Income": 4,
        "EBIT": 7,
        "Net Income": 3
    },
    "2016-09-30": {
        "Diluted EPS": 0.62,
        "Total Revenue": 24,
        "Gross Profit": 14,
        "Operating Income": 4,
        "EBIT": 6,
        "Net Income": 2
    },
    "2016-06-30": {
        "Diluted EPS": 0.51,
        "Total Revenue": 21,
        "Gross Profit": 12,
        "Operating Income": 3,
        "EBIT": 5,
        "Net Income": 2
    },
    "2016-03-31": {
        "Diluted EPS": 1.06,
        "Total Revenue": 25,
        "Gross Profit": 15,
        "Operating Income": 6,
        "EBIT": 8,
        "Net Income": 4
    },
    "2015-12-31": {
        "Diluted EPS": 0.69,
        "Total Revenue": 20,
        "Gross Profit": 12,
        "Operating Income": 4,
        "EBIT": 6,
        "Net Income": 3
    },
    "2015-09-30": {
        "Diluted EPS": 0.48,
        "Total Revenue": 22,
        "Gross Profit": 13,
        "Operating Income": 3,
        "EBIT": 5,
        "Net Income": 2
    },
    "2015-06-30": {
        "Diluted EPS": 0.74,
        "Total Revenue": 18,
        "Gross Profit": 11,
        "Operating Income": 4,
        "EBIT": 5,
        "Net Income": 3
    },
    "2015-03-31": {
        "Diluted EPS": 0.62,
        "Total Revenue": 19,
        "Gross Profit": 12,
        "Operating Income": 4,
        "EBIT": 6,
        "Net Income": 2
    },
    "2014-12-31": {
        "Diluted EPS": 0.66,
        "Total Revenue": 18,
        "Gross Profit": 11,
        "Operating Income": 4,
        "EBIT": 5,
        "Net Income": 2
    },
    "2014-09-30": {
        "Diluted EPS": 0.84,
        "Total Revenue": 19,
        "Gross Profit": 11,
        "Operating Income": 5,
        "EBIT": 6,
        "Net Income": 3
    },
    "2014-06-30": {
        "Diluted EPS": 0.51,
        "Total Revenue": 16,
        "Gross Profit": 10,
        "Operating Income": 3,
        "EBIT": 4,
        "Net Income": 2
    },
    "2014-03-31": {
        "Diluted EPS": 0.95,
        "Total Revenue": 16,
        "Gross Profit": 10,
        "Operating Income": 3,
        "EBIT": 5,
        "Net Income": 3
    },
    "2013-12-31": {
        "Diluted EPS": 0.48,
        "Total Revenue": 13,
        "Gross Profit": 8,
        "Operating Income": 3,
        "EBIT": 4,
        "Net Income": 2
    },
    "2013-09-30": {
        "Diluted EPS": 0.54,
        "Total Revenue": 13,
        "Gross Profit": 8,
        "Operating Income": 3,
        "EBIT": 3,
        "Net Income": 2
    },
    "2013-06-30": {
        "Diluted EPS": 0.52,
        "Total Revenue": 11,
        "Gross Profit": 7,
        "Operating Income": 3,
        "EBIT": 4,
        "Net Income": 2
    },
    "2013-03-31": {
        "Diluted EPS": 0.68,
        "Total Revenue": 13,
        "Gross Profit": 8,
        "Operating Income": 4,
        "EBIT": 5,
        "Net Income": 3
    },
    "2012-12-31": {
        "Diluted EPS": 0.44,
        "Total Revenue": 11,
        "Gross Profit": 7,
        "Operating Income": 2,
        "EBIT": 3,
        "Net Income": 2
    },
    "2012-09-30": {
        "Diluted EPS": 0.64,
        "Total Revenue": 12,
        "Gross Profit": 7,
        "Operating Income": 3,
        "EBIT": 4,
        "Net Income": 2
    },
    "2012-06-30": {
        "Diluted EPS": 0.59,
        "Total Revenue": 11,
        "Gross Profit": 6,
        "Operating Income": 3,
        "EBIT": 4,
        "Net Income": 2
    },
    "2012-03-31": {
        "Diluted EPS": 0.64,
        "Total Revenue": 11,
        "Gross Profit": 6,
        "Operating Income": 3,
        "EBIT": 4,
        "Net Income": 2
    },
    "2011-12-31": {
        "Diluted EPS": 0.57,
        "Total Revenue": 10,
        "Gross Profit": 6,
        "Operating Income": 3,
        "EBIT": 4,
        "Net Income": 2
    },
    "2011-09-30": {
        "Diluted EPS": 0.59,
        "Total Revenue": 10,
        "Gross Profit": 6,
        "Operating Income": 3,
        "EBIT": 4,
        "Net Income": 2
    },
    "2011-06-30": {
        "Diluted EPS": 0.49,
        "Total Revenue": 9,
        "Gross Profit": 5,
        "Operating Income": 3,
        "EBIT": 3,
        "Net Income": 2
    },
    "2011-03-31": {
        "Diluted EPS": 0.66,
        "Total Revenue": 11,
        "Gross Profit": 6,
        "Operating Income": 3,
        "EBIT": 4,
        "Net Income": 2
    },
    "2010-12-31": {
        "Diluted EPS": 0.37,
        "Total Revenue": 8,
        "Gross Profit": 4,
        "Operating Income": 2,
        "EBIT": 2,
        "Net Income": 1
    },
    "2010-09-30": {
        "Diluted EPS": 0.43,
        "Total Revenue": 8,
        "Gross Profit": 5,
        "Operating Income": 2,
        "EBIT": 3,
        "Net Income": 1
    },
    "2010-06-30": {
        "Diluted EPS": 0.4,
        "Total Revenue": 7,
        "Gross Profit": 4,
        "Operating Income": 2,
        "EBIT": 3,
        "Net Income": 1
    },
    "2010-03-31": {
        "Diluted EPS": 0.41,
        "Total Revenue": 6,
        "Gross Profit": 4,
        "Operating Income": 2,
        "EBIT": 2,
        "Net Income": 1
    },
    "2009-12-31": {
        "Diluted EPS": 0.35,
        "Total Revenue": 5,
        "Gross Profit": 3,
        "Operating Income": 2,
        "EBIT": 2,
        "Net Income": 1
    },
    "2009-09-30": {
        "Diluted EPS": 0.38,
        "Total Revenue": 5,
        "Gross Profit": 3,
        "Operating Income": 2,
        "EBIT": 2,
        "Net Income": 1
    },
    "2009-06-30": {
        "Diluted EPS": 0.31,
        "Total Revenue": 5,
        "Gross Profit": 3,
        "Operating Income": 2,
        "EBIT": 2,
        "Net Income": 1
    },
    "2009-03-31": {
        "Diluted EPS": 0.37,
        "Total Revenue": 5,
        "Gross Profit": 4,
        "Operating Income": 2,
        "EBIT": 2,
        "Net Income": 1
    },
    "2023-09-30": {
        "Tax Effect Of Unusual Items": NaN,
        "Tax Rate For Calcs": NaN,
        "Normalized EBITDA": NaN,
        "Total Unusual Items": 0.0,
        "Total Unusual Items Excluding Goodwill": 0.0,
        "Net Income From Continuing Operation Net Minority Interest": NaN,
        "Reconciled Depreciation": NaN,
        "Reconciled Cost Of Revenue": NaN,
        "EBITDA": NaN,
        "EBIT": NaN,
        "Net Interest Income": NaN,
        "Interest Expense": NaN,
        "Normalized Income": NaN,
        "Net Income From Continuing And Discontinued Operation": NaN,
        "Total Expenses": NaN,
        "Total Operating Income As Reported": NaN,
        "Diluted Average Shares": NaN,
        "Basic Average Shares": NaN,
        "Diluted EPS": NaN,
        "Basic EPS": NaN,
        "Diluted NI Availto Com Stockholders": NaN,
        "Net Income Common Stockholders": NaN,
        "Net Income": NaN,
        "Net Income Including Noncontrolling Interests": NaN,
        "Net Income Continuous Operations": NaN,
        "Tax Provision": NaN,
        "Pretax Income": NaN,
        "Other Income Expense": NaN,
        "Other Non Operating Income Expenses": NaN,
        "Special Income Charges": NaN,
        "Other Special Charges": NaN,
        "Net Non Operating Interest Income Expense": NaN,
        "Interest Expense Non Operating": NaN,
        "Operating Income": NaN,
        "Operating Expense": NaN,
        "Research And Development": NaN,
        "Selling General And Administration": NaN,
        "Selling And Marketing Expense": NaN,
        "General And Administrative Expense": NaN,
        "Other Gand A": NaN,
        "Gross Profit": NaN,
        "Cost Of Revenue": NaN,
        "Total Revenue": NaN,
        "Operating Revenue": NaN
    },
    "2023-12-31": {
        "Tax Effect Of Unusual Items": NaN,
        "Tax Rate For Calcs": NaN,
        "Normalized EBITDA": NaN,
        "Total Unusual Items": 0.0,
        "Total Unusual Items Excluding Goodwill": 0.0,
        "Net Income From Continuing Operation Net Minority Interest": NaN,
        "Reconciled Depreciation": NaN,
        "Reconciled Cost Of Revenue": NaN,
        "EBITDA": NaN,
        "EBIT": NaN,
        "Net Interest Income": NaN,
        "Interest Expense": NaN,
        "Normalized Income": NaN,
        "Net Income From Continuing And Discontinued Operation": NaN,
        "Total Expenses": NaN,
        "Total Operating Income As Reported": NaN,
        "Diluted Average Shares": 5396000.0,
        "Basic Average Shares": 5393000.0,
        "Diluted EPS": 0.39,
        "Basic EPS": 0.39,
        "Diluted NI Availto Com Stockholders": NaN,
        "Net Income Common Stockholders": NaN,
        "Net Income": NaN,
        "Net Income Including Noncontrolling Interests": NaN,
        "Net Income Continuous Operations": NaN,
        "Tax Provision": NaN,
        "Pretax Income": NaN,
        "Other Income Expense": NaN,
        "Other Non Operating Income Expenses": NaN,
        "Special Income Charges": 0.0,
        "Other Special Charges": NaN,
        "Net Non Operating Interest Income Expense": NaN,
        "Interest Expense Non Operating": NaN,
        "Operating Income": NaN,
        "Operating Expense": NaN,
        "Research And Development": NaN,
        "Selling General And Administration": NaN,
        "Selling And Marketing Expense": NaN,
        "General And Administrative Expense": NaN,
        "Other Gand A": NaN,
        "Gross Profit": NaN,
        "Cost Of Revenue": NaN,
        "Total Revenue": NaN,
        "Operating Revenue": NaN
    },
    "2024-03-31": {
        "Tax Effect Of Unusual Items": NaN,
        "Tax Rate For Calcs": NaN,
        "Normalized EBITDA": NaN,
        "Total Unusual Items": NaN,
        "Total Unusual Items Excluding Goodwill": NaN,
        "Net Income From Continuing Operation Net Minority Interest": NaN,
        "Reconciled Depreciation": NaN,
        "Reconciled Cost Of Revenue": NaN,
        "EBITDA": NaN,
        "EBIT": NaN,
        "Net Interest Income": NaN,
        "Interest Expense": NaN,
        "Normalized Income": NaN,
        "Net Income From Continuing And Discontinued Operation": NaN,
        "Total Expenses": NaN,
        "Total Operating Income As Reported": NaN,
        "Diluted Average Shares": 5394000.0,
        "Basic Average Shares": 5394000.0,
        "Diluted EPS": -47.2,
        "Basic EPS": -47.2,
        "Diluted NI Availto Com Stockholders": NaN,
        "Net Income Common Stockholders": NaN,
        "Net Income": NaN,
        "Net Income Including Noncontrolling Interests": NaN,
        "Net Income Continuous Operations": NaN,
        "Tax Provision": NaN,
        "Pretax Income": NaN,
        "Other Income Expense": NaN,
        "Other Non Operating Income Expenses": NaN,
        "Special Income Charges": NaN,
        "Other Special Charges": NaN,
        "Net Non Operating Interest Income Expense": NaN,
        "Interest Expense Non Operating": NaN,
        "Operating Income": NaN,
        "Operating Expense": NaN,
        "Research And Development": NaN,
        "Selling General And Administration": NaN,
        "Selling And Marketing Expense": NaN,
        "General And Administrative Expense": NaN,
        "Other Gand A": NaN,
        "Gross Profit": NaN,
        "Cost Of Revenue": NaN,
        "Total Revenue": NaN,
        "Operating Revenue": NaN
    },
    "2024-06-30": {
        "Tax Effect Of Unusual Items": 382222.535211,
        "Tax Rate For Calcs": 0.132394,
        "Normalized EBITDA": 9325000.0,
        "Total Unusual Items": 2887000.0,
        "Total Unusual Items Excluding Goodwill": 2887000.0,
        "Net Income From Continuing Operation Net Minority Interest": 3388000.0,
        "Reconciled Depreciation": 5465000.0,
        "Reconciled Cost Of Revenue": 20921000.0,
        "EBITDA": 12212000.0,
        "EBIT": 6747000.0,
        "Net Interest Income": -2842000.0,
        "Interest Expense": 2842000.0,
        "Normalized Income": 883222.535211,
        "Net Income From Continuing And Discontinued Operation": 3388000.0,
        "Total Expenses": 52590000.0,
        "Total Operating Income As Reported": 5580000.0,
        "Diluted Average Shares": 5424000.0,
        "Basic Average Shares": 5397000.0,
        "Diluted EPS": 0.62,
        "Basic EPS": 0.63,
        "Diluted NI Availto Com Stockholders": 3388000.0,
        "Net Income Common Stockholders": 3388000.0,
        "Net Income": 3388000.0,
        "Net Income Including Noncontrolling Interests": 3388000.0,
        "Net Income Continuous Operations": 3388000.0,
        "Tax Provision": 517000.0,
        "Pretax Income": 3905000.0,
        "Other Income Expense": 1167000.0,
        "Other Non Operating Income Expenses": -1720000.0,
        "Special Income Charges": 2887000.0,
        "Other Special Charges": -2887000.0,
        "Net Non Operating Interest Income Expense": -2842000.0,
        "Interest Expense Non Operating": 2842000.0,
        "Operating Income": 5580000.0,
        "Operating Expense": 31669000.0,
        "Research And Development": 4735000.0,
        "Selling General And Administration": 26934000.0,
        "Selling And Marketing Expense": 10116000.0,
        "General And Administrative Expense": 16818000.0,
        "Other Gand A": 16818000.0,
        "Gross Profit": 37249000.0,
        "Cost Of Revenue": 20921000.0,
        "Total Revenue": 58170000.0,
        "Operating Revenue": 58170000.0
    },
    "2024-09-30": {
        "Tax Effect Of Unusual Items": 0.0,
        "Tax Rate For Calcs": 0.101,
        "Normalized EBITDA": 12898000.0,
        "Total Unusual Items": 0.0,
        "Total Unusual Items Excluding Goodwill": 0.0,
        "Net Income From Continuing Operation Net Minority Interest": 3428000.0,
        "Reconciled Depreciation": 6068000.0,
        "Reconciled Cost Of Revenue": 22378000.0,
        "EBITDA": 12898000.0,
        "EBIT": 6830000.0,
        "Net Interest Income": -3018000.0,
        "Interest Expense": 3018000.0,
        "Normalized Income": 3428000.0,
        "Net Income From Continuing And Discontinued Operation": 3428000.0,
        "Total Expenses": 54325000.0,
        "Total Operating Income As Reported": 3508000.0,
        "Diluted Average Shares": 5471000.0,
        "Basic Average Shares": 5413000.0,
        "Diluted EPS": 0.63,
        "Basic EPS": 0.63,
        "Diluted NI Availto Com Stockholders": 3428000.0,
        "Net Income Common Stockholders": 3428000.0,
        "Net Income": 3428000.0,
        "Net Income Including Noncontrolling Interests": 3428000.0,
        "Net Income Continuous Operations": 3428000.0,
        "Tax Provision": 384000.0,
        "Pretax Income": 3812000.0,
        "Other Income Expense": 3322000.0,
        "Other Non Operating Income Expenses": 3322000.0,
        "Special Income Charges": 0.0,
        "Other Special Charges": NaN,
        "Net Non Operating Interest Income Expense": -3018000.0,
        "Interest Expense Non Operating": 3018000.0,
        "Operating Income": 3508000.0,
        "Operating Expense": 31947000.0,
        "Research And Development": 4634000.0,
        "Selling General And Administration": 27313000.0,
        "Selling And Marketing Expense": 9849000.0,
        "General And Administrative Expense": 17464000.0,
        "Other Gand A": 17464000.0,
        "Gross Profit": 35455000.0,
        "Cost Of Revenue": 22378000.0,
        "Total Revenue": 57833000.0,
        "Operating Revenue": 57833000.0
    },
    "2024-12-31": {
        "Tax Effect Of Unusual Items": 0.0,
        "Tax Rate For Calcs": 0.244,
        "Normalized EBITDA": 6122000.0,
        "Total Unusual Items": 0.0,
        "Total Unusual Items Excluding Goodwill": 0.0,
        "Net Income From Continuing Operation Net Minority Interest": -1676000.0,
        "Reconciled Depreciation": 5497000.0,
        "Reconciled Cost Of Revenue": 23086000.0,
        "EBITDA": 6122000.0,
        "EBIT": 625000.0,
        "Net Interest Income": -2842000.0,
        "Interest Expense": 2842000.0,
        "Normalized Income": -1676000.0,
        "Net Income From Continuing And Discontinued Operation": -1676000.0,
        "Total Expenses": 57061000.0,
        "Total Operating Income As Reported": 5779000.0,
        "Diluted Average Shares": 5429000.0,
        "Basic Average Shares": 5429000.0,
        "Diluted EPS": -0.31,
        "Basic EPS": -0.31,
        "Diluted NI Availto Com Stockholders": -1676000.0,
        "Net Income Common Stockholders": -1676000.0,
        "Net Income": -1676000.0,
        "Net Income Including Noncontrolling Interests": -1676000.0,
        "Net Income Continuous Operations": -1676000.0,
        "Tax Provision": -541000.0,
        "Pretax Income": -2217000.0,
        "Other Income Expense": -5154000.0,
        "Other Non Operating Income Expenses": -5154000.0,
        "Special Income Charges": 0.0,
        "Other Special Charges": NaN,
        "Net Non Operating Interest Income Expense": -2842000.0,
        "Interest Expense Non Operating": 2842000.0,
        "Operating Income": 5779000.0,
        "Operating Expense": 33975000.0,
        "Research And Development": 5053000.0,
        "Selling General And Administration": 28922000.0,
        "Selling And Marketing Expense": 10450000.0,
        "General And Administrative Expense": 18472000.0,
        "Other Gand A": 18472000.0,
        "Gross Profit": 39754000.0,
        "Cost Of Revenue": 23086000.0,
        "Total Revenue": 62840000.0,
        "Operating Revenue": 62840000.0
    },
    "2025-03-31": {
        "Tax Effect Of Unusual Items": 0.0,
        "Tax Rate For Calcs": 0.21,
        "Normalized EBITDA": 10477000.0,
        "Total Unusual Items": 0.0,
        "Total Unusual Items Excluding Goodwill": 0.0,
        "Net Income From Continuing Operation Net Minority Interest": -7114000.0,
        "Reconciled Depreciation": 7497000.0,
        "Reconciled Cost Of Revenue": 23723000.0,
        "EBITDA": 10477000.0,
        "EBIT": 2980000.0,
        "Net Interest Income": -2519000.0,
        "Interest Expense": 2519000.0,
        "Normalized Income": -7114000.0,
        "Net Income From Continuing And Discontinued Operation": -7114000.0,
        "Total Expenses": 60666000.0,
        "Total Operating Income As Reported": 1469000.0,
        "Diluted Average Shares": NaN,
        "Basic Average Shares": NaN,
        "Diluted EPS": NaN,
        "Basic EPS": NaN,
        "Diluted NI Availto Com Stockholders": -7114000.0,
        "Net Income Common Stockholders": -7114000.0,
        "Net Income": -7114000.0,
        "Net Income Including Noncontrolling Interests": -7114000.0,
        "Net Income Continuous Operations": -7114000.0,
        "Tax Provision": 7575000.0,
        "Pretax Income": 461000.0,
        "Other Income Expense": 1511000.0,
        "Other Non Operating Income Expenses": 1511000.0,
        "Special Income Charges": 0.0,
        "Other Special Charges": 0.0,
        "Net Non Operating Interest Income Expense": -2519000.0,
        "Interest Expense Non Operating": 2519000.0,
        "Operating Income": 1469000.0,
        "Operating Expense": 36943000.0,
        "Research And Development": 5096000.0,
        "Selling General And Administration": 31847000.0,
        "Selling And Marketing Expense": 11268000.0,
        "General And Administrative Expense": 20579000.0,
        "Other Gand A": 20579000.0,
        "Gross Profit": 38412000.0,
        "Cost Of Revenue": 23723000.0,
        "Total Revenue": 62135000.0,
        "Operating Revenue": 62135000.0
    },
    "2025-06-30": {
        "Tax Effect Of Unusual Items": 0.0,
        "Tax Rate For Calcs": 0.323731,
        "Normalized EBITDA": 15167000.0,
        "Total Unusual Items": 0.0,
        "Total Unusual Items Excluding Goodwill": 0.0,
        "Net Income From Continuing Operation Net Minority Interest": 4742000.0,
        "Reconciled Depreciation": 5957000.0,
        "Reconciled Cost Of Revenue": 22604000.0,
        "EBITDA": 15167000.0,
        "EBIT": 9210000.0,
        "Net Interest Income": -2198000.0,
        "Interest Expense": 2198000.0,
        "Normalized Income": 4742000.0,
        "Net Income From Continuing And Discontinued Operation": 4742000.0,
        "Total Expenses": 56479000.0,
        "Total Operating Income As Reported": 3064000.0,
        "Diluted Average Shares": 5553000.0,
        "Basic Average Shares": 5465000.0,
        "Diluted EPS": 0.85,
        "Basic EPS": 0.87,
        "Diluted NI Availto Com Stockholders": 4742000.0,
        "Net Income Common Stockholders": 4742000.0,
        "Net Income": 4742000.0,
        "Net Income Including Noncontrolling Interests": 4742000.0,
        "Net Income Continuous Operations": 4742000.0,
        "Tax Provision": 2270000.0,
        "Pretax Income": 7012000.0,
        "Other Income Expense": 6146000.0,
        "Other Non Operating Income Expenses": 6146000.0,
        "Special Income Charges": 0.0,
        "Other Special Charges": NaN,
        "Net Non Operating Interest Income Expense": -2198000.0,
        "Interest Expense Non Operating": 2198000.0,
        "Operating Income": 3064000.0,
        "Operating Expense": 33875000.0,
        "Research And Development": 4984000.0,
        "Selling General And Administration": 28891000.0,
        "Selling And Marketing Expense": 10933000.0,
        "General And Administrative Expense": 17958000.0,
        "Other Gand A": 17958000.0,
        "Gross Profit": 36939000.0,
        "Cost Of Revenue": 22604000.0,
        "Total Revenue": 59543000.0,
        "Operating Revenue": 59543000.0
    }
}