{
    "2023-06-30": {
        "Tax Effect Of Unusual Items": NaN,
        "Tax Rate For Calcs": NaN,
        "Normalized EBITDA": NaN,
        "Total Unusual Items": NaN,
        "Total Unusual Items Excluding Goodwill": NaN,
        "Net Income From Continuing Operation Net Minority Interest": NaN,
        "Reconciled Depreciation": NaN,
        "Reconciled Cost Of Revenue": NaN,
        "EBITDA": NaN,
        "EBIT": NaN,
        "Net Interest Income": NaN,
        "Interest Expense": NaN,
        "Normalized Income": NaN,
        "Net Income From Continuing And Discontinued Operation": NaN,
        "Total Expenses": NaN,
        "Total Operating Income As Reported": NaN,
        "Diluted Average Shares": NaN,
        "Basic Average Shares": NaN,
        "Diluted EPS": NaN,
        "Basic EPS": NaN,
        "Diluted NI Availto Com Stockholders": NaN,
        "Net Income Common Stockholders": NaN,
        "Net Income": NaN,
        "Minority Interests": NaN,
        "Net Income Including Noncontrolling Interests": NaN,
        "Net Income Discontinuous Operations": NaN,
        "Net Income Continuous Operations": NaN,
        "Tax Provision": NaN,
        "Pretax Income": NaN,
        "Other Income Expense": NaN,
        "Other Non Operating Income Expenses": NaN,
        "Special Income Charges": NaN,
        "Restructuring And Mergern Acquisition": 400000.0,
        "Net Non Operating Interest Income Expense": NaN,
        "Interest Expense Non Operating": NaN,
        "Operating Income": NaN,
        "Operating Expense": NaN,
        "Other Operating Expenses": NaN,
        "Selling General And Administration": NaN,
        "Gross Profit": NaN,
        "Cost Of Revenue": NaN,
        "Total Revenue": NaN,
        "Operating Revenue": NaN
    },
    "2023-03-31": {
        "Tax Effect Of Unusual Items": NaN,
        "Tax Rate For Calcs": NaN,
        "Normalized EBITDA": NaN,
        "Total Unusual Items": NaN,
        "Total Unusual Items Excluding Goodwill": NaN,
        "Net Income From Continuing Operation Net Minority Interest": NaN,
        "Reconciled Depreciation": NaN,
        "Reconciled Cost Of Revenue": NaN,
        "EBITDA": NaN,
        "EBIT": NaN,
        "Net Interest Income": NaN,
        "Interest Expense": NaN,
        "Normalized Income": NaN,
        "Net Income From Continuing And Discontinued Operation": NaN,
        "Total Expenses": NaN,
        "Total Operating Income As Reported": NaN,
        "Diluted Average Shares": NaN,
        "Basic Average Shares": NaN,
        "Diluted EPS": NaN,
        "Basic EPS": NaN,
        "Diluted NI Availto Com Stockholders": NaN,
        "Net Income Common Stockholders": NaN,
        "Net Income": NaN,
        "Minority Interests": NaN,
        "Net Income Including Noncontrolling Interests": NaN,
        "Net Income Discontinuous Operations": NaN,
        "Net Income Continuous Operations": NaN,
        "Tax Provision": NaN,
        "Pretax Income": NaN,
        "Other Income Expense": NaN,
        "Other Non Operating Income Expenses": NaN,
        "Special Income Charges": NaN,
        "Restructuring And Mergern Acquisition": 1000000.0,
        "Net Non Operating Interest Income Expense": NaN,
        "Interest Expense Non Operating": NaN,
        "Operating Income": NaN,
        "Operating Expense": NaN,
        "Other Operating Expenses": NaN,
        "Selling General And Administration": NaN,
        "Gross Profit": NaN,
        "Cost Of Revenue": NaN,
        "Total Revenue": NaN,
        "Operating Revenue": NaN
    },
    "2022-12-31": {
        "Tax Effect Of Unusual Items": -584549.356223,
        "Tax Rate For Calcs": 0.19485,
        "Normalized EBITDA": 404300000.0,
        "Total Unusual Items": -3000000.0,
        "Total Unusual Items Excluding Goodwill": -3000000.0,
        "Net Income From Continuing Operation Net Minority Interest": 187400000.0,
        "Reconciled Depreciation": 125700000.0,
        "Reconciled Cost Of Revenue": 1122300000.0,
        "EBITDA": 401300000.0,
        "EBIT": 275600000.0,
        "Net Interest Income": -42600000.0,
        "Interest Expense": 42600000.0,
        "Normalized Income": 189815450.643777,
        "Net Income From Continuing And Discontinued Operation": 183600000.0,
        "Total Expenses": 1211200000.0,
        "Total Operating Income As Reported": 262300000.0,
        "Diluted Average Shares": 62300000.0,
        "Basic Average Shares": 62100000.0,
        "Diluted EPS": 2.95,
        "Basic EPS": 2.96,
        "Diluted NI Availto Com Stockholders": 173100000.0,
        "Net Income Common Stockholders": 173100000.0,
        "Net Income": 183600000.0,
        "Minority Interests": -200000.0,
        "Net Income Including Noncontrolling Interests": 183800000.0,
        "Net Income Discontinuous Operations": -3800000.0,
        "Net Income Continuous Operations": 187600000.0,
        "Tax Provision": 45400000.0,
        "Pretax Income": 233000000.0,
        "Other Income Expense": 10300000.0,
        "Other Non Operating Income Expenses": 13300000.0,
        "Special Income Charges": -3000000.0,
        "Restructuring And Mergern Acquisition": 3000000.0,
        "Net Non Operating Interest Income Expense": -42600000.0,
        "Interest Expense Non Operating": 42600000.0,
        "Operating Income": 265300000.0,
        "Operating Expense": 88900000.0,
        "Other Operating Expenses": -11800000.0,
        "Selling General And Administration": 100700000.0,
        "Gross Profit": 354200000.0,
        "Cost Of Revenue": 1122300000.0,
        "Total Revenue": 1476500000.0,
        "Operating Revenue": 1476500000.0
    },
    "2022-09-30": {
        "Tax Effect Of Unusual Items": -384881.209503,
        "Tax Rate For Calcs": 0.213823,
        "Normalized EBITDA": 538700000.0,
        "Total Unusual Items": -1800000.0,
        "Total Unusual Items Excluding Goodwill": -1800000.0,
        "Net Income From Continuing Operation Net Minority Interest": 291200000.0,
        "Reconciled Depreciation": 123700000.0,
        "Reconciled Cost Of Revenue": 1323900000.0,
        "EBITDA": 536900000.0,
        "EBIT": 413200000.0,
        "Net Interest Income": -42800000.0,
        "Interest Expense": 42800000.0,
        "Normalized Income": 292615118.790497,
        "Net Income From Continuing And Discontinued Operation": 295300000.0,
        "Total Expenses": 1404000000.0,
        "Total Operating Income As Reported": 405900000.0,
        "Diluted Average Shares": 62500000.0,
        "Basic Average Shares": 62300000.0,
        "Diluted EPS": 4.73,
        "Basic EPS": 4.74,
        "Diluted NI Availto Com Stockholders": 295300000.0,
        "Net Income Common Stockholders": 295300000.0,
        "Net Income": 295300000.0,
        "Minority Interests": 0.0,
        "Net Income Including Noncontrolling Interests": 295300000.0,
        "Net Income Discontinuous Operations": 4100000.0,
        "Net Income Continuous Operations": 291200000.0,
        "Tax Provision": 79200000.0,
        "Pretax Income": 370400000.0,
        "Other Income Expense": 5500000.0,
        "Other Non Operating Income Expenses": 7300000.0,
        "Special Income Charges": -1800000.0,
        "Restructuring And Mergern Acquisition": 1800000.0,
        "Net Non Operating Interest Income Expense": -42800000.0,
        "Interest Expense Non Operating": 42800000.0,
        "Operating Income": 407700000.0,
        "Operating Expense": 80100000.0,
        "Other Operating Expenses": -14800000.0,
        "Selling General And Administration": 94900000.0,
        "Gross Profit": 487800000.0,
        "Cost Of Revenue": 1323900000.0,
        "Total Revenue": 1811700000.0,
        "Operating Revenue": 1811700000.0
    },
    "2022-06-30": {
        "Tax Effect Of Unusual Items": -661770.491803,
        "Tax Rate For Calcs": 0.228197,
        "Normalized EBITDA": 631900000.0,
        "Total Unusual Items": -2900000.0,
        "Total Unusual Items Excluding Goodwill": -2900000.0,
        "Net Income From Continuing Operation Net Minority Interest": 353200000.0,
        "Reconciled Depreciation": 128400000.0,
        "Reconciled Cost Of Revenue": 1216500000.0,
        "EBITDA": 629000000.0,
        "EBIT": 500600000.0,
        "Net Interest Income": -43100000.0,
        "Interest Expense": 43100000.0,
        "Normalized Income": 355438229.508197,
        "Net Income From Continuing And Discontinued Operation": 366500000.0,
        "Total Expenses": 1160200000.0,
        "Total Operating Income As Reported": 478600000.0,
        "Diluted Average Shares": 62500000.0,
        "Basic Average Shares": 62400000.0,
        "Diluted EPS": 5.86,
        "Basic EPS": 5.87,
        "Diluted NI Availto Com Stockholders": 366500000.0,
        "Net Income Common Stockholders": 366500000.0,
        "Otherunder Preferred Stock Dividend": 0.0,
        "Net Income": 366500000.0,
        "Minority Interests": 100000.0,
        "Net Income Including Noncontrolling Interests": 366400000.0,
        "Net Income Discontinuous Operations": 13300000.0,
        "Net Income Continuous Operations": 353100000.0,
        "Tax Provision": 104400000.0,
        "Pretax Income": 457500000.0,
        "Other Income Expense": 19100000.0,
        "Other Non Operating Income Expenses": 22000000.0,
        "Special Income Charges": -2900000.0,
        "Restructuring And Mergern Acquisition": 2900000.0,
        "Net Non Operating Interest Income Expense": -43100000.0,
        "Interest Expense Non Operating": 43100000.0,
        "Operating Income": 481500000.0,
        "Operating Expense": -56300000.0,
        "Other Operating Expenses": -160400000.0,
        "Selling General And Administration": 104100000.0,
        "Gross Profit": 425200000.0,
        "Cost Of Revenue": 1216500000.0,
        "Total Revenue": 1641700000.0,
        "Operating Revenue": 1641700000.0
    },
    "2022-03-31": {
        "Diluted EPS": 0.34,
        "Total Revenue": NaN,
        "Gross Profit": 156,
        "Operating Income": 60,
        "EBIT": 188,
        "Net Income": 21
    },
    "2021-12-31": {
        "Diluted EPS": 2.5,
        "Total Revenue": NaN,
        "Gross Profit": 347,
        "Operating Income": 210,
        "EBIT": 342,
        "Net Income": 157
    },
    "2021-09-30": {
        "Diluted EPS": 4.07,
        "Total Revenue": NaN,
        "Gross Profit": 442,
        "Operating Income": 357,
        "EBIT": 470,
        "Net Income": 255
    },
    "2021-06-30": {
        "Diluted EPS": 3.61,
        "Total Revenue": NaN,
        "Gross Profit": 385,
        "Operating Income": 308,
        "EBIT": 415,
        "Net Income": 226
    },
    "2021-03-31": {
        "Diluted EPS": 1.04,
        "Total Revenue": 982,
        "Gross Profit": 175,
        "Operating Income": 99,
        "EBIT": 198,
        "Net Income": 65
    },
    "2020-12-31": {
        "Diluted EPS": 2.93,
        "Total Revenue": NaN,
        "Gross Profit": 325,
        "Operating Income": 241,
        "EBIT": 342,
        "Net Income": 183
    },
    "2020-09-30": {
        "Diluted EPS": 4.71,
        "Total Revenue": NaN,
        "Gross Profit": 405,
        "Operating Income": 401,
        "EBIT": 499,
        "Net Income": 294
    },
    "2020-06-30": {
        "Diluted EPS": 3.49,
        "Total Revenue": NaN,
        "Gross Profit": 381,
        "Operating Income": 306,
        "EBIT": 405,
        "Net Income": 218
    },
    "2020-03-31": {
        "Diluted EPS": 0.41,
        "Total Revenue": 958,
        "Gross Profit": 142,
        "Operating Income": 58,
        "EBIT": 153,
        "Net Income": 26
    },
    "2019-12-31": {
        "Diluted EPS": 2.09,
        "Total Revenue": NaN,
        "Gross Profit": 259,
        "Operating Income": 185,
        "EBIT": 279,
        "Net Income": 128
    },
    "2019-09-30": {
        "Diluted EPS": 3.96,
        "Total Revenue": NaN,
        "Gross Profit": 421,
        "Operating Income": 345,
        "EBIT": 440,
        "Net Income": 251
    },
    "2019-06-30": {
        "Diluted EPS": 3.01,
        "Total Revenue": NaN,
        "Gross Profit": 357,
        "Operating Income": 286,
        "EBIT": 379,
        "Net Income": 190
    },
    "2019-03-31": {
        "Diluted EPS": 0.68,
        "Total Revenue": 939,
        "Gross Profit": 143,
        "Operating Income": 69,
        "EBIT": 158,
        "Net Income": 43
    },
    "2018-12-31": {
        "Diluted EPS": 1.5,
        "Total Revenue": NaN,
        "Gross Profit": 227,
        "Operating Income": 147,
        "EBIT": 238,
        "Net Income": 94
    },
    "2018-09-30": {
        "Diluted EPS": 2.85,
        "Total Revenue": NaN,
        "Gross Profit": 313,
        "Operating Income": 241,
        "EBIT": 330,
        "Net Income": 180
    },
    "2018-06-30": {
        "Diluted EPS": 2.92,
        "Total Revenue": NaN,
        "Gross Profit": 316,
        "Operating Income": 264,
        "EBIT": 351,
        "Net Income": 185
    },
    "2018-03-31": {
        "Diluted EPS": 0.16,
        "Total Revenue": 802,
        "Gross Profit": 110,
        "Operating Income": 39,
        "EBIT": 116,
        "Net Income": 10
    },
    "2017-12-31": {
        "Diluted EPS": 5.94,
        "Total Revenue": 970,
        "Gross Profit": 259,
        "Operating Income": 183,
        "EBIT": 259,
        "Net Income": 377
    },
    "2017-09-30": {
        "Diluted EPS": 2.39,
        "Total Revenue": NaN,
        "Gross Profit": 292,
        "Operating Income": 227,
        "EBIT": 302,
        "Net Income": 152
    },
    "2017-06-30": {
        "Diluted EPS": 2.25,
        "Total Revenue": NaN,
        "Gross Profit": 274,
        "Operating Income": 213,
        "EBIT": 289,
        "Net Income": 142
    },
    "2017-03-31": {
        "Diluted EPS": 0.67,
        "Total Revenue": 844,
        "Gross Profit": 147,
        "Operating Income": 77,
        "EBIT": 148,
        "Net Income": 42
    },
    "2016-12-31": {
        "Diluted EPS": 1.55,
        "Total Revenue": 949,
        "Gross Profit": 226,
        "Operating Income": 158,
        "EBIT": 231,
        "Net Income": 99
    },
    "2016-09-30": {
        "Diluted EPS": 2.49,
        "Total Revenue": NaN,
        "Gross Profit": 293,
        "Operating Income": 243,
        "EBIT": 315,
        "Net Income": 159
    },
    "2016-06-30": {
        "Diluted EPS": 1.9,
        "Total Revenue": 977,
        "Gross Profit": 247,
        "Operating Income": 191,
        "EBIT": 262,
        "Net Income": 122
    },
    "2016-03-31": {
        "Diluted EPS": 0.69,
        "Total Revenue": 789,
        "Gross Profit": 145,
        "Operating Income": 86,
        "EBIT": 154,
        "Net Income": 45
    },
    "2015-12-31": {
        "Diluted EPS": 1.26,
        "Total Revenue": 845,
        "Gross Profit": 190,
        "Operating Income": 152,
        "EBIT": 216,
        "Net Income": 83
    },
    "2015-09-30": {
        "Diluted EPS": 1.74,
        "Total Revenue": NaN,
        "Gross Profit": 263,
        "Operating Income": 179,
        "EBIT": 244,
        "Net Income": 118
    },
    "2015-06-30": {
        "Diluted EPS": 1.22,
        "Total Revenue": 921,
        "Gross Profit": 200,
        "Operating Income": 137,
        "EBIT": 205,
        "Net Income": 82
    },
    "2015-03-31": {
        "Diluted EPS": 0.07,
        "Total Revenue": 691,
        "Gross Profit": 74,
        "Operating Income": 26,
        "EBIT": 93,
        "Net Income": 6
    },
    "2014-12-31": {
        "Diluted EPS": 1.12,
        "Total Revenue": 856,
        "Gross Profit": 165,
        "Operating Income": 119,
        "EBIT": 187,
        "Net Income": 64
    },
    "2014-09-30": {
        "Diluted EPS": 0.79,
        "Total Revenue": NaN,
        "Gross Profit": 196,
        "Operating Income": 116,
        "EBIT": 184,
        "Net Income": 54
    },
    "2014-06-30": {
        "Diluted EPS": 1.27,
        "Total Revenue": 669,
        "Gross Profit": 136,
        "Operating Income": 96,
        "EBIT": 140,
        "Net Income": 60
    },
    "2014-03-31": {
        "Diluted EPS": -0.47,
        "Total Revenue": 429,
        "Gross Profit": 26,
        "Operating Income": -16,
        "EBIT": 27,
        "Net Income": -22
    },
    "2013-12-31": {
        "Diluted EPS": 0.79,
        "Total Revenue": 545,
        "Gross Profit": 101,
        "Operating Income": 63,
        "EBIT": 106,
        "Net Income": 36
    },
    "2013-09-30": {
        "Diluted EPS": 1.54,
        "Total Revenue": 665,
        "Gross Profit": 143,
        "Operating Income": 109,
        "EBIT": 153,
        "Net Income": 72
    },
    "2013-06-30": {
        "Diluted EPS": 0.89,
        "Total Revenue": 561,
        "Gross Profit": 107,
        "Operating Income": 70,
        "EBIT": 113,
        "Net Income": 41
    },
    "2013-03-31": {
        "Diluted EPS": -0.61,
        "Total Revenue": 384,
        "Gross Profit": 13,
        "Operating Income": -23,
        "EBIT": 20,
        "Net Income": -28
    },
    "2012-12-31": {
        "Diluted EPS": 0.48,
        "Total Revenue": 500,
        "Gross Profit": 77,
        "Operating Income": 41,
        "EBIT": 85,
        "Net Income": 22
    },
    "2012-09-30": {
        "Diluted EPS": 1.36,
        "Total Revenue": 592,
        "Gross Profit": 124,
        "Operating Income": 92,
        "EBIT": 136,
        "Net Income": 63
    },
    "2012-06-30": {
        "Diluted EPS": 0.8,
        "Total Revenue": 546,
        "Gross Profit": 102,
        "Operating Income": 59,
        "EBIT": 104,
        "Net Income": 37
    },
    "2012-03-31": {
        "Diluted EPS": -0.81,
        "Total Revenue": 394,
        "Gross Profit": 24,
        "Operating Income": -35,
        "EBIT": 9,
        "Net Income": -37
    },
    "2011-12-31": {
        "Diluted EPS": 0.32,
        "Total Revenue": 421,
        "Gross Profit": 70,
        "Operating Income": 21,
        "EBIT": 64,
        "Net Income": 15
    },
    "2011-09-30": {
        "Diluted EPS": 1.07,
        "Total Revenue": 502,
        "Gross Profit": 112,
        "Operating Income": 80,
        "EBIT": 123,
        "Net Income": 49
    },
    "2011-06-30": {
        "Diluted EPS": 0.78,
        "Total Revenue": 462,
        "Gross Profit": 98,
        "Operating Income": 65,
        "EBIT": 108,
        "Net Income": 36
    },
    "2011-03-31": {
        "Diluted EPS": -0.39,
        "Total Revenue": 328,
        "Gross Profit": 23,
        "Operating Income": -4,
        "EBIT": 39,
        "Net Income": -17
    },
    "2010-12-31": {
        "Diluted EPS": 0.33,
        "Total Revenue": 298,
        "Gross Profit": 71,
        "Operating Income": 37,
        "EBIT": 82,
        "Net Income": 15
    },
    "2010-09-30": {
        "Diluted EPS": 1.13,
        "Total Revenue": 509,
        "Gross Profit": 114,
        "Operating Income": 84,
        "EBIT": 129,
        "Net Income": 52
    },
    "2010-06-30": {
        "Diluted EPS": 1.18,
        "Total Revenue": 505,
        "Gross Profit": 118,
        "Operating Income": 91,
        "EBIT": 136,
        "Net Income": 54
    },
    "2010-03-31": {
        "Diluted EPS": -0.54,
        "Total Revenue": 341,
        "Gross Profit": 20,
        "Operating Income": -13,
        "EBIT": 32,
        "Net Income": -24
    },
    "2009-12-31": {
        "Diluted EPS": -0.04,
        "Total Revenue": 245,
        "Gross Profit": 54,
        "Operating Income": 10,
        "EBIT": 56,
        "Net Income": -3
    },
    "2009-09-30": {
        "Diluted EPS": 1.23,
        "Total Revenue": 488,
        "Gross Profit": 118,
        "Operating Income": 89,
        "EBIT": 135,
        "Net Income": 56
    },
    "2009-06-30": {
        "Diluted EPS": 0.86,
        "Total Revenue": 465,
        "Gross Profit": 112,
        "Operating Income": 73,
        "EBIT": 118,
        "Net Income": 39
    },
    "2009-03-31": {
        "Diluted EPS": -0.14,
        "Total Revenue": 375,
        "Gross Profit": 49,
        "Operating Income": 11,
        "EBIT": 54,
        "Net Income": -6
    },
    "2023-09-30": {
        "Tax Effect Of Unusual Items": NaN,
        "Tax Rate For Calcs": NaN,
        "Normalized EBITDA": NaN,
        "Total Unusual Items": NaN,
        "Total Unusual Items Excluding Goodwill": NaN,
        "Net Income From Continuing Operation Net Minority Interest": NaN,
        "Reconciled Depreciation": NaN,
        "Reconciled Cost Of Revenue": NaN,
        "EBITDA": NaN,
        "EBIT": NaN,
        "Net Interest Income": NaN,
        "Interest Expense": NaN,
        "Normalized Income": NaN,
        "Net Income From Continuing And Discontinued Operation": NaN,
        "Total Expenses": NaN,
        "Total Operating Income As Reported": NaN,
        "Diluted Average Shares": NaN,
        "Basic Average Shares": NaN,
        "Diluted EPS": NaN,
        "Basic EPS": NaN,
        "Diluted NI Availto Com Stockholders": NaN,
        "Net Income Common Stockholders": NaN,
        "Net Income": NaN,
        "Minority Interests": 0.0,
        "Net Income Including Noncontrolling Interests": NaN,
        "Net Income Discontinuous Operations": NaN,
        "Net Income Continuous Operations": NaN,
        "Tax Provision": NaN,
        "Pretax Income": NaN,
        "Other Income Expense": NaN,
        "Other Non Operating Income Expenses": NaN,
        "Special Income Charges": NaN,
        "Restructuring And Mergern Acquisition": 3300000.0,
        "Net Non Operating Interest Income Expense": NaN,
        "Interest Expense Non Operating": NaN,
        "Operating Income": NaN,
        "Operating Expense": NaN,
        "Other Operating Expenses": NaN,
        "Selling General And Administration": NaN,
        "Gross Profit": NaN,
        "Cost Of Revenue": NaN,
        "Total Revenue": NaN,
        "Operating Revenue": NaN
    },
    "2023-12-31": {
        "Tax Effect Of Unusual Items": NaN,
        "Tax Rate For Calcs": NaN,
        "Normalized EBITDA": NaN,
        "Total Unusual Items": NaN,
        "Total Unusual Items Excluding Goodwill": NaN,
        "Net Income From Continuing Operation Net Minority Interest": NaN,
        "Reconciled Depreciation": NaN,
        "Reconciled Cost Of Revenue": NaN,
        "EBITDA": NaN,
        "EBIT": NaN,
        "Net Interest Income": NaN,
        "Interest Expense": NaN,
        "Normalized Income": NaN,
        "Net Income From Continuing And Discontinued Operation": NaN,
        "Total Expenses": NaN,
        "Total Operating Income As Reported": NaN,
        "Diluted Average Shares": NaN,
        "Basic Average Shares": NaN,
        "Diluted EPS": NaN,
        "Basic EPS": NaN,
        "Diluted NI Availto Com Stockholders": NaN,
        "Net Income Common Stockholders": NaN,
        "Net Income": NaN,
        "Minority Interests": NaN,
        "Net Income Including Noncontrolling Interests": NaN,
        "Net Income Discontinuous Operations": -5100000.0,
        "Net Income Continuous Operations": NaN,
        "Tax Provision": NaN,
        "Pretax Income": NaN,
        "Other Income Expense": NaN,
        "Other Non Operating Income Expenses": NaN,
        "Special Income Charges": NaN,
        "Restructuring And Mergern Acquisition": NaN,
        "Net Non Operating Interest Income Expense": NaN,
        "Interest Expense Non Operating": NaN,
        "Operating Income": NaN,
        "Operating Expense": NaN,
        "Other Operating Expenses": NaN,
        "Selling General And Administration": NaN,
        "Gross Profit": NaN,
        "Cost Of Revenue": NaN,
        "Total Revenue": NaN,
        "Operating Revenue": NaN
    },
    "2024-03-31": {
        "Tax Effect Of Unusual Items": NaN,
        "Tax Rate For Calcs": NaN,
        "Normalized EBITDA": NaN,
        "Total Unusual Items": NaN,
        "Total Unusual Items Excluding Goodwill": NaN,
        "Net Income From Continuing Operation Net Minority Interest": NaN,
        "Reconciled Depreciation": NaN,
        "Reconciled Cost Of Revenue": NaN,
        "EBITDA": NaN,
        "EBIT": NaN,
        "Net Interest Income": NaN,
        "Interest Expense": NaN,
        "Normalized Income": NaN,
        "Net Income From Continuing And Discontinued Operation": NaN,
        "Total Expenses": NaN,
        "Total Operating Income As Reported": NaN,
        "Diluted Average Shares": NaN,
        "Basic Average Shares": NaN,
        "Diluted EPS": NaN,
        "Basic EPS": NaN,
        "Diluted NI Availto Com Stockholders": NaN,
        "Net Income Common Stockholders": NaN,
        "Net Income": NaN,
        "Minority Interests": -1000000.0,
        "Net Income Including Noncontrolling Interests": NaN,
        "Net Income Discontinuous Operations": 0.0,
        "Net Income Continuous Operations": NaN,
        "Tax Provision": NaN,
        "Pretax Income": NaN,
        "Other Income Expense": NaN,
        "Other Non Operating Income Expenses": NaN,
        "Special Income Charges": NaN,
        "Restructuring And Mergern Acquisition": NaN,
        "Net Non Operating Interest Income Expense": NaN,
        "Interest Expense Non Operating": NaN,
        "Operating Income": NaN,
        "Operating Expense": NaN,
        "Other Operating Expenses": NaN,
        "Selling General And Administration": NaN,
        "Gross Profit": NaN,
        "Cost Of Revenue": NaN,
        "Total Revenue": NaN,
        "Operating Revenue": NaN
    },
    "2024-06-30": {
        "Tax Effect Of Unusual Items": -4403225.806452,
        "Tax Rate For Calcs": 0.209677,
        "Normalized EBITDA": 575000000.0,
        "Total Unusual Items": -21000000.0,
        "Total Unusual Items Excluding Goodwill": -21000000.0,
        "Net Income From Continuing Operation Net Minority Interest": 294000000.0,
        "Reconciled Depreciation": 142000000.0,
        "Reconciled Cost Of Revenue": 1247000000.0,
        "EBITDA": 554000000.0,
        "EBIT": 412000000.0,
        "Net Interest Income": -40000000.0,
        "Interest Expense": 40000000.0,
        "Normalized Income": 310596774.193548,
        "Net Income From Continuing And Discontinued Operation": 294000000.0,
        "Total Expenses": 1345000000.0,
        "Total Operating Income As Reported": 398000000.0,
        "Diluted Average Shares": 61600000.0,
        "Basic Average Shares": 61500000.0,
        "Diluted EPS": 4.76,
        "Basic EPS": 4.77,
        "Diluted NI Availto Com Stockholders": 294000000.0,
        "Net Income Common Stockholders": 294000000.0,
        "Net Income": 294000000.0,
        "Minority Interests": 0.0,
        "Net Income Including Noncontrolling Interests": 294000000.0,
        "Net Income Discontinuous Operations": 0.0,
        "Net Income Continuous Operations": 294000000.0,
        "Tax Provision": 78000000.0,
        "Pretax Income": 372000000.0,
        "Other Income Expense": -7000000.0,
        "Other Non Operating Income Expenses": 14000000.0,
        "Special Income Charges": -21000000.0,
        "Restructuring And Mergern Acquisition": 21000000.0,
        "Net Non Operating Interest Income Expense": -40000000.0,
        "Interest Expense Non Operating": 40000000.0,
        "Operating Income": 419000000.0,
        "Operating Expense": 98000000.0,
        "Other Operating Expenses": -19000000.0,
        "Selling General And Administration": 117000000.0,
        "Gross Profit": 517000000.0,
        "Cost Of Revenue": 1247000000.0,
        "Total Revenue": 1764000000.0,
        "Operating Revenue": 1764000000.0
    },
    "2024-09-30": {
        "Tax Effect Of Unusual Items": -829694.323144,
        "Tax Rate For Calcs": 0.207424,
        "Normalized EBITDA": 652000000.0,
        "Total Unusual Items": -4000000.0,
        "Total Unusual Items Excluding Goodwill": -4000000.0,
        "Net Income From Continuing Operation Net Minority Interest": 363000000.0,
        "Reconciled Depreciation": 152000000.0,
        "Reconciled Cost Of Revenue": 1290000000.0,
        "EBITDA": 648000000.0,
        "EBIT": 496000000.0,
        "Net Interest Income": -38000000.0,
        "Interest Expense": 38000000.0,
        "Normalized Income": 366170305.676856,
        "Net Income From Continuing And Discontinued Operation": 363000000.0,
        "Total Expenses": 1396000000.0,
        "Total Operating Income As Reported": 489000000.0,
        "Diluted Average Shares": 61300000.0,
        "Basic Average Shares": 61100000.0,
        "Diluted EPS": 5.91,
        "Basic EPS": 5.93,
        "Diluted NI Availto Com Stockholders": 363000000.0,
        "Net Income Common Stockholders": 363000000.0,
        "Net Income": 363000000.0,
        "Minority Interests": 0.0,
        "Net Income Including Noncontrolling Interests": 363000000.0,
        "Net Income Discontinuous Operations": 0.0,
        "Net Income Continuous Operations": 363000000.0,
        "Tax Provision": 95000000.0,
        "Pretax Income": 458000000.0,
        "Other Income Expense": 3000000.0,
        "Other Non Operating Income Expenses": 7000000.0,
        "Special Income Charges": -4000000.0,
        "Restructuring And Mergern Acquisition": 4000000.0,
        "Net Non Operating Interest Income Expense": -38000000.0,
        "Interest Expense Non Operating": 38000000.0,
        "Operating Income": 493000000.0,
        "Operating Expense": 106000000.0,
        "Other Operating Expenses": 1000000.0,
        "Selling General And Administration": 105000000.0,
        "Gross Profit": 599000000.0,
        "Cost Of Revenue": 1290000000.0,
        "Total Revenue": 1889000000.0,
        "Operating Revenue": 1889000000.0
    },
    "2024-12-31": {
        "Tax Effect Of Unusual Items": -1002832.86119,
        "Tax Rate For Calcs": 0.167139,
        "Normalized EBITDA": 558000000.0,
        "Total Unusual Items": -6000000.0,
        "Total Unusual Items Excluding Goodwill": -6000000.0,
        "Net Income From Continuing Operation Net Minority Interest": 294000000.0,
        "Reconciled Depreciation": 149000000.0,
        "Reconciled Cost Of Revenue": 1141000000.0,
        "EBITDA": 552000000.0,
        "EBIT": 403000000.0,
        "Net Interest Income": -50000000.0,
        "Interest Expense": 50000000.0,
        "Normalized Income": 298997167.13881,
        "Net Income From Continuing And Discontinued Operation": 294000000.0,
        "Total Expenses": 1226000000.0,
        "Total Operating Income As Reported": 399000000.0,
        "Diluted Average Shares": 61300000.0,
        "Basic Average Shares": 61100000.0,
        "Diluted EPS": 4.79,
        "Basic EPS": 4.81,
        "Diluted NI Availto Com Stockholders": 294000000.0,
        "Net Income Common Stockholders": 294000000.0,
        "Net Income": 294000000.0,
        "Minority Interests": NaN,
        "Net Income Including Noncontrolling Interests": 294000000.0,
        "Net Income Discontinuous Operations": 0.0,
        "Net Income Continuous Operations": 294000000.0,
        "Tax Provision": 59000000.0,
        "Pretax Income": 353000000.0,
        "Other Income Expense": -2000000.0,
        "Other Non Operating Income Expenses": 4000000.0,
        "Special Income Charges": -6000000.0,
        "Restructuring And Mergern Acquisition": 6000000.0,
        "Net Non Operating Interest Income Expense": -50000000.0,
        "Interest Expense Non Operating": 50000000.0,
        "Operating Income": 405000000.0,
        "Operating Expense": 85000000.0,
        "Other Operating Expenses": -21000000.0,
        "Selling General And Administration": 106000000.0,
        "Gross Profit": 490000000.0,
        "Cost Of Revenue": 1141000000.0,
        "Total Revenue": 1631000000.0,
        "Operating Revenue": 1631000000.0
    },
    "2025-03-31": {
        "Tax Effect Of Unusual Items": -426000.0,
        "Tax Rate For Calcs": 0.213,
        "Normalized EBITDA": 360000000.0,
        "Total Unusual Items": -2000000.0,
        "Total Unusual Items Excluding Goodwill": -2000000.0,
        "Net Income From Continuing Operation Net Minority Interest": 116000000.0,
        "Reconciled Depreciation": 154000000.0,
        "Reconciled Cost Of Revenue": 1018000000.0,
        "EBITDA": 358000000.0,
        "EBIT": 204000000.0,
        "Net Interest Income": -56000000.0,
        "Interest Expense": 56000000.0,
        "Normalized Income": 117574000.0,
        "Net Income From Continuing And Discontinued Operation": 116000000.0,
        "Total Expenses": 1157000000.0,
        "Total Operating Income As Reported": 194000000.0,
        "Diluted Average Shares": 61000000.0,
        "Basic Average Shares": 60900000.0,
        "Diluted EPS": 1.9,
        "Basic EPS": 1.91,
        "Diluted NI Availto Com Stockholders": 116000000.0,
        "Net Income Common Stockholders": 116000000.0,
        "Net Income": 116000000.0,
        "Minority Interests": 0.0,
        "Net Income Including Noncontrolling Interests": 116000000.0,
        "Net Income Discontinuous Operations": NaN,
        "Net Income Continuous Operations": 116000000.0,
        "Tax Provision": 32000000.0,
        "Pretax Income": 148000000.0,
        "Other Income Expense": 8000000.0,
        "Other Non Operating Income Expenses": 10000000.0,
        "Special Income Charges": -2000000.0,
        "Restructuring And Mergern Acquisition": 2000000.0,
        "Net Non Operating Interest Income Expense": -56000000.0,
        "Interest Expense Non Operating": 56000000.0,
        "Operating Income": 196000000.0,
        "Operating Expense": 139000000.0,
        "Other Operating Expenses": 9000000.0,
        "Selling General And Administration": 130000000.0,
        "Gross Profit": 335000000.0,
        "Cost Of Revenue": 1018000000.0,
        "Total Revenue": 1353000000.0,
        "Operating Revenue": 1353000000.0
    },
    "2025-06-30": {
        "Tax Effect Of Unusual Items": -403892.944039,
        "Tax Rate For Calcs": 0.201946,
        "Normalized EBITDA": 637000000.0,
        "Total Unusual Items": -2000000.0,
        "Total Unusual Items Excluding Goodwill": -2000000.0,
        "Net Income From Continuing Operation Net Minority Interest": 328000000.0,
        "Reconciled Depreciation": 167000000.0,
        "Reconciled Cost Of Revenue": 1267000000.0,
        "EBITDA": 635000000.0,
        "EBIT": 468000000.0,
        "Net Interest Income": -57000000.0,
        "Interest Expense": 57000000.0,
        "Normalized Income": 329596107.055961,
        "Net Income From Continuing And Discontinued Operation": 328000000.0,
        "Total Expenses": 1351000000.0,
        "Total Operating Income As Reported": 458000000.0,
        "Diluted Average Shares": 60400000.0,
        "Basic Average Shares": 60300000.0,
        "Diluted EPS": 5.43,
        "Basic EPS": 5.44,
        "Diluted NI Availto Com Stockholders": 328000000.0,
        "Net Income Common Stockholders": 328000000.0,
        "Net Income": 328000000.0,
        "Minority Interests": 0.0,
        "Net Income Including Noncontrolling Interests": 328000000.0,
        "Net Income Discontinuous Operations": NaN,
        "Net Income Continuous Operations": 328000000.0,
        "Tax Provision": 83000000.0,
        "Pretax Income": 411000000.0,
        "Other Income Expense": 8000000.0,
        "Other Non Operating Income Expenses": 10000000.0,
        "Special Income Charges": -2000000.0,
        "Restructuring And Mergern Acquisition": 2000000.0,
        "Net Non Operating Interest Income Expense": -57000000.0,
        "Interest Expense Non Operating": 57000000.0,
        "Operating Income": 460000000.0,
        "Operating Expense": 84000000.0,
        "Other Operating Expenses": -25000000.0,
        "Selling General And Administration": 109000000.0,
        "Gross Profit": 544000000.0,
        "Cost Of Revenue": 1267000000.0,
        "Total Revenue": 1811000000.0,
        "Operating Revenue": 1811000000.0
    }
}