{
    "2023-03-31": {
        "Tax Effect Of Unusual Items": NaN,
        "Tax Rate For Calcs": NaN,
        "Normalized EBITDA": NaN,
        "Net Income From Continuing Operation Net Minority Interest": NaN,
        "Reconciled Depreciation": NaN,
        "Reconciled Cost Of Revenue": NaN,
        "EBITDA": NaN,
        "EBIT": NaN,
        "Net Interest Income": NaN,
        "Interest Expense": NaN,
        "Normalized Income": NaN,
        "Net Income From Continuing And Discontinued Operation": NaN,
        "Total Expenses": NaN,
        "Diluted Average Shares": 11431000.0,
        "Basic Average Shares": 11425000.0,
        "Diluted EPS": 0.81,
        "Basic EPS": 0.81,
        "Diluted NI Availto Com Stockholders": NaN,
        "Net Income Common Stockholders": NaN,
        "Net Income": NaN,
        "Net Income Including Noncontrolling Interests": NaN,
        "Net Income Continuous Operations": NaN,
        "Tax Provision": NaN,
        "Pretax Income": NaN,
        "Other Income Expense": NaN,
        "Other Non Operating Income Expenses": NaN,
        "Net Non Operating Interest Income Expense": NaN,
        "Interest Expense Non Operating": NaN,
        "Operating Income": NaN,
        "Operating Expense": NaN,
        "Selling General And Administration": NaN,
        "Gross Profit": NaN,
        "Cost Of Revenue": NaN,
        "Total Revenue": NaN,
        "Operating Revenue": NaN
    },
    "2022-12-31": {
        "Tax Effect Of Unusual Items": NaN,
        "Tax Rate For Calcs": NaN,
        "Normalized EBITDA": NaN,
        "Net Income From Continuing Operation Net Minority Interest": NaN,
        "Reconciled Depreciation": NaN,
        "Reconciled Cost Of Revenue": NaN,
        "EBITDA": NaN,
        "EBIT": NaN,
        "Net Interest Income": NaN,
        "Interest Expense": NaN,
        "Normalized Income": NaN,
        "Net Income From Continuing And Discontinued Operation": NaN,
        "Total Expenses": NaN,
        "Diluted Average Shares": 11417000.0,
        "Basic Average Shares": 11417000.0,
        "Diluted EPS": 0.81,
        "Basic EPS": 0.81,
        "Diluted NI Availto Com Stockholders": NaN,
        "Net Income Common Stockholders": NaN,
        "Net Income": NaN,
        "Net Income Including Noncontrolling Interests": NaN,
        "Net Income Continuous Operations": NaN,
        "Tax Provision": NaN,
        "Pretax Income": NaN,
        "Other Income Expense": NaN,
        "Other Non Operating Income Expenses": NaN,
        "Net Non Operating Interest Income Expense": NaN,
        "Interest Expense Non Operating": NaN,
        "Operating Income": NaN,
        "Operating Expense": NaN,
        "Selling General And Administration": NaN,
        "Gross Profit": NaN,
        "Cost Of Revenue": NaN,
        "Total Revenue": NaN,
        "Operating Revenue": NaN
    },
    "2022-09-30": {
        "Tax Effect Of Unusual Items": 0.0,
        "Tax Rate For Calcs": 0.230475,
        "Normalized EBITDA": 10846000.0,
        "Net Income From Continuing Operation Net Minority Interest": 5232000.0,
        "Reconciled Depreciation": 3005000.0,
        "Reconciled Cost Of Revenue": 182377000.0,
        "EBITDA": 10846000.0,
        "EBIT": 7841000.0,
        "Net Interest Income": -1042000.0,
        "Interest Expense": 1042000.0,
        "Normalized Income": 5232000.0,
        "Net Income From Continuing And Discontinued Operation": 5232000.0,
        "Total Expenses": 197050000.0,
        "Diluted Average Shares": 11417000.0,
        "Basic Average Shares": 11417000.0,
        "Diluted EPS": 0.46,
        "Basic EPS": 0.46,
        "Diluted NI Availto Com Stockholders": 5232000.0,
        "Net Income Common Stockholders": 5232000.0,
        "Net Income": 5232000.0,
        "Net Income Including Noncontrolling Interests": 5232000.0,
        "Net Income Continuous Operations": 5232000.0,
        "Tax Provision": 1567000.0,
        "Pretax Income": 6799000.0,
        "Other Income Expense": -666000.0,
        "Other Non Operating Income Expenses": -666000.0,
        "Net Non Operating Interest Income Expense": -1042000.0,
        "Interest Expense Non Operating": 1042000.0,
        "Operating Income": 8507000.0,
        "Operating Expense": 14673000.0,
        "Selling General And Administration": 14673000.0,
        "Gross Profit": 23180000.0,
        "Cost Of Revenue": 182377000.0,
        "Total Revenue": 205557000.0,
        "Operating Revenue": 205557000.0
    },
    "2022-06-30": {
        "Tax Effect Of Unusual Items": 0.0,
        "Tax Rate For Calcs": 0.221,
        "Normalized EBITDA": 8278000.0,
        "Net Income From Continuing Operation Net Minority Interest": 3757000.0,
        "Reconciled Depreciation": 2830000.0,
        "Reconciled Cost Of Revenue": 183126000.0,
        "EBITDA": 8278000.0,
        "EBIT": 5448000.0,
        "Net Interest Income": -628000.0,
        "Interest Expense": 628000.0,
        "Normalized Income": 3757000.0,
        "Net Income From Continuing And Discontinued Operation": 3757000.0,
        "Total Expenses": 195777000.0,
        "Diluted Average Shares": 11417000.0,
        "Basic Average Shares": 11417000.0,
        "Diluted EPS": 0.33,
        "Basic EPS": 0.33,
        "Diluted NI Availto Com Stockholders": 3757000.0,
        "Net Income Common Stockholders": 3757000.0,
        "Net Income": 3757000.0,
        "Net Income Including Noncontrolling Interests": 3757000.0,
        "Net Income Continuous Operations": 3757000.0,
        "Tax Provision": 1063000.0,
        "Pretax Income": 4820000.0,
        "Other Income Expense": -275000.0,
        "Other Non Operating Income Expenses": -275000.0,
        "Net Non Operating Interest Income Expense": -628000.0,
        "Interest Expense Non Operating": 628000.0,
        "Operating Income": 5723000.0,
        "Operating Expense": 12651000.0,
        "Selling General And Administration": 12651000.0,
        "Gross Profit": 18374000.0,
        "Cost Of Revenue": 183126000.0,
        "Total Revenue": 201500000.0,
        "Operating Revenue": 201500000.0
    },
    "2022-03-31": {
        "Diluted EPS": 0.18,
        "Total Revenue": 216,
        "Gross Profit": 15,
        "Operating Income": 3,
        "EBIT": 6,
        "Net Income": 2
    },
    "2021-12-31": {
        "Diluted EPS": 0.23,
        "Total Revenue": 202,
        "Gross Profit": 16,
        "Operating Income": 3,
        "EBIT": 7,
        "Net Income": 3
    },
    "2021-09-30": {
        "Diluted EPS": 0.34,
        "Total Revenue": 165,
        "Gross Profit": 18,
        "Operating Income": 5,
        "EBIT": 8,
        "Net Income": 4
    },
    "2021-06-30": {
        "Diluted EPS": 0.57,
        "Total Revenue": 181,
        "Gross Profit": 21,
        "Operating Income": 9,
        "EBIT": 12,
        "Net Income": 7
    },
    "2021-03-31": {
        "Diluted EPS": 0.28,
        "Total Revenue": 170,
        "Gross Profit": 16,
        "Operating Income": 5,
        "EBIT": 7,
        "Net Income": 3
    },
    "2020-12-31": {
        "Diluted EPS": 1.06,
        "Total Revenue": 178,
        "Gross Profit": 24,
        "Operating Income": 15,
        "EBIT": 18,
        "Net Income": 12
    },
    "2020-09-30": {
        "Diluted EPS": 0.57,
        "Total Revenue": 168,
        "Gross Profit": 18,
        "Operating Income": 9,
        "EBIT": 11,
        "Net Income": 7
    },
    "2020-06-30": {
        "Diluted EPS": 0.51,
        "Total Revenue": 129,
        "Gross Profit": 18,
        "Operating Income": 8,
        "EBIT": 10,
        "Net Income": 6
    },
    "2020-03-31": {
        "Diluted EPS": 0.48,
        "Total Revenue": 176,
        "Gross Profit": 19,
        "Operating Income": 7,
        "EBIT": 10,
        "Net Income": 5
    },
    "2019-12-31": {
        "Diluted EPS": 1.02,
        "Total Revenue": 203,
        "Gross Profit": 27,
        "Operating Income": 15,
        "EBIT": 18,
        "Net Income": 12
    },
    "2019-09-30": {
        "Diluted EPS": 0.71,
        "Total Revenue": 195,
        "Gross Profit": 22,
        "Operating Income": 11,
        "EBIT": 13,
        "Net Income": 8
    },
    "2019-06-30": {
        "Diluted EPS": 0.94,
        "Total Revenue": 222,
        "Gross Profit": 25,
        "Operating Income": 13,
        "EBIT": 16,
        "Net Income": 11
    },
    "2019-03-31": {
        "Diluted EPS": 0.76,
        "Total Revenue": 197,
        "Gross Profit": 23,
        "Operating Income": 11,
        "EBIT": 14,
        "Net Income": 9
    },
    "2018-12-31": {
        "Diluted EPS": 0.94,
        "Total Revenue": 180,
        "Gross Profit": 22,
        "Operating Income": 13,
        "EBIT": 15,
        "Net Income": 11
    },
    "2018-09-30": {
        "Diluted EPS": 0.76,
        "Total Revenue": 196,
        "Gross Profit": 21,
        "Operating Income": 11,
        "EBIT": 14,
        "Net Income": 9
    },
    "2018-06-30": {
        "Diluted EPS": 0.67,
        "Total Revenue": 177,
        "Gross Profit": 21,
        "Operating Income": 10,
        "EBIT": 13,
        "Net Income": 8
    },
    "2018-03-31": {
        "Diluted EPS": 0.59,
        "Total Revenue": 159,
        "Gross Profit": 18,
        "Operating Income": 9,
        "EBIT": 11,
        "Net Income": 7
    },
    "2017-12-31": {
        "Diluted EPS": 0.81,
        "Total Revenue": 160,
        "Gross Profit": 18,
        "Operating Income": 9,
        "EBIT": 11,
        "Net Income": 9
    },
    "2017-09-30": {
        "Diluted EPS": 0.39,
        "Total Revenue": 153,
        "Gross Profit": 16,
        "Operating Income": 7,
        "EBIT": 9,
        "Net Income": 4
    },
    "2017-06-30": {
        "Diluted EPS": 0.48,
        "Total Revenue": 153,
        "Gross Profit": 18,
        "Operating Income": 9,
        "EBIT": 10,
        "Net Income": 5
    },
    "2017-03-31": {
        "Diluted EPS": 0.34,
        "Total Revenue": 149,
        "Gross Profit": 15,
        "Operating Income": 6,
        "EBIT": 8,
        "Net Income": 4
    },
    "2016-12-31": {
        "Diluted EPS": 0.38,
        "Total Revenue": 149,
        "Gross Profit": 15,
        "Operating Income": 7,
        "EBIT": 9,
        "Net Income": 4
    },
    "2016-09-30": {
        "Diluted EPS": 0.49,
        "Total Revenue": 148,
        "Gross Profit": 17,
        "Operating Income": 9,
        "EBIT": 10,
        "Net Income": 6
    },
    "2016-06-30": {
        "Diluted EPS": 0.58,
        "Total Revenue": 156,
        "Gross Profit": 19,
        "Operating Income": 10,
        "EBIT": 12,
        "Net Income": 7
    },
    "2016-03-31": {
        "Diluted EPS": 0.3,
        "Total Revenue": 149,
        "Gross Profit": 13,
        "Operating Income": 5,
        "EBIT": 6,
        "Net Income": 3
    },
    "2015-12-31": {
        "Diluted EPS": 0.34,
        "Total Revenue": 136,
        "Gross Profit": 15,
        "Operating Income": 7,
        "EBIT": 9,
        "Net Income": 4
    },
    "2015-09-30": {
        "Diluted EPS": 0.28,
        "Total Revenue": 126,
        "Gross Profit": 13,
        "Operating Income": 5,
        "EBIT": 6,
        "Net Income": 3
    },
    "2015-06-30": {
        "Diluted EPS": 0.52,
        "Total Revenue": 152,
        "Gross Profit": 18,
        "Operating Income": 9,
        "EBIT": 11,
        "Net Income": 6
    },
    "2015-03-31": {
        "Diluted EPS": 0.27,
        "Total Revenue": 127,
        "Gross Profit": 12,
        "Operating Income": 4,
        "EBIT": 5,
        "Net Income": 3
    },
    "2014-12-31": {
        "Diluted EPS": 0.49,
        "Total Revenue": 148,
        "Gross Profit": 17,
        "Operating Income": 9,
        "EBIT": 10,
        "Net Income": 6
    },
    "2014-09-30": {
        "Diluted EPS": 0.31,
        "Total Revenue": 118,
        "Gross Profit": 13,
        "Operating Income": 6,
        "EBIT": 7,
        "Net Income": 3
    },
    "2014-06-30": {
        "Diluted EPS": 0.3,
        "Total Revenue": 122,
        "Gross Profit": 13,
        "Operating Income": 5,
        "EBIT": 6,
        "Net Income": 3
    },
    "2014-03-31": {
        "Diluted EPS": 0.21,
        "Total Revenue": 104,
        "Gross Profit": 11,
        "Operating Income": 4,
        "EBIT": 5,
        "Net Income": 2
    },
    "2013-12-31": {
        "Diluted EPS": 0.21,
        "Total Revenue": 108,
        "Gross Profit": 11,
        "Operating Income": 4,
        "EBIT": 5,
        "Net Income": 2
    },
    "2013-09-30": {
        "Diluted EPS": 0.23,
        "Total Revenue": 105,
        "Gross Profit": 11,
        "Operating Income": 4,
        "EBIT": 5,
        "Net Income": 3
    },
    "2013-06-30": {
        "Diluted EPS": 0.26,
        "Total Revenue": 106,
        "Gross Profit": 12,
        "Operating Income": 4,
        "EBIT": 5,
        "Net Income": 3
    },
    "2013-03-31": {
        "Diluted EPS": 0.12,
        "Total Revenue": 85,
        "Gross Profit": 9,
        "Operating Income": 2,
        "EBIT": 3,
        "Net Income": 1
    },
    "2012-12-31": {
        "Diluted EPS": 0.15,
        "Total Revenue": 82,
        "Gross Profit": 9,
        "Operating Income": 3,
        "EBIT": 4,
        "Net Income": 2
    },
    "2012-09-30": {
        "Diluted EPS": 0.26,
        "Total Revenue": 78,
        "Gross Profit": 9,
        "Operating Income": 2,
        "EBIT": 4,
        "Net Income": 3
    },
    "2012-06-30": {
        "Diluted EPS": 0.23,
        "Total Revenue": 87,
        "Gross Profit": 11,
        "Operating Income": 4,
        "EBIT": 5,
        "Net Income": 3
    },
    "2012-03-31": {
        "Diluted EPS": 0.18,
        "Total Revenue": 95,
        "Gross Profit": 11,
        "Operating Income": 4,
        "EBIT": 5,
        "Net Income": 2
    },
    "2011-12-31": {
        "Diluted EPS": 0.43,
        "Total Revenue": 109,
        "Gross Profit": 16,
        "Operating Income": 8,
        "EBIT": 9,
        "Net Income": 5
    },
    "2011-09-30": {
        "Diluted EPS": 0.41,
        "Total Revenue": 97,
        "Gross Profit": 16,
        "Operating Income": 8,
        "EBIT": 9,
        "Net Income": 5
    },
    "2011-06-30": {
        "Diluted EPS": 0.47,
        "Total Revenue": 98,
        "Gross Profit": 17,
        "Operating Income": 10,
        "EBIT": 11,
        "Net Income": 6
    },
    "2011-03-31": {
        "Diluted EPS": 0.61,
        "Total Revenue": 109,
        "Gross Profit": 21,
        "Operating Income": 13,
        "EBIT": 13,
        "Net Income": 7
    },
    "2010-12-31": {
        "Diluted EPS": 0.29,
        "Total Revenue": 80,
        "Gross Profit": 13,
        "Operating Income": 6,
        "EBIT": 7,
        "Net Income": 4
    },
    "2010-09-30": {
        "Diluted EPS": 0.24,
        "Total Revenue": 74,
        "Gross Profit": 11,
        "Operating Income": 5,
        "EBIT": 6,
        "Net Income": 3
    },
    "2010-06-30": {
        "Diluted EPS": 0.26,
        "Total Revenue": 81,
        "Gross Profit": 12,
        "Operating Income": 5,
        "EBIT": 6,
        "Net Income": 3
    },
    "2010-03-31": {
        "Diluted EPS": 0.17,
        "Total Revenue": 72,
        "Gross Profit": 10,
        "Operating Income": 3,
        "EBIT": 4,
        "Net Income": 2
    },
    "2009-12-31": {
        "Diluted EPS": 0.17,
        "Total Revenue": 67,
        "Gross Profit": 10,
        "Operating Income": 3,
        "EBIT": 4,
        "Net Income": 2
    },
    "2009-09-30": {
        "Diluted EPS": 0.14,
        "Total Revenue": 58,
        "Gross Profit": 9,
        "Operating Income": 3,
        "EBIT": 4,
        "Net Income": 2
    },
    "2009-06-30": {
        "Diluted EPS": 0.12,
        "Total Revenue": 54,
        "Gross Profit": 8,
        "Operating Income": 2,
        "EBIT": 3,
        "Net Income": 1
    },
    "2009-03-31": {
        "Diluted EPS": 0.08,
        "Total Revenue": 59,
        "Gross Profit": 8,
        "Operating Income": 2,
        "EBIT": 3,
        "Net Income": 1
    },
    "2023-06-30": {
        "Tax Effect Of Unusual Items": NaN,
        "Tax Rate For Calcs": NaN,
        "Normalized EBITDA": NaN,
        "Net Income From Continuing Operation Net Minority Interest": NaN,
        "Reconciled Depreciation": NaN,
        "Reconciled Cost Of Revenue": NaN,
        "EBITDA": NaN,
        "EBIT": NaN,
        "Net Interest Income": NaN,
        "Interest Expense": NaN,
        "Normalized Income": NaN,
        "Net Income From Continuing And Discontinued Operation": NaN,
        "Total Expenses": NaN,
        "Diluted Average Shares": 11526000.0,
        "Basic Average Shares": 11466000.0,
        "Diluted EPS": 1.29,
        "Basic EPS": 1.3,
        "Diluted NI Availto Com Stockholders": NaN,
        "Net Income Common Stockholders": NaN,
        "Net Income": NaN,
        "Net Income Including Noncontrolling Interests": NaN,
        "Net Income Continuous Operations": NaN,
        "Tax Provision": NaN,
        "Pretax Income": NaN,
        "Other Income Expense": NaN,
        "Other Non Operating Income Expenses": NaN,
        "Net Non Operating Interest Income Expense": NaN,
        "Interest Expense Non Operating": NaN,
        "Operating Income": NaN,
        "Operating Expense": NaN,
        "Selling General And Administration": NaN,
        "Gross Profit": NaN,
        "Cost Of Revenue": NaN,
        "Total Revenue": NaN,
        "Operating Revenue": NaN
    },
    "2023-09-30": {
        "Tax Effect Of Unusual Items": NaN,
        "Tax Rate For Calcs": NaN,
        "Normalized EBITDA": NaN,
        "Net Income From Continuing Operation Net Minority Interest": NaN,
        "Reconciled Depreciation": NaN,
        "Reconciled Cost Of Revenue": NaN,
        "EBITDA": NaN,
        "EBIT": NaN,
        "Net Interest Income": NaN,
        "Interest Expense": NaN,
        "Normalized Income": NaN,
        "Net Income From Continuing And Discontinued Operation": NaN,
        "Total Expenses": NaN,
        "Diluted Average Shares": 11515000.0,
        "Basic Average Shares": 11446000.0,
        "Diluted EPS": 1.52,
        "Basic EPS": 1.53,
        "Diluted NI Availto Com Stockholders": NaN,
        "Net Income Common Stockholders": NaN,
        "Net Income": NaN,
        "Net Income Including Noncontrolling Interests": NaN,
        "Net Income Continuous Operations": NaN,
        "Tax Provision": NaN,
        "Pretax Income": NaN,
        "Other Income Expense": NaN,
        "Other Non Operating Income Expenses": NaN,
        "Net Non Operating Interest Income Expense": NaN,
        "Interest Expense Non Operating": NaN,
        "Operating Income": NaN,
        "Operating Expense": NaN,
        "Selling General And Administration": NaN,
        "Gross Profit": NaN,
        "Cost Of Revenue": NaN,
        "Total Revenue": NaN,
        "Operating Revenue": NaN
    },
    "2023-12-31": {
        "Tax Effect Of Unusual Items": 0.0,
        "Tax Rate For Calcs": 0.204014,
        "Normalized EBITDA": 25985000.0,
        "Net Income From Continuing Operation Net Minority Interest": 16695000.0,
        "Reconciled Depreciation": 3562000.0,
        "Reconciled Cost Of Revenue": 257606000.0,
        "EBITDA": 25985000.0,
        "EBIT": 22423000.0,
        "Net Interest Income": -1449000.0,
        "Interest Expense": 1449000.0,
        "Normalized Income": 16695000.0,
        "Net Income From Continuing And Discontinued Operation": 16695000.0,
        "Total Expenses": 273972000.0,
        "Diluted Average Shares": NaN,
        "Basic Average Shares": NaN,
        "Diluted EPS": NaN,
        "Basic EPS": NaN,
        "Diluted NI Availto Com Stockholders": 16695000.0,
        "Net Income Common Stockholders": 16695000.0,
        "Net Income": 16695000.0,
        "Net Income Including Noncontrolling Interests": 16695000.0,
        "Net Income Continuous Operations": 16695000.0,
        "Tax Provision": 4279000.0,
        "Pretax Income": 20974000.0,
        "Other Income Expense": 149000.0,
        "Other Non Operating Income Expenses": 149000.0,
        "Net Non Operating Interest Income Expense": -1449000.0,
        "Interest Expense Non Operating": 1449000.0,
        "Operating Income": 22274000.0,
        "Operating Expense": 16366000.0,
        "Selling General And Administration": 16366000.0,
        "Gross Profit": 38640000.0,
        "Cost Of Revenue": 257606000.0,
        "Total Revenue": 296246000.0,
        "Operating Revenue": 296246000.0
    },
    "2024-03-31": {
        "Tax Effect Of Unusual Items": 0.0,
        "Tax Rate For Calcs": 0.208,
        "Normalized EBITDA": 26239000.0,
        "Net Income From Continuing Operation Net Minority Interest": 17023000.0,
        "Reconciled Depreciation": 3506000.0,
        "Reconciled Cost Of Revenue": 305628000.0,
        "EBITDA": 26239000.0,
        "EBIT": 22733000.0,
        "Net Interest Income": -1245000.0,
        "Interest Expense": 1245000.0,
        "Normalized Income": 17023000.0,
        "Net Income From Continuing And Discontinued Operation": 17023000.0,
        "Total Expenses": 327171000.0,
        "Diluted Average Shares": 11556000.0,
        "Basic Average Shares": 11452000.0,
        "Diluted EPS": 1.47,
        "Basic EPS": 1.49,
        "Diluted NI Availto Com Stockholders": 17023000.0,
        "Net Income Common Stockholders": 17023000.0,
        "Net Income": 17023000.0,
        "Net Income Including Noncontrolling Interests": 17023000.0,
        "Net Income Continuous Operations": 17023000.0,
        "Tax Provision": 4465000.0,
        "Pretax Income": 21488000.0,
        "Other Income Expense": 33000.0,
        "Other Non Operating Income Expenses": 33000.0,
        "Net Non Operating Interest Income Expense": -1245000.0,
        "Interest Expense Non Operating": 1245000.0,
        "Operating Income": 22700000.0,
        "Operating Expense": 21543000.0,
        "Selling General And Administration": 21543000.0,
        "Gross Profit": 44243000.0,
        "Cost Of Revenue": 305628000.0,
        "Total Revenue": 349871000.0,
        "Operating Revenue": 349871000.0
    },
    "2024-06-30": {
        "Tax Effect Of Unusual Items": 0.0,
        "Tax Rate For Calcs": 0.218,
        "Normalized EBITDA": 31757000.0,
        "Net Income From Continuing Operation Net Minority Interest": 20514000.0,
        "Reconciled Depreciation": 3465000.0,
        "Reconciled Cost Of Revenue": 320373000.0,
        "EBITDA": 31757000.0,
        "EBIT": 28292000.0,
        "Net Interest Income": -2048000.0,
        "Interest Expense": 2048000.0,
        "Normalized Income": 20514000.0,
        "Net Income From Continuing And Discontinued Operation": 20514000.0,
        "Total Expenses": 343146000.0,
        "Diluted Average Shares": 11550000.0,
        "Basic Average Shares": 11461000.0,
        "Diluted EPS": 1.78,
        "Basic EPS": 1.79,
        "Diluted NI Availto Com Stockholders": 20514000.0,
        "Net Income Common Stockholders": 20514000.0,
        "Net Income": 20514000.0,
        "Net Income Including Noncontrolling Interests": 20514000.0,
        "Net Income Continuous Operations": 20514000.0,
        "Tax Provision": 5730000.0,
        "Pretax Income": 26244000.0,
        "Other Income Expense": -13000.0,
        "Other Non Operating Income Expenses": -13000.0,
        "Net Non Operating Interest Income Expense": -2048000.0,
        "Interest Expense Non Operating": 2048000.0,
        "Operating Income": 28305000.0,
        "Operating Expense": 22773000.0,
        "Selling General And Administration": 22773000.0,
        "Gross Profit": 51078000.0,
        "Cost Of Revenue": 320373000.0,
        "Total Revenue": 371451000.0,
        "Operating Revenue": 371451000.0
    },
    "2024-09-30": {
        "Tax Effect Of Unusual Items": 0.0,
        "Tax Rate For Calcs": 0.22,
        "Normalized EBITDA": 23685000.0,
        "Net Income From Continuing Operation Net Minority Interest": 15425000.0,
        "Reconciled Depreciation": 3664000.0,
        "Reconciled Cost Of Revenue": 272245000.0,
        "EBITDA": 23685000.0,
        "EBIT": 20021000.0,
        "Net Interest Income": -251000.0,
        "Interest Expense": 251000.0,
        "Normalized Income": 15425000.0,
        "Net Income From Continuing And Discontinued Operation": 15425000.0,
        "Total Expenses": 294571000.0,
        "Diluted Average Shares": 11596000.0,
        "Basic Average Shares": 11447000.0,
        "Diluted EPS": 1.33,
        "Basic EPS": 1.35,
        "Diluted NI Availto Com Stockholders": 15425000.0,
        "Net Income Common Stockholders": 15425000.0,
        "Net Income": 15425000.0,
        "Net Income Including Noncontrolling Interests": 15425000.0,
        "Net Income Continuous Operations": 15425000.0,
        "Tax Provision": 4345000.0,
        "Pretax Income": 19770000.0,
        "Other Income Expense": 321000.0,
        "Other Non Operating Income Expenses": 321000.0,
        "Net Non Operating Interest Income Expense": -251000.0,
        "Interest Expense Non Operating": 251000.0,
        "Operating Income": 19700000.0,
        "Operating Expense": 22326000.0,
        "Selling General And Administration": 22326000.0,
        "Gross Profit": 42026000.0,
        "Cost Of Revenue": 272245000.0,
        "Total Revenue": 314271000.0,
        "Operating Revenue": 314271000.0
    },
    "2024-12-31": {
        "Tax Effect Of Unusual Items": 0.0,
        "Tax Rate For Calcs": 0.16598,
        "Normalized EBITDA": 16447000.0,
        "Net Income From Continuing Operation Net Minority Interest": 10532000.0,
        "Reconciled Depreciation": 3435000.0,
        "Reconciled Cost Of Revenue": 188449000.0,
        "EBITDA": 16447000.0,
        "EBIT": 13012000.0,
        "Net Interest Income": -384000.0,
        "Interest Expense": 384000.0,
        "Normalized Income": 10532000.0,
        "Net Income From Continuing And Discontinued Operation": 10532000.0,
        "Total Expenses": 208129000.0,
        "Diluted Average Shares": 11601000.0,
        "Basic Average Shares": 11439000.0,
        "Diluted EPS": 0.91,
        "Basic EPS": 0.92,
        "Diluted NI Availto Com Stockholders": 10532000.0,
        "Net Income Common Stockholders": 10532000.0,
        "Net Income": 10532000.0,
        "Net Income Including Noncontrolling Interests": 10532000.0,
        "Net Income Continuous Operations": 10532000.0,
        "Tax Provision": 2096000.0,
        "Pretax Income": 12628000.0,
        "Other Income Expense": -766000.0,
        "Other Non Operating Income Expenses": -766000.0,
        "Net Non Operating Interest Income Expense": -384000.0,
        "Interest Expense Non Operating": 384000.0,
        "Operating Income": 13778000.0,
        "Operating Expense": 19680000.0,
        "Selling General And Administration": 19680000.0,
        "Gross Profit": 33458000.0,
        "Cost Of Revenue": 188449000.0,
        "Total Revenue": 221907000.0,
        "Operating Revenue": 221907000.0
    }
}