{
    "2023-03-31": {
        "Tax Effect Of Unusual Items": 0.0,
        "Tax Rate For Calcs": 0.21,
        "Normalized EBITDA": -8044000.0,
        "Net Income From Continuing Operation Net Minority Interest": -5833000.0,
        "Reconciled Depreciation": 3207000.0,
        "Reconciled Cost Of Revenue": 95427000.0,
        "EBITDA": -8044000.0,
        "EBIT": -11251000.0,
        "Net Interest Income": -215000.0,
        "Interest Expense": 215000.0,
        "Normalized Income": -5833000.0,
        "Net Income From Continuing And Discontinued Operation": -5833000.0,
        "Total Expenses": 170853000.0,
        "Total Operating Income As Reported": -16061000.0,
        "Diluted Average Shares": 39200000.0,
        "Basic Average Shares": 39200000.0,
        "Diluted EPS": -0.15,
        "Basic EPS": -0.15,
        "Diluted NI Availto Com Stockholders": -5833000.0,
        "Net Income Common Stockholders": -5833000.0,
        "Otherunder Preferred Stock Dividend": NaN,
        "Net Income": -5833000.0,
        "Net Income Including Noncontrolling Interests": -5833000.0,
        "Net Income Continuous Operations": -5833000.0,
        "Tax Provision": -5633000.0,
        "Pretax Income": -11466000.0,
        "Other Income Expense": 4810000.0,
        "Other Non Operating Income Expenses": 4810000.0,
        "Net Non Operating Interest Income Expense": -215000.0,
        "Interest Expense Non Operating": 215000.0,
        "Operating Income": -16061000.0,
        "Operating Expense": 75426000.0,
        "Depreciation Amortization Depletion Income Statement": 3207000.0,
        "Depreciation And Amortization In Income Statement": 3207000.0,
        "Selling General And Administration": 72219000.0,
        "Gross Profit": 59365000.0,
        "Cost Of Revenue": 95427000.0,
        "Total Revenue": 154792000.0,
        "Operating Revenue": 150914000.0
    },
    "2022-12-31": {
        "Tax Effect Of Unusual Items": NaN,
        "Tax Rate For Calcs": NaN,
        "Normalized EBITDA": NaN,
        "Net Income From Continuing Operation Net Minority Interest": NaN,
        "Reconciled Depreciation": NaN,
        "Reconciled Cost Of Revenue": NaN,
        "EBITDA": NaN,
        "EBIT": NaN,
        "Net Interest Income": NaN,
        "Interest Expense": NaN,
        "Normalized Income": NaN,
        "Net Income From Continuing And Discontinued Operation": NaN,
        "Total Expenses": NaN,
        "Total Operating Income As Reported": NaN,
        "Diluted Average Shares": NaN,
        "Basic Average Shares": NaN,
        "Diluted EPS": NaN,
        "Basic EPS": NaN,
        "Diluted NI Availto Com Stockholders": NaN,
        "Net Income Common Stockholders": NaN,
        "Otherunder Preferred Stock Dividend": -13000.0,
        "Net Income": NaN,
        "Net Income Including Noncontrolling Interests": NaN,
        "Net Income Continuous Operations": NaN,
        "Tax Provision": NaN,
        "Pretax Income": NaN,
        "Other Income Expense": NaN,
        "Other Non Operating Income Expenses": NaN,
        "Net Non Operating Interest Income Expense": NaN,
        "Interest Expense Non Operating": NaN,
        "Operating Income": NaN,
        "Operating Expense": NaN,
        "Depreciation Amortization Depletion Income Statement": NaN,
        "Depreciation And Amortization In Income Statement": NaN,
        "Selling General And Administration": NaN,
        "Gross Profit": NaN,
        "Cost Of Revenue": NaN,
        "Total Revenue": NaN,
        "Operating Revenue": NaN
    },
    "2022-09-30": {
        "Tax Effect Of Unusual Items": NaN,
        "Tax Rate For Calcs": NaN,
        "Normalized EBITDA": NaN,
        "Net Income From Continuing Operation Net Minority Interest": NaN,
        "Reconciled Depreciation": NaN,
        "Reconciled Cost Of Revenue": NaN,
        "EBITDA": NaN,
        "EBIT": NaN,
        "Net Interest Income": NaN,
        "Interest Expense": NaN,
        "Normalized Income": NaN,
        "Net Income From Continuing And Discontinued Operation": NaN,
        "Total Expenses": NaN,
        "Total Operating Income As Reported": NaN,
        "Diluted Average Shares": NaN,
        "Basic Average Shares": NaN,
        "Diluted EPS": NaN,
        "Basic EPS": NaN,
        "Diluted NI Availto Com Stockholders": NaN,
        "Net Income Common Stockholders": NaN,
        "Otherunder Preferred Stock Dividend": 12000.0,
        "Net Income": NaN,
        "Net Income Including Noncontrolling Interests": NaN,
        "Net Income Continuous Operations": NaN,
        "Tax Provision": NaN,
        "Pretax Income": NaN,
        "Other Income Expense": NaN,
        "Other Non Operating Income Expenses": NaN,
        "Net Non Operating Interest Income Expense": NaN,
        "Interest Expense Non Operating": NaN,
        "Operating Income": NaN,
        "Operating Expense": NaN,
        "Depreciation Amortization Depletion Income Statement": NaN,
        "Depreciation And Amortization In Income Statement": NaN,
        "Selling General And Administration": NaN,
        "Gross Profit": NaN,
        "Cost Of Revenue": NaN,
        "Total Revenue": NaN,
        "Operating Revenue": NaN
    },
    "2022-06-30": {
        "Tax Effect Of Unusual Items": 0.0,
        "Tax Rate For Calcs": 0.249,
        "Normalized EBITDA": 59613000.0,
        "Net Income From Continuing Operation Net Minority Interest": 42168000.0,
        "Reconciled Depreciation": 3332000.0,
        "Reconciled Cost Of Revenue": 256042000.0,
        "EBITDA": 59613000.0,
        "EBIT": 56281000.0,
        "Net Interest Income": -158000.0,
        "Interest Expense": 158000.0,
        "Normalized Income": 42168000.0,
        "Net Income From Continuing And Discontinued Operation": 42168000.0,
        "Total Expenses": 339215000.0,
        "Total Operating Income As Reported": 56742000.0,
        "Diluted Average Shares": 40342000.0,
        "Basic Average Shares": 40048000.0,
        "Diluted EPS": 1.04,
        "Basic EPS": 1.05,
        "Diluted NI Availto Com Stockholders": 42144000.0,
        "Net Income Common Stockholders": 42144000.0,
        "Otherunder Preferred Stock Dividend": 24000.0,
        "Net Income": 42168000.0,
        "Net Income Including Noncontrolling Interests": 42168000.0,
        "Net Income Continuous Operations": 42168000.0,
        "Tax Provision": 13955000.0,
        "Pretax Income": 56123000.0,
        "Other Income Expense": -461000.0,
        "Other Non Operating Income Expenses": -461000.0,
        "Net Non Operating Interest Income Expense": -158000.0,
        "Interest Expense Non Operating": 158000.0,
        "Operating Income": 56742000.0,
        "Operating Expense": 83173000.0,
        "Depreciation Amortization Depletion Income Statement": 3332000.0,
        "Depreciation And Amortization In Income Statement": 3332000.0,
        "Selling General And Administration": 79841000.0,
        "Gross Profit": 139915000.0,
        "Cost Of Revenue": 256042000.0,
        "Total Revenue": 395957000.0,
        "Operating Revenue": 391496000.0
    },
    "2022-03-31": {
        "Diluted EPS": 0.81,
        "Total Revenue": 319,
        "Gross Profit": 123,
        "Operating Income": 44,
        "EBIT": 48,
        "Net Income": 33
    },
    "2021-12-31": {
        "Diluted EPS": 1.56,
        "Total Revenue": 495,
        "Gross Profit": 162,
        "Operating Income": 82,
        "EBIT": 85,
        "Net Income": 62
    },
    "2021-09-30": {
        "Diluted EPS": 0.84,
        "Total Revenue": 332,
        "Gross Profit": 113,
        "Operating Income": 46,
        "EBIT": 49,
        "Net Income": 34
    },
    "2021-06-30": {
        "Diluted EPS": 0.78,
        "Total Revenue": 285,
        "Gross Profit": 106,
        "Operating Income": 42,
        "EBIT": 45,
        "Net Income": 32
    },
    "2021-03-31": {
        "Diluted EPS": 0.37,
        "Total Revenue": 184,
        "Gross Profit": 75,
        "Operating Income": 20,
        "EBIT": 23,
        "Net Income": 15
    },
    "2020-12-31": {
        "Diluted EPS": 0.6,
        "Total Revenue": 250,
        "Gross Profit": 90,
        "Operating Income": 30,
        "EBIT": 16,
        "Net Income": 24
    },
    "2020-09-30": {
        "Diluted EPS": 0.15,
        "Total Revenue": 159,
        "Gross Profit": 59,
        "Operating Income": 7,
        "EBIT": 15,
        "Net Income": 6
    },
    "2020-06-30": {
        "Diluted EPS": 0.0,
        "Total Revenue": 117,
        "Gross Profit": 44,
        "Operating Income": -3,
        "EBIT": 6,
        "Net Income": 0
    },
    "2020-03-31": {
        "Diluted EPS": 0.33,
        "Total Revenue": 191,
        "Gross Profit": 77,
        "Operating Income": 20,
        "EBIT": 28,
        "Net Income": 13
    },
    "2019-12-31": {
        "Diluted EPS": 0.52,
        "Total Revenue": 238,
        "Gross Profit": 83,
        "Operating Income": 27,
        "EBIT": 14,
        "Net Income": 21
    },
    "2019-09-30": {
        "Diluted EPS": 0.49,
        "Total Revenue": 198,
        "Gross Profit": 74,
        "Operating Income": 24,
        "EBIT": 31,
        "Net Income": 19
    },
    "2019-06-30": {
        "Diluted EPS": 0.54,
        "Total Revenue": 210,
        "Gross Profit": 82,
        "Operating Income": 27,
        "EBIT": 34,
        "Net Income": 21
    },
    "2019-03-31": {
        "Diluted EPS": 0.4,
        "Total Revenue": 161,
        "Gross Profit": 69,
        "Operating Income": 18,
        "EBIT": 25,
        "Net Income": 16
    },
    "2018-12-31": {
        "Diluted EPS": 0.67,
        "Total Revenue": 230,
        "Gross Profit": 82,
        "Operating Income": 32,
        "EBIT": 34,
        "Net Income": 26
    },
    "2018-09-30": {
        "Diluted EPS": 0.53,
        "Total Revenue": 211,
        "Gross Profit": 78,
        "Operating Income": 27,
        "EBIT": 29,
        "Net Income": 21
    },
    "2018-06-30": {
        "Diluted EPS": 0.56,
        "Total Revenue": 199,
        "Gross Profit": 80,
        "Operating Income": 29,
        "EBIT": 30,
        "Net Income": 22
    },
    "2018-03-31": {
        "Diluted EPS": 0.46,
        "Total Revenue": 175,
        "Gross Profit": 73,
        "Operating Income": 23,
        "EBIT": 25,
        "Net Income": 18
    },
    "2017-12-31": {
        "Diluted EPS": 0.22,
        "Total Revenue": 203,
        "Gross Profit": 71,
        "Operating Income": 27,
        "EBIT": 29,
        "Net Income": 8
    },
    "2017-09-30": {
        "Diluted EPS": 0.39,
        "Total Revenue": 183,
        "Gross Profit": 69,
        "Operating Income": 25,
        "EBIT": 26,
        "Net Income": 15
    },
    "2017-06-30": {
        "Diluted EPS": 0.4,
        "Total Revenue": 180,
        "Gross Profit": 70,
        "Operating Income": 25,
        "EBIT": 26,
        "Net Income": 16
    },
    "2017-03-31": {
        "Diluted EPS": 0.31,
        "Total Revenue": 153,
        "Gross Profit": 64,
        "Operating Income": 19,
        "EBIT": 20,
        "Net Income": 12
    },
    "2016-12-31": {
        "Diluted EPS": 0.44,
        "Total Revenue": 189,
        "Gross Profit": 68,
        "Operating Income": 28,
        "EBIT": 29,
        "Net Income": 17
    },
    "2016-09-30": {
        "Diluted EPS": 0.39,
        "Total Revenue": 181,
        "Gross Profit": 67,
        "Operating Income": 25,
        "EBIT": 26,
        "Net Income": 15
    },
    "2016-06-30": {
        "Diluted EPS": 0.45,
        "Total Revenue": 183,
        "Gross Profit": 70,
        "Operating Income": 29,
        "EBIT": 30,
        "Net Income": 18
    },
    "2016-03-31": {
        "Diluted EPS": 0.38,
        "Total Revenue": 164,
        "Gross Profit": 68,
        "Operating Income": 25,
        "EBIT": 26,
        "Net Income": 15
    },
    "2015-12-31": {
        "Diluted EPS": 0.5,
        "Total Revenue": 203,
        "Gross Profit": 73,
        "Operating Income": 34,
        "EBIT": 35,
        "Net Income": 20
    },
    "2015-09-30": {
        "Diluted EPS": 0.39,
        "Total Revenue": 166,
        "Gross Profit": 64,
        "Operating Income": 27,
        "EBIT": 28,
        "Net Income": 15
    },
    "2015-06-30": {
        "Diluted EPS": 0.45,
        "Total Revenue": 173,
        "Gross Profit": 68,
        "Operating Income": 30,
        "EBIT": 30,
        "Net Income": 18
    },
    "2015-03-31": {
        "Diluted EPS": 0.35,
        "Total Revenue": 147,
        "Gross Profit": 60,
        "Operating Income": 24,
        "EBIT": 25,
        "Net Income": 14
    },
    "2014-12-31": {
        "Diluted EPS": 0.42,
        "Total Revenue": 172,
        "Gross Profit": 63,
        "Operating Income": 27,
        "EBIT": 28,
        "Net Income": 16
    },
    "2014-09-30": {
        "Diluted EPS": 0.35,
        "Total Revenue": 151,
        "Gross Profit": 59,
        "Operating Income": 24,
        "EBIT": 25,
        "Net Income": 14
    },
    "2014-06-30": {
        "Diluted EPS": 0.33,
        "Total Revenue": 134,
        "Gross Profit": 55,
        "Operating Income": 22,
        "EBIT": 23,
        "Net Income": 13
    },
    "2014-03-31": {
        "Diluted EPS": 0.17,
        "Total Revenue": 115,
        "Gross Profit": 46,
        "Operating Income": 12,
        "EBIT": 13,
        "Net Income": 7
    },
    "2013-12-31": {
        "Diluted EPS": 0.0,
        "Total Revenue": 149,
        "Gross Profit": 55,
        "Operating Income": -8,
        "EBIT": -7,
        "Net Income": -8
    },
    "2013-09-30": {
        "Diluted EPS": 0.0,
        "Total Revenue": 112,
        "Gross Profit": 44,
        "Operating Income": 13,
        "EBIT": 13,
        "Net Income": 7
    },
    "2013-06-30": {
        "Diluted EPS": 0.0,
        "Total Revenue": 105,
        "Gross Profit": 44,
        "Operating Income": 14,
        "EBIT": 15,
        "Net Income": 8
    },
    "2013-03-31": {
        "Diluted EPS": 0.0,
        "Total Revenue": 69,
        "Gross Profit": 28,
        "Operating Income": 3,
        "EBIT": 3,
        "Net Income": 2
    },
    "2012-12-31": {
        "Diluted EPS": 0.0,
        "Total Revenue": NaN,
        "Gross Profit": NaN,
        "Operating Income": NaN,
        "EBIT": NaN,
        "Net Income": NaN
    },
    "2012-09-30": {
        "Diluted EPS": 0.0,
        "Total Revenue": 91,
        "Gross Profit": 37,
        "Operating Income": 11,
        "EBIT": 11,
        "Net Income": 6
    },
    "2011-12-31": {
        "Diluted EPS": 0.0,
        "Total Revenue": NaN,
        "Gross Profit": NaN,
        "Operating Income": NaN,
        "EBIT": NaN,
        "Net Income": NaN
    },
    "2010-12-31": {
        "Diluted EPS": 0.0,
        "Total Revenue": NaN,
        "Gross Profit": NaN,
        "Operating Income": NaN,
        "EBIT": NaN,
        "Net Income": NaN
    },
    "2023-06-30": {
        "Tax Effect Of Unusual Items": NaN,
        "Tax Rate For Calcs": NaN,
        "Normalized EBITDA": NaN,
        "Net Income From Continuing Operation Net Minority Interest": NaN,
        "Reconciled Depreciation": NaN,
        "Reconciled Cost Of Revenue": NaN,
        "EBITDA": NaN,
        "EBIT": NaN,
        "Net Interest Income": NaN,
        "Interest Expense": NaN,
        "Normalized Income": NaN,
        "Net Income From Continuing And Discontinued Operation": NaN,
        "Total Expenses": NaN,
        "Total Operating Income As Reported": NaN,
        "Diluted Average Shares": NaN,
        "Basic Average Shares": NaN,
        "Diluted EPS": NaN,
        "Basic EPS": NaN,
        "Diluted NI Availto Com Stockholders": NaN,
        "Net Income Common Stockholders": NaN,
        "Otherunder Preferred Stock Dividend": -13000.0,
        "Net Income": NaN,
        "Net Income Including Noncontrolling Interests": NaN,
        "Net Income Continuous Operations": NaN,
        "Tax Provision": NaN,
        "Pretax Income": NaN,
        "Other Income Expense": NaN,
        "Other Non Operating Income Expenses": NaN,
        "Net Non Operating Interest Income Expense": NaN,
        "Interest Expense Non Operating": NaN,
        "Operating Income": NaN,
        "Operating Expense": NaN,
        "Depreciation Amortization Depletion Income Statement": NaN,
        "Depreciation And Amortization In Income Statement": NaN,
        "Selling General And Administration": NaN,
        "Gross Profit": NaN,
        "Cost Of Revenue": NaN,
        "Total Revenue": NaN,
        "Operating Revenue": NaN
    },
    "2023-09-30": {
        "Tax Effect Of Unusual Items": NaN,
        "Tax Rate For Calcs": NaN,
        "Normalized EBITDA": NaN,
        "Net Income From Continuing Operation Net Minority Interest": NaN,
        "Reconciled Depreciation": NaN,
        "Reconciled Cost Of Revenue": NaN,
        "EBITDA": NaN,
        "EBIT": NaN,
        "Net Interest Income": NaN,
        "Interest Expense": NaN,
        "Normalized Income": NaN,
        "Net Income From Continuing And Discontinued Operation": NaN,
        "Total Expenses": NaN,
        "Total Operating Income As Reported": NaN,
        "Diluted Average Shares": 38492000.0,
        "Basic Average Shares": 38492000.0,
        "Diluted EPS": -0.24,
        "Basic EPS": -0.24,
        "Diluted NI Availto Com Stockholders": NaN,
        "Net Income Common Stockholders": NaN,
        "Otherunder Preferred Stock Dividend": -11000.0,
        "Net Income": NaN,
        "Net Income Including Noncontrolling Interests": NaN,
        "Net Income Continuous Operations": NaN,
        "Tax Provision": NaN,
        "Pretax Income": NaN,
        "Other Income Expense": NaN,
        "Other Non Operating Income Expenses": NaN,
        "Net Non Operating Interest Income Expense": NaN,
        "Interest Expense Non Operating": NaN,
        "Operating Income": NaN,
        "Operating Expense": NaN,
        "Depreciation Amortization Depletion Income Statement": NaN,
        "Depreciation And Amortization In Income Statement": NaN,
        "Selling General And Administration": NaN,
        "Gross Profit": NaN,
        "Cost Of Revenue": NaN,
        "Total Revenue": NaN,
        "Operating Revenue": NaN
    },
    "2023-12-31": {
        "Tax Effect Of Unusual Items": 0.0,
        "Tax Rate For Calcs": 0.124187,
        "Normalized EBITDA": -8153000.0,
        "Net Income From Continuing Operation Net Minority Interest": -10233000.0,
        "Reconciled Depreciation": 3315000.0,
        "Reconciled Cost Of Revenue": 105427000.0,
        "EBITDA": -8153000.0,
        "EBIT": -11468000.0,
        "Net Interest Income": -216000.0,
        "Interest Expense": 216000.0,
        "Normalized Income": -10233000.0,
        "Net Income From Continuing And Discontinued Operation": -10233000.0,
        "Total Expenses": 183444000.0,
        "Total Operating Income As Reported": -17201000.0,
        "Diluted Average Shares": 38415000.0,
        "Basic Average Shares": 38415000.0,
        "Diluted EPS": -0.27,
        "Basic EPS": -0.27,
        "Diluted NI Availto Com Stockholders": -10216000.0,
        "Net Income Common Stockholders": -10216000.0,
        "Otherunder Preferred Stock Dividend": -17000.0,
        "Net Income": -10233000.0,
        "Net Income Including Noncontrolling Interests": -10233000.0,
        "Net Income Continuous Operations": -10233000.0,
        "Tax Provision": -1451000.0,
        "Pretax Income": -11684000.0,
        "Other Income Expense": 5733000.0,
        "Other Non Operating Income Expenses": 5733000.0,
        "Net Non Operating Interest Income Expense": -216000.0,
        "Interest Expense Non Operating": 216000.0,
        "Operating Income": -17201000.0,
        "Operating Expense": 78017000.0,
        "Depreciation Amortization Depletion Income Statement": 3315000.0,
        "Depreciation And Amortization In Income Statement": 3315000.0,
        "Selling General And Administration": 74702000.0,
        "Gross Profit": 60816000.0,
        "Cost Of Revenue": 105427000.0,
        "Total Revenue": 166243000.0,
        "Operating Revenue": 160436000.0
    },
    "2024-03-31": {
        "Tax Effect Of Unusual Items": 0.0,
        "Tax Rate For Calcs": 0.322,
        "Normalized EBITDA": -11112000.0,
        "Net Income From Continuing Operation Net Minority Interest": -9987000.0,
        "Reconciled Depreciation": 3422000.0,
        "Reconciled Cost Of Revenue": 76868000.0,
        "EBITDA": -11112000.0,
        "EBIT": -14534000.0,
        "Net Interest Income": -199000.0,
        "Interest Expense": 199000.0,
        "Normalized Income": -9987000.0,
        "Net Income From Continuing And Discontinued Operation": -9987000.0,
        "Total Expenses": 149206000.0,
        "Total Operating Income As Reported": -20102000.0,
        "Diluted Average Shares": 38447000.0,
        "Basic Average Shares": 38447000.0,
        "Diluted EPS": -0.26,
        "Basic EPS": -0.26,
        "Diluted NI Availto Com Stockholders": -9987000.0,
        "Net Income Common Stockholders": -9987000.0,
        "Otherunder Preferred Stock Dividend": NaN,
        "Net Income": -9987000.0,
        "Net Income Including Noncontrolling Interests": -9987000.0,
        "Net Income Continuous Operations": -9987000.0,
        "Tax Provision": -4746000.0,
        "Pretax Income": -14733000.0,
        "Other Income Expense": 5568000.0,
        "Other Non Operating Income Expenses": 5568000.0,
        "Net Non Operating Interest Income Expense": -199000.0,
        "Interest Expense Non Operating": 199000.0,
        "Operating Income": -20102000.0,
        "Operating Expense": 72338000.0,
        "Depreciation Amortization Depletion Income Statement": 3422000.0,
        "Depreciation And Amortization In Income Statement": 3422000.0,
        "Selling General And Administration": 68916000.0,
        "Gross Profit": 52236000.0,
        "Cost Of Revenue": 76868000.0,
        "Total Revenue": 129104000.0,
        "Operating Revenue": 123902000.0
    },
    "2024-06-30": {
        "Tax Effect Of Unusual Items": 0.0,
        "Tax Rate For Calcs": 0.21,
        "Normalized EBITDA": 95000.0,
        "Net Income From Continuing Operation Net Minority Interest": -5538000.0,
        "Reconciled Depreciation": 3329000.0,
        "Reconciled Cost Of Revenue": 98081000.0,
        "EBITDA": 95000.0,
        "EBIT": -3234000.0,
        "Net Interest Income": -204000.0,
        "Interest Expense": 204000.0,
        "Normalized Income": -5538000.0,
        "Net Income From Continuing And Discontinued Operation": -5538000.0,
        "Total Expenses": 166413000.0,
        "Total Operating Income As Reported": -8046000.0,
        "Diluted Average Shares": 38675000.0,
        "Basic Average Shares": 38675000.0,
        "Diluted EPS": -0.14,
        "Basic EPS": -0.14,
        "Diluted NI Availto Com Stockholders": -5538000.0,
        "Net Income Common Stockholders": -5538000.0,
        "Otherunder Preferred Stock Dividend": NaN,
        "Net Income": -5538000.0,
        "Net Income Including Noncontrolling Interests": -5538000.0,
        "Net Income Continuous Operations": -5538000.0,
        "Tax Provision": 2100000.0,
        "Pretax Income": -3438000.0,
        "Other Income Expense": 4812000.0,
        "Other Non Operating Income Expenses": 4812000.0,
        "Net Non Operating Interest Income Expense": -204000.0,
        "Interest Expense Non Operating": 204000.0,
        "Operating Income": -8046000.0,
        "Operating Expense": 68332000.0,
        "Depreciation Amortization Depletion Income Statement": 3329000.0,
        "Depreciation And Amortization In Income Statement": 3329000.0,
        "Selling General And Administration": 65003000.0,
        "Gross Profit": 60286000.0,
        "Cost Of Revenue": 98081000.0,
        "Total Revenue": 158367000.0,
        "Operating Revenue": 153717000.0
    },
    "2024-09-30": {
        "Tax Effect Of Unusual Items": 0.0,
        "Tax Rate For Calcs": 0.152,
        "Normalized EBITDA": -1594000.0,
        "Net Income From Continuing Operation Net Minority Interest": -5385000.0,
        "Reconciled Depreciation": 4550000.0,
        "Reconciled Cost Of Revenue": 104754000.0,
        "EBITDA": -1594000.0,
        "EBIT": -6144000.0,
        "Net Interest Income": -208000.0,
        "Interest Expense": 208000.0,
        "Normalized Income": -5385000.0,
        "Net Income From Continuing And Discontinued Operation": -5385000.0,
        "Total Expenses": 179976000.0,
        "Total Operating Income As Reported": -11465000.0,
        "Diluted Average Shares": 38762000.0,
        "Basic Average Shares": 38762000.0,
        "Diluted EPS": -0.14,
        "Basic EPS": -0.14,
        "Diluted NI Availto Com Stockholders": -5385000.0,
        "Net Income Common Stockholders": -5385000.0,
        "Otherunder Preferred Stock Dividend": NaN,
        "Net Income": -5385000.0,
        "Net Income Including Noncontrolling Interests": -5385000.0,
        "Net Income Continuous Operations": -5385000.0,
        "Tax Provision": -967000.0,
        "Pretax Income": -6352000.0,
        "Other Income Expense": 5321000.0,
        "Other Non Operating Income Expenses": 5321000.0,
        "Net Non Operating Interest Income Expense": -208000.0,
        "Interest Expense Non Operating": 208000.0,
        "Operating Income": -11465000.0,
        "Operating Expense": 75222000.0,
        "Depreciation Amortization Depletion Income Statement": 4550000.0,
        "Depreciation And Amortization In Income Statement": 4550000.0,
        "Selling General And Administration": 70672000.0,
        "Gross Profit": 63757000.0,
        "Cost Of Revenue": 104754000.0,
        "Total Revenue": 168511000.0,
        "Operating Revenue": 162552000.0
    },
    "2024-12-31": {
        "Tax Effect Of Unusual Items": 0.0,
        "Tax Rate For Calcs": 0.256372,
        "Normalized EBITDA": 16984000.0,
        "Net Income From Continuing Operation Net Minority Interest": 8548000.0,
        "Reconciled Depreciation": 5288000.0,
        "Reconciled Cost Of Revenue": 151768000.0,
        "EBITDA": 16984000.0,
        "EBIT": 11696000.0,
        "Net Interest Income": -201000.0,
        "Interest Expense": 201000.0,
        "Normalized Income": 8548000.0,
        "Net Income From Continuing And Discontinued Operation": 8548000.0,
        "Total Expenses": 233374000.0,
        "Total Operating Income As Reported": 6704000.0,
        "Diluted Average Shares": NaN,
        "Basic Average Shares": NaN,
        "Diluted EPS": NaN,
        "Basic EPS": NaN,
        "Diluted NI Availto Com Stockholders": 8579000.0,
        "Net Income Common Stockholders": 8579000.0,
        "Otherunder Preferred Stock Dividend": NaN,
        "Net Income": 8548000.0,
        "Net Income Including Noncontrolling Interests": 8548000.0,
        "Net Income Continuous Operations": 8548000.0,
        "Tax Provision": 2947000.0,
        "Pretax Income": 11495000.0,
        "Other Income Expense": 4992000.0,
        "Other Non Operating Income Expenses": 4992000.0,
        "Net Non Operating Interest Income Expense": -201000.0,
        "Interest Expense Non Operating": 201000.0,
        "Operating Income": 6704000.0,
        "Operating Expense": 81606000.0,
        "Depreciation Amortization Depletion Income Statement": 5288000.0,
        "Depreciation And Amortization In Income Statement": 5288000.0,
        "Selling General And Administration": 76318000.0,
        "Gross Profit": 88310000.0,
        "Cost Of Revenue": 151768000.0,
        "Total Revenue": 240078000.0,
        "Operating Revenue": 234036000.0
    }
}