{
    "2023-06-30": {
        "Tax Effect Of Unusual Items": NaN,
        "Tax Rate For Calcs": NaN,
        "Normalized EBITDA": NaN,
        "Total Unusual Items": NaN,
        "Total Unusual Items Excluding Goodwill": NaN,
        "Net Income From Continuing Operation Net Minority Interest": NaN,
        "Reconciled Depreciation": NaN,
        "Reconciled Cost Of Revenue": NaN,
        "EBITDA": NaN,
        "EBIT": NaN,
        "Net Interest Income": NaN,
        "Interest Expense": NaN,
        "Interest Income": NaN,
        "Normalized Income": NaN,
        "Net Income From Continuing And Discontinued Operation": NaN,
        "Total Expenses": NaN,
        "Total Operating Income As Reported": NaN,
        "Diluted Average Shares": NaN,
        "Basic Average Shares": NaN,
        "Diluted EPS": NaN,
        "Basic EPS": NaN,
        "Diluted NI Availto Com Stockholders": NaN,
        "Net Income Common Stockholders": NaN,
        "Net Income": NaN,
        "Net Income Including Noncontrolling Interests": NaN,
        "Net Income Continuous Operations": NaN,
        "Tax Provision": NaN,
        "Pretax Income": NaN,
        "Other Income Expense": NaN,
        "Other Non Operating Income Expenses": NaN,
        "Special Income Charges": NaN,
        "Other Special Charges": 1550000.0,
        "Write Off": 270000.0,
        "Impairment Of Capital Assets": 270000.0,
        "Restructuring And Mergern Acquisition": NaN,
        "Net Non Operating Interest Income Expense": NaN,
        "Interest Expense Non Operating": NaN,
        "Interest Income Non Operating": NaN,
        "Operating Income": NaN,
        "Operating Expense": NaN,
        "Research And Development": NaN,
        "Selling General And Administration": NaN,
        "Gross Profit": NaN,
        "Cost Of Revenue": NaN,
        "Total Revenue": NaN,
        "Operating Revenue": NaN
    },
    "2023-03-31": {
        "Tax Effect Of Unusual Items": NaN,
        "Tax Rate For Calcs": NaN,
        "Normalized EBITDA": NaN,
        "Total Unusual Items": NaN,
        "Total Unusual Items Excluding Goodwill": NaN,
        "Net Income From Continuing Operation Net Minority Interest": NaN,
        "Reconciled Depreciation": NaN,
        "Reconciled Cost Of Revenue": NaN,
        "EBITDA": NaN,
        "EBIT": NaN,
        "Net Interest Income": NaN,
        "Interest Expense": NaN,
        "Interest Income": NaN,
        "Normalized Income": NaN,
        "Net Income From Continuing And Discontinued Operation": NaN,
        "Total Expenses": NaN,
        "Total Operating Income As Reported": NaN,
        "Diluted Average Shares": NaN,
        "Basic Average Shares": NaN,
        "Diluted EPS": NaN,
        "Basic EPS": NaN,
        "Diluted NI Availto Com Stockholders": NaN,
        "Net Income Common Stockholders": NaN,
        "Net Income": NaN,
        "Net Income Including Noncontrolling Interests": NaN,
        "Net Income Continuous Operations": NaN,
        "Tax Provision": NaN,
        "Pretax Income": NaN,
        "Other Income Expense": NaN,
        "Other Non Operating Income Expenses": NaN,
        "Special Income Charges": NaN,
        "Other Special Charges": NaN,
        "Write Off": NaN,
        "Impairment Of Capital Assets": 0.0,
        "Restructuring And Mergern Acquisition": NaN,
        "Net Non Operating Interest Income Expense": NaN,
        "Interest Expense Non Operating": NaN,
        "Interest Income Non Operating": NaN,
        "Operating Income": NaN,
        "Operating Expense": NaN,
        "Research And Development": NaN,
        "Selling General And Administration": NaN,
        "Gross Profit": NaN,
        "Cost Of Revenue": NaN,
        "Total Revenue": NaN,
        "Operating Revenue": NaN
    },
    "2022-12-31": {
        "Tax Effect Of Unusual Items": NaN,
        "Tax Rate For Calcs": NaN,
        "Normalized EBITDA": NaN,
        "Total Unusual Items": NaN,
        "Total Unusual Items Excluding Goodwill": NaN,
        "Net Income From Continuing Operation Net Minority Interest": NaN,
        "Reconciled Depreciation": NaN,
        "Reconciled Cost Of Revenue": NaN,
        "EBITDA": NaN,
        "EBIT": NaN,
        "Net Interest Income": NaN,
        "Interest Expense": NaN,
        "Interest Income": NaN,
        "Normalized Income": NaN,
        "Net Income From Continuing And Discontinued Operation": NaN,
        "Total Expenses": NaN,
        "Total Operating Income As Reported": NaN,
        "Diluted Average Shares": NaN,
        "Basic Average Shares": NaN,
        "Diluted EPS": NaN,
        "Basic EPS": NaN,
        "Diluted NI Availto Com Stockholders": NaN,
        "Net Income Common Stockholders": NaN,
        "Net Income": NaN,
        "Net Income Including Noncontrolling Interests": NaN,
        "Net Income Continuous Operations": NaN,
        "Tax Provision": NaN,
        "Pretax Income": NaN,
        "Other Income Expense": NaN,
        "Other Non Operating Income Expenses": NaN,
        "Special Income Charges": NaN,
        "Other Special Charges": 0.0,
        "Write Off": NaN,
        "Impairment Of Capital Assets": 547000.0,
        "Restructuring And Mergern Acquisition": NaN,
        "Net Non Operating Interest Income Expense": NaN,
        "Interest Expense Non Operating": NaN,
        "Interest Income Non Operating": NaN,
        "Operating Income": NaN,
        "Operating Expense": NaN,
        "Research And Development": NaN,
        "Selling General And Administration": NaN,
        "Gross Profit": NaN,
        "Cost Of Revenue": NaN,
        "Total Revenue": NaN,
        "Operating Revenue": NaN
    },
    "2022-09-30": {
        "Tax Effect Of Unusual Items": NaN,
        "Tax Rate For Calcs": NaN,
        "Normalized EBITDA": NaN,
        "Total Unusual Items": NaN,
        "Total Unusual Items Excluding Goodwill": NaN,
        "Net Income From Continuing Operation Net Minority Interest": NaN,
        "Reconciled Depreciation": NaN,
        "Reconciled Cost Of Revenue": NaN,
        "EBITDA": NaN,
        "EBIT": NaN,
        "Net Interest Income": NaN,
        "Interest Expense": NaN,
        "Interest Income": NaN,
        "Normalized Income": NaN,
        "Net Income From Continuing And Discontinued Operation": NaN,
        "Total Expenses": NaN,
        "Total Operating Income As Reported": NaN,
        "Diluted Average Shares": NaN,
        "Basic Average Shares": NaN,
        "Diluted EPS": NaN,
        "Basic EPS": NaN,
        "Diluted NI Availto Com Stockholders": NaN,
        "Net Income Common Stockholders": NaN,
        "Net Income": NaN,
        "Net Income Including Noncontrolling Interests": NaN,
        "Net Income Continuous Operations": NaN,
        "Tax Provision": NaN,
        "Pretax Income": NaN,
        "Other Income Expense": NaN,
        "Other Non Operating Income Expenses": NaN,
        "Special Income Charges": NaN,
        "Other Special Charges": NaN,
        "Write Off": 0.0,
        "Impairment Of Capital Assets": 0.0,
        "Restructuring And Mergern Acquisition": NaN,
        "Net Non Operating Interest Income Expense": NaN,
        "Interest Expense Non Operating": NaN,
        "Interest Income Non Operating": NaN,
        "Operating Income": NaN,
        "Operating Expense": NaN,
        "Research And Development": NaN,
        "Selling General And Administration": NaN,
        "Gross Profit": NaN,
        "Cost Of Revenue": NaN,
        "Total Revenue": NaN,
        "Operating Revenue": NaN
    },
    "2022-06-30": {
        "Tax Effect Of Unusual Items": -309809.236269,
        "Tax Rate For Calcs": 0.261002,
        "Normalized EBITDA": 46209000.0,
        "Total Unusual Items": -1187000.0,
        "Total Unusual Items Excluding Goodwill": -1187000.0,
        "Net Income From Continuing Operation Net Minority Interest": 15298000.0,
        "Reconciled Depreciation": 22973000.0,
        "Reconciled Cost Of Revenue": 159909000.0,
        "EBITDA": 45022000.0,
        "EBIT": 22049000.0,
        "Net Interest Income": -1252000.0,
        "Interest Expense": 1348000.0,
        "Interest Income": 96000.0,
        "Normalized Income": 16175190.763731,
        "Net Income From Continuing And Discontinued Operation": 15298000.0,
        "Total Expenses": 270533000.0,
        "Total Operating Income As Reported": 23256000.0,
        "Diluted Average Shares": 57600000.0,
        "Basic Average Shares": 56691000.0,
        "Diluted EPS": 0.27,
        "Basic EPS": 0.27,
        "Diluted NI Availto Com Stockholders": 15298000.0,
        "Net Income Common Stockholders": 15298000.0,
        "Net Income": 15298000.0,
        "Net Income Including Noncontrolling Interests": 15298000.0,
        "Net Income Continuous Operations": 15298000.0,
        "Tax Provision": 5403000.0,
        "Pretax Income": 20701000.0,
        "Other Income Expense": -2490000.0,
        "Other Non Operating Income Expenses": -1303000.0,
        "Special Income Charges": -1187000.0,
        "Other Special Charges": 6671000.0,
        "Impairment Of Capital Assets": 0.0,
        "Restructuring And Mergern Acquisition": 1187000.0,
        "Net Non Operating Interest Income Expense": -1252000.0,
        "Interest Expense Non Operating": 1348000.0,
        "Interest Income Non Operating": 96000.0,
        "Operating Income": 24443000.0,
        "Operating Expense": 110624000.0,
        "Research And Development": 25137000.0,
        "Selling General And Administration": 85487000.0,
        "Gross Profit": 135067000.0,
        "Cost Of Revenue": 159909000.0,
        "Total Revenue": 294976000.0,
        "Operating Revenue": 294976000.0
    },
    "2022-03-31": {
        "Diluted EPS": 0.18,
        "Total Revenue": 275,
        "Gross Profit": 121,
        "Operating Income": 15,
        "EBIT": 38,
        "Net Income": 11
    },
    "2021-12-31": {
        "Diluted EPS": 0.35,
        "Total Revenue": 278,
        "Gross Profit": 129,
        "Operating Income": 22,
        "EBIT": 46,
        "Net Income": 21
    },
    "2021-09-30": {
        "Diluted EPS": 0.21,
        "Total Revenue": 267,
        "Gross Profit": 120,
        "Operating Income": 16,
        "EBIT": 40,
        "Net Income": 12
    },
    "2021-06-30": {
        "Diluted EPS": 0.09,
        "Total Revenue": 280,
        "Gross Profit": 124,
        "Operating Income": 9,
        "EBIT": 33,
        "Net Income": 5
    },
    "2021-03-31": {
        "Diluted EPS": 0.19,
        "Total Revenue": 249,
        "Gross Profit": 112,
        "Operating Income": 14,
        "EBIT": 39,
        "Net Income": 11
    },
    "2020-12-31": {
        "Diluted EPS": 0.27,
        "Total Revenue": 258,
        "Gross Profit": 111,
        "Operating Income": 16,
        "EBIT": 43,
        "Net Income": 15
    },
    "2020-09-30": {
        "Diluted EPS": -0.05,
        "Total Revenue": 244,
        "Gross Profit": 102,
        "Operating Income": 0,
        "EBIT": 27,
        "Net Income": -3
    },
    "2020-06-30": {
        "Diluted EPS": -0.34,
        "Total Revenue": 218,
        "Gross Profit": 84,
        "Operating Income": -19,
        "EBIT": 8,
        "Net Income": -19
    },
    "2020-03-31": {
        "Diluted EPS": -0.06,
        "Total Revenue": 244,
        "Gross Profit": 104,
        "Operating Income": 1,
        "EBIT": 28,
        "Net Income": -3
    },
    "2019-12-31": {
        "Diluted EPS": -0.07,
        "Total Revenue": 258,
        "Gross Profit": 112,
        "Operating Income": -3,
        "EBIT": 23,
        "Net Income": -4
    },
    "2019-09-30": {
        "Diluted EPS": -0.06,
        "Total Revenue": 243,
        "Gross Profit": 104,
        "Operating Income": -3,
        "EBIT": 24,
        "Net Income": -3
    },
    "2019-06-30": {
        "Diluted EPS": 0.12,
        "Total Revenue": 256,
        "Gross Profit": 112,
        "Operating Income": 12,
        "EBIT": 38,
        "Net Income": 7
    },
    "2019-03-31": {
        "Diluted EPS": 0.11,
        "Total Revenue": 238,
        "Gross Profit": 105,
        "Operating Income": 10,
        "EBIT": 35,
        "Net Income": 6
    },
    "2018-12-31": {
        "Diluted EPS": 0.17,
        "Total Revenue": 233,
        "Gross Profit": 105,
        "Operating Income": 14,
        "EBIT": 33,
        "Net Income": 9
    },
    "2018-09-30": {
        "Diluted EPS": 0.3,
        "Total Revenue": 222,
        "Gross Profit": 102,
        "Operating Income": 21,
        "EBIT": 39,
        "Net Income": 17
    },
    "2018-06-30": {
        "Diluted EPS": 0.21,
        "Total Revenue": 225,
        "Gross Profit": 100,
        "Operating Income": 15,
        "EBIT": 33,
        "Net Income": 11
    },
    "2018-03-31": {
        "Diluted EPS": 0.1,
        "Total Revenue": 203,
        "Gross Profit": 88,
        "Operating Income": 9,
        "EBIT": 24,
        "Net Income": 5
    },
    "2017-12-31": {
        "Diluted EPS": 0.11,
        "Total Revenue": 191,
        "Gross Profit": 86,
        "Operating Income": 13,
        "EBIT": 28,
        "Net Income": 7
    },
    "2017-09-30": {
        "Diluted EPS": -0.07,
        "Total Revenue": 179,
        "Gross Profit": 81,
        "Operating Income": 1,
        "EBIT": 15,
        "Net Income": -4
    },
    "2017-06-30": {
        "Diluted EPS": 0.19,
        "Total Revenue": 187,
        "Gross Profit": 84,
        "Operating Income": 13,
        "EBIT": 26,
        "Net Income": 9
    },
    "2017-03-31": {
        "Diluted EPS": 0.32,
        "Total Revenue": 171,
        "Gross Profit": 76,
        "Operating Income": 6,
        "EBIT": 18,
        "Net Income": 15
    },
    "2016-12-31": {
        "Diluted EPS": 0.17,
        "Total Revenue": 158,
        "Gross Profit": 70,
        "Operating Income": 13,
        "EBIT": 25,
        "Net Income": 8
    },
    "2016-09-30": {
        "Diluted EPS": 0.02,
        "Total Revenue": 157,
        "Gross Profit": 68,
        "Operating Income": 3,
        "EBIT": 15,
        "Net Income": 1
    },
    "2016-06-30": {
        "Diluted EPS": 0.16,
        "Total Revenue": 151,
        "Gross Profit": 67,
        "Operating Income": 12,
        "EBIT": 22,
        "Net Income": 7
    },
    "2016-03-31": {
        "Diluted EPS": 0.1,
        "Total Revenue": 138,
        "Gross Profit": 60,
        "Operating Income": 8,
        "EBIT": 18,
        "Net Income": 4
    },
    "2015-12-31": {
        "Diluted EPS": 0.13,
        "Total Revenue": 138,
        "Gross Profit": 60,
        "Operating Income": 8,
        "EBIT": 18,
        "Net Income": 6
    },
    "2015-09-30": {
        "Diluted EPS": 0.11,
        "Total Revenue": 136,
        "Gross Profit": 59,
        "Operating Income": 9,
        "EBIT": 18,
        "Net Income": 5
    },
    "2015-06-30": {
        "Diluted EPS": 0.17,
        "Total Revenue": 138,
        "Gross Profit": 61,
        "Operating Income": 12,
        "EBIT": 22,
        "Net Income": 7
    },
    "2015-03-31": {
        "Diluted EPS": 0.12,
        "Total Revenue": 130,
        "Gross Profit": 55,
        "Operating Income": 9,
        "EBIT": 18,
        "Net Income": 5
    },
    "2014-12-31": {
        "Diluted EPS": 0.19,
        "Total Revenue": 133,
        "Gross Profit": 60,
        "Operating Income": 14,
        "EBIT": 24,
        "Net Income": 9
    },
    "2014-09-30": {
        "Diluted EPS": 0.18,
        "Total Revenue": 129,
        "Gross Profit": 57,
        "Operating Income": 12,
        "EBIT": 21,
        "Net Income": 8
    },
    "2014-06-30": {
        "Diluted EPS": 0.09,
        "Total Revenue": 129,
        "Gross Profit": 56,
        "Operating Income": 7,
        "EBIT": 16,
        "Net Income": 4
    },
    "2014-03-31": {
        "Diluted EPS": 0.07,
        "Total Revenue": 119,
        "Gross Profit": 52,
        "Operating Income": 6,
        "EBIT": 15,
        "Net Income": 3
    },
    "2013-12-31": {
        "Diluted EPS": 0.15,
        "Total Revenue": 120,
        "Gross Profit": 53,
        "Operating Income": 11,
        "EBIT": 20,
        "Net Income": 7
    },
    "2013-09-30": {
        "Diluted EPS": 0.13,
        "Total Revenue": 115,
        "Gross Profit": 51,
        "Operating Income": 8,
        "EBIT": 17,
        "Net Income": 6
    },
    "2013-06-30": {
        "Diluted EPS": 0.09,
        "Total Revenue": 110,
        "Gross Profit": 47,
        "Operating Income": 7,
        "EBIT": 15,
        "Net Income": 4
    },
    "2013-03-31": {
        "Diluted EPS": 0.02,
        "Total Revenue": 104,
        "Gross Profit": 43,
        "Operating Income": 2,
        "EBIT": 10,
        "Net Income": 1
    },
    "2012-12-31": {
        "Diluted EPS": 0.01,
        "Total Revenue": 102,
        "Gross Profit": 45,
        "Operating Income": 4,
        "EBIT": 10,
        "Net Income": 1
    },
    "2012-09-30": {
        "Diluted EPS": 0.17,
        "Total Revenue": 96,
        "Gross Profit": 45,
        "Operating Income": 9,
        "EBIT": 15,
        "Net Income": 7
    },
    "2012-06-30": {
        "Diluted EPS": 0.14,
        "Total Revenue": 101,
        "Gross Profit": 47,
        "Operating Income": 8,
        "EBIT": 14,
        "Net Income": 6
    },
    "2012-03-31": {
        "Diluted EPS": 0.14,
        "Total Revenue": 96,
        "Gross Profit": 44,
        "Operating Income": 8,
        "EBIT": 13,
        "Net Income": 6
    },
    "2011-12-31": {
        "Diluted EPS": 0.11,
        "Total Revenue": 91,
        "Gross Profit": 42,
        "Operating Income": 6,
        "EBIT": 11,
        "Net Income": 5
    },
    "2011-09-30": {
        "Diluted EPS": 0.11,
        "Total Revenue": 90,
        "Gross Profit": 41,
        "Operating Income": 7,
        "EBIT": 11,
        "Net Income": 5
    },
    "2011-06-30": {
        "Diluted EPS": 0.18,
        "Total Revenue": 91,
        "Gross Profit": 42,
        "Operating Income": 11,
        "EBIT": 15,
        "Net Income": 7
    },
    "2011-03-31": {
        "Diluted EPS": 0.18,
        "Total Revenue": 87,
        "Gross Profit": 40,
        "Operating Income": 10,
        "EBIT": 15,
        "Net Income": 7
    },
    "2010-12-31": {
        "Diluted EPS": 0.12,
        "Total Revenue": 81,
        "Gross Profit": 36,
        "Operating Income": 6,
        "EBIT": 10,
        "Net Income": 4
    },
    "2010-09-30": {
        "Diluted EPS": -0.06,
        "Total Revenue": 73,
        "Gross Profit": 31,
        "Operating Income": -3,
        "EBIT": 0,
        "Net Income": -2
    },
    "2010-06-30": {
        "Diluted EPS": 0.16,
        "Total Revenue": 75,
        "Gross Profit": 32,
        "Operating Income": 9,
        "EBIT": 12,
        "Net Income": 6
    },
    "2010-03-31": {
        "Diluted EPS": 0.13,
        "Total Revenue": 67,
        "Gross Profit": 28,
        "Operating Income": 6,
        "EBIT": 10,
        "Net Income": 5
    },
    "2009-12-31": {
        "Diluted EPS": 0.14,
        "Total Revenue": 67,
        "Gross Profit": 27,
        "Operating Income": 8,
        "EBIT": 11,
        "Net Income": 5
    },
    "2009-09-30": {
        "Diluted EPS": 0.17,
        "Total Revenue": 67,
        "Gross Profit": 29,
        "Operating Income": 8,
        "EBIT": 12,
        "Net Income": 6
    },
    "2009-06-30": {
        "Diluted EPS": 0.17,
        "Total Revenue": 65,
        "Gross Profit": 28,
        "Operating Income": 9,
        "EBIT": 12,
        "Net Income": 6
    },
    "2009-03-31": {
        "Diluted EPS": 0.15,
        "Total Revenue": 58,
        "Gross Profit": 25,
        "Operating Income": 8,
        "EBIT": 11,
        "Net Income": 6
    },
    "2023-09-30": {
        "Tax Effect Of Unusual Items": NaN,
        "Tax Rate For Calcs": NaN,
        "Normalized EBITDA": NaN,
        "Total Unusual Items": NaN,
        "Total Unusual Items Excluding Goodwill": NaN,
        "Net Income From Continuing Operation Net Minority Interest": NaN,
        "Reconciled Depreciation": NaN,
        "Reconciled Cost Of Revenue": NaN,
        "EBITDA": NaN,
        "EBIT": NaN,
        "Net Interest Income": NaN,
        "Interest Expense": NaN,
        "Interest Income": NaN,
        "Normalized Income": NaN,
        "Net Income From Continuing And Discontinued Operation": NaN,
        "Total Expenses": NaN,
        "Total Operating Income As Reported": NaN,
        "Diluted Average Shares": 58375000.0,
        "Basic Average Shares": 57682000.0,
        "Diluted EPS": 0.44,
        "Basic EPS": 0.45,
        "Diluted NI Availto Com Stockholders": NaN,
        "Net Income Common Stockholders": NaN,
        "Net Income": NaN,
        "Net Income Including Noncontrolling Interests": NaN,
        "Net Income Continuous Operations": NaN,
        "Tax Provision": NaN,
        "Pretax Income": NaN,
        "Other Income Expense": NaN,
        "Other Non Operating Income Expenses": NaN,
        "Special Income Charges": NaN,
        "Other Special Charges": NaN,
        "Write Off": 0.0,
        "Restructuring And Mergern Acquisition": NaN,
        "Net Non Operating Interest Income Expense": NaN,
        "Interest Expense Non Operating": NaN,
        "Interest Income Non Operating": NaN,
        "Operating Income": NaN,
        "Operating Expense": NaN,
        "Research And Development": NaN,
        "Selling General And Administration": NaN,
        "Gross Profit": NaN,
        "Cost Of Revenue": NaN,
        "Total Revenue": NaN,
        "Operating Revenue": NaN
    },
    "2023-12-31": {
        "Tax Effect Of Unusual Items": 57691.359202,
        "Tax Rate For Calcs": 0.121969,
        "Normalized EBITDA": 62283000.0,
        "Total Unusual Items": 473000.0,
        "Total Unusual Items Excluding Goodwill": 473000.0,
        "Net Income From Continuing Operation Net Minority Interest": 27629000.0,
        "Reconciled Depreciation": 26312000.0,
        "Reconciled Cost Of Revenue": 173986000.0,
        "EBITDA": 62756000.0,
        "EBIT": 36444000.0,
        "Net Interest Income": -3054000.0,
        "Interest Expense": 4977000.0,
        "Interest Income": 1923000.0,
        "Normalized Income": 27213691.359202,
        "Net Income From Continuing And Discontinued Operation": 27629000.0,
        "Total Expenses": 291376000.0,
        "Total Operating Income As Reported": 33612000.0,
        "Diluted Average Shares": NaN,
        "Basic Average Shares": NaN,
        "Diluted EPS": NaN,
        "Basic EPS": NaN,
        "Diluted NI Availto Com Stockholders": 27629000.0,
        "Net Income Common Stockholders": 27629000.0,
        "Net Income": 27629000.0,
        "Net Income Including Noncontrolling Interests": 27629000.0,
        "Net Income Continuous Operations": 27629000.0,
        "Tax Provision": 3838000.0,
        "Pretax Income": 31467000.0,
        "Other Income Expense": 1382000.0,
        "Other Non Operating Income Expenses": 909000.0,
        "Special Income Charges": 473000.0,
        "Other Special Charges": 0.0,
        "Write Off": NaN,
        "Restructuring And Mergern Acquisition": -473000.0,
        "Net Non Operating Interest Income Expense": -3054000.0,
        "Interest Expense Non Operating": 4977000.0,
        "Interest Income Non Operating": 1923000.0,
        "Operating Income": 33139000.0,
        "Operating Expense": 117390000.0,
        "Research And Development": 21639000.0,
        "Selling General And Administration": 95751000.0,
        "Gross Profit": 150529000.0,
        "Cost Of Revenue": 173986000.0,
        "Total Revenue": 324515000.0,
        "Operating Revenue": 324515000.0
    },
    "2024-03-31": {
        "Tax Effect Of Unusual Items": 20826.0,
        "Tax Rate For Calcs": 0.178,
        "Normalized EBITDA": 68998000.0,
        "Total Unusual Items": 117000.0,
        "Total Unusual Items Excluding Goodwill": 117000.0,
        "Net Income From Continuing Operation Net Minority Interest": 28240000.0,
        "Reconciled Depreciation": 26721000.0,
        "Reconciled Cost Of Revenue": 171793000.0,
        "EBITDA": 69115000.0,
        "EBIT": 42394000.0,
        "Net Interest Income": -770000.0,
        "Interest Expense": 8046000.0,
        "Interest Income": 7276000.0,
        "Normalized Income": 28143826.0,
        "Net Income From Continuing And Discontinued Operation": 28240000.0,
        "Total Expenses": 287703000.0,
        "Total Operating Income As Reported": 35922000.0,
        "Diluted Average Shares": 58567000.0,
        "Basic Average Shares": 57958000.0,
        "Diluted EPS": 0.48,
        "Basic EPS": 0.49,
        "Diluted NI Availto Com Stockholders": 28240000.0,
        "Net Income Common Stockholders": 28240000.0,
        "Net Income": 28240000.0,
        "Net Income Including Noncontrolling Interests": 28240000.0,
        "Net Income Continuous Operations": 28240000.0,
        "Tax Provision": 6108000.0,
        "Pretax Income": 34348000.0,
        "Other Income Expense": -687000.0,
        "Other Non Operating Income Expenses": -804000.0,
        "Special Income Charges": 117000.0,
        "Other Special Charges": NaN,
        "Write Off": NaN,
        "Restructuring And Mergern Acquisition": -117000.0,
        "Net Non Operating Interest Income Expense": -770000.0,
        "Interest Expense Non Operating": 8046000.0,
        "Interest Income Non Operating": 7276000.0,
        "Operating Income": 35805000.0,
        "Operating Expense": 115910000.0,
        "Research And Development": 21482000.0,
        "Selling General And Administration": 94428000.0,
        "Gross Profit": 151715000.0,
        "Cost Of Revenue": 171793000.0,
        "Total Revenue": 323508000.0,
        "Operating Revenue": 323508000.0
    },
    "2024-06-30": {
        "Tax Effect Of Unusual Items": -67626.0,
        "Tax Rate For Calcs": 0.221,
        "Normalized EBITDA": 80860000.0,
        "Total Unusual Items": -306000.0,
        "Total Unusual Items Excluding Goodwill": -306000.0,
        "Net Income From Continuing Operation Net Minority Interest": 35726000.0,
        "Reconciled Depreciation": 27032000.0,
        "Reconciled Cost Of Revenue": 176903000.0,
        "EBITDA": 80554000.0,
        "EBIT": 53522000.0,
        "Net Interest Income": -118000.0,
        "Interest Expense": 7679000.0,
        "Interest Income": 7561000.0,
        "Normalized Income": 35964374.0,
        "Net Income From Continuing And Discontinued Operation": 35726000.0,
        "Total Expenses": 291751000.0,
        "Total Operating Income As Reported": 45946000.0,
        "Diluted Average Shares": 58740000.0,
        "Basic Average Shares": 58139000.0,
        "Diluted EPS": 0.61,
        "Basic EPS": 0.61,
        "Diluted NI Availto Com Stockholders": 35726000.0,
        "Net Income Common Stockholders": 35726000.0,
        "Net Income": 35726000.0,
        "Net Income Including Noncontrolling Interests": 35726000.0,
        "Net Income Continuous Operations": 35726000.0,
        "Tax Provision": 10117000.0,
        "Pretax Income": 45843000.0,
        "Other Income Expense": -291000.0,
        "Other Non Operating Income Expenses": 15000.0,
        "Special Income Charges": -306000.0,
        "Other Special Charges": NaN,
        "Write Off": 0.0,
        "Restructuring And Mergern Acquisition": 306000.0,
        "Net Non Operating Interest Income Expense": -118000.0,
        "Interest Expense Non Operating": 7679000.0,
        "Interest Income Non Operating": 7561000.0,
        "Operating Income": 46252000.0,
        "Operating Expense": 114848000.0,
        "Research And Development": 20263000.0,
        "Selling General And Administration": 94585000.0,
        "Gross Profit": 161100000.0,
        "Cost Of Revenue": 176903000.0,
        "Total Revenue": 338003000.0,
        "Operating Revenue": 338003000.0
    },
    "2024-09-30": {
        "Tax Effect Of Unusual Items": -23072.0,
        "Tax Rate For Calcs": 0.224,
        "Normalized EBITDA": 73644000.0,
        "Total Unusual Items": -103000.0,
        "Total Unusual Items Excluding Goodwill": -103000.0,
        "Net Income From Continuing Operation Net Minority Interest": 28444000.0,
        "Reconciled Depreciation": 29383000.0,
        "Reconciled Cost Of Revenue": 182310000.0,
        "EBITDA": 73541000.0,
        "EBIT": 44158000.0,
        "Net Interest Income": -849000.0,
        "Interest Expense": 7501000.0,
        "Interest Income": 6652000.0,
        "Normalized Income": 28523928.0,
        "Net Income From Continuing And Discontinued Operation": 28444000.0,
        "Total Expenses": 302481000.0,
        "Total Operating Income As Reported": 37261000.0,
        "Diluted Average Shares": 59537000.0,
        "Basic Average Shares": 58231000.0,
        "Diluted EPS": 0.48,
        "Basic EPS": 0.49,
        "Diluted NI Availto Com Stockholders": 28444000.0,
        "Net Income Common Stockholders": 28444000.0,
        "Net Income": 28444000.0,
        "Net Income Including Noncontrolling Interests": 28444000.0,
        "Net Income Continuous Operations": 28444000.0,
        "Tax Provision": 8213000.0,
        "Pretax Income": 36657000.0,
        "Other Income Expense": 142000.0,
        "Other Non Operating Income Expenses": 245000.0,
        "Special Income Charges": -103000.0,
        "Other Special Charges": NaN,
        "Write Off": 0.0,
        "Restructuring And Mergern Acquisition": 103000.0,
        "Net Non Operating Interest Income Expense": -849000.0,
        "Interest Expense Non Operating": 7501000.0,
        "Interest Income Non Operating": 6652000.0,
        "Operating Income": 37364000.0,
        "Operating Expense": 120171000.0,
        "Research And Development": 20527000.0,
        "Selling General And Administration": 99644000.0,
        "Gross Profit": 157535000.0,
        "Cost Of Revenue": 182310000.0,
        "Total Revenue": 339845000.0,
        "Operating Revenue": 339845000.0
    },
    "2024-12-31": {
        "Tax Effect Of Unusual Items": -23680.736159,
        "Tax Rate For Calcs": 0.156826,
        "Normalized EBITDA": 72885000.0,
        "Total Unusual Items": -151000.0,
        "Total Unusual Items Excluding Goodwill": -151000.0,
        "Net Income From Continuing Operation Net Minority Interest": 27947000.0,
        "Reconciled Depreciation": 31596000.0,
        "Reconciled Cost Of Revenue": 182175000.0,
        "EBITDA": 72734000.0,
        "EBIT": 41138000.0,
        "Net Interest Income": -3252000.0,
        "Interest Expense": 7993000.0,
        "Interest Income": 4741000.0,
        "Normalized Income": 28074319.263841,
        "Net Income From Continuing And Discontinued Operation": 27947000.0,
        "Total Expenses": 318443000.0,
        "Total Operating Income As Reported": 36564000.0,
        "Diluted Average Shares": 60613000.0,
        "Basic Average Shares": 58541000.0,
        "Diluted EPS": 0.46,
        "Basic EPS": 0.48,
        "Diluted NI Availto Com Stockholders": 27947000.0,
        "Net Income Common Stockholders": 27947000.0,
        "Net Income": 27947000.0,
        "Net Income Including Noncontrolling Interests": 27947000.0,
        "Net Income Continuous Operations": 27947000.0,
        "Tax Provision": 5198000.0,
        "Pretax Income": 33145000.0,
        "Other Income Expense": -318000.0,
        "Other Non Operating Income Expenses": -167000.0,
        "Special Income Charges": -151000.0,
        "Other Special Charges": NaN,
        "Write Off": NaN,
        "Restructuring And Mergern Acquisition": 151000.0,
        "Net Non Operating Interest Income Expense": -3252000.0,
        "Interest Expense Non Operating": 7993000.0,
        "Interest Income Non Operating": 4741000.0,
        "Operating Income": 36715000.0,
        "Operating Expense": 136268000.0,
        "Research And Development": 25194000.0,
        "Selling General And Administration": 111074000.0,
        "Gross Profit": 172983000.0,
        "Cost Of Revenue": 182175000.0,
        "Total Revenue": 355158000.0,
        "Operating Revenue": 355158000.0
    }
}