{
    "2023-03-31": {
        "Tax Effect Of Unusual Items": NaN,
        "Tax Rate For Calcs": NaN,
        "Normalized EBITDA": NaN,
        "Net Income From Continuing Operation Net Minority Interest": NaN,
        "Reconciled Depreciation": NaN,
        "Reconciled Cost Of Revenue": NaN,
        "EBITDA": NaN,
        "EBIT": NaN,
        "Net Interest Income": NaN,
        "Interest Income": 9883000.0,
        "Normalized Income": NaN,
        "Net Income From Continuing And Discontinued Operation": NaN,
        "Total Expenses": NaN,
        "Total Operating Income As Reported": NaN,
        "Diluted Average Shares": NaN,
        "Basic Average Shares": NaN,
        "Diluted EPS": NaN,
        "Basic EPS": NaN,
        "Diluted NI Availto Com Stockholders": NaN,
        "Net Income Common Stockholders": NaN,
        "Net Income": NaN,
        "Net Income Including Noncontrolling Interests": NaN,
        "Net Income Continuous Operations": NaN,
        "Tax Provision": NaN,
        "Pretax Income": NaN,
        "Net Non Operating Interest Income Expense": NaN,
        "Total Other Finance Cost": -9883000.0,
        "Interest Income Non Operating": 9883000.0,
        "Operating Income": NaN,
        "Operating Expense": NaN,
        "Research And Development": NaN,
        "Selling General And Administration": NaN,
        "Selling And Marketing Expense": NaN,
        "General And Administrative Expense": NaN,
        "Other Gand A": NaN,
        "Gross Profit": NaN,
        "Cost Of Revenue": NaN,
        "Total Revenue": NaN,
        "Operating Revenue": NaN
    },
    "2022-12-31": {
        "Tax Effect Of Unusual Items": NaN,
        "Tax Rate For Calcs": NaN,
        "Normalized EBITDA": NaN,
        "Net Income From Continuing Operation Net Minority Interest": NaN,
        "Reconciled Depreciation": NaN,
        "Reconciled Cost Of Revenue": NaN,
        "EBITDA": NaN,
        "EBIT": NaN,
        "Net Interest Income": NaN,
        "Interest Income": NaN,
        "Normalized Income": NaN,
        "Net Income From Continuing And Discontinued Operation": NaN,
        "Total Expenses": NaN,
        "Total Operating Income As Reported": NaN,
        "Diluted Average Shares": NaN,
        "Basic Average Shares": NaN,
        "Diluted EPS": NaN,
        "Basic EPS": NaN,
        "Diluted NI Availto Com Stockholders": NaN,
        "Net Income Common Stockholders": NaN,
        "Net Income": NaN,
        "Net Income Including Noncontrolling Interests": NaN,
        "Net Income Continuous Operations": NaN,
        "Tax Provision": NaN,
        "Pretax Income": NaN,
        "Net Non Operating Interest Income Expense": NaN,
        "Total Other Finance Cost": 12147000.0,
        "Interest Income Non Operating": NaN,
        "Operating Income": NaN,
        "Operating Expense": NaN,
        "Research And Development": NaN,
        "Selling General And Administration": NaN,
        "Selling And Marketing Expense": NaN,
        "General And Administrative Expense": NaN,
        "Other Gand A": NaN,
        "Gross Profit": NaN,
        "Cost Of Revenue": NaN,
        "Total Revenue": NaN,
        "Operating Revenue": NaN
    },
    "2022-09-30": {
        "Tax Effect Of Unusual Items": NaN,
        "Tax Rate For Calcs": NaN,
        "Normalized EBITDA": NaN,
        "Net Income From Continuing Operation Net Minority Interest": NaN,
        "Reconciled Depreciation": NaN,
        "Reconciled Cost Of Revenue": NaN,
        "EBITDA": NaN,
        "EBIT": NaN,
        "Net Interest Income": NaN,
        "Interest Income": 6972000.0,
        "Normalized Income": NaN,
        "Net Income From Continuing And Discontinued Operation": NaN,
        "Total Expenses": NaN,
        "Total Operating Income As Reported": NaN,
        "Diluted Average Shares": NaN,
        "Basic Average Shares": NaN,
        "Diluted EPS": NaN,
        "Basic EPS": NaN,
        "Diluted NI Availto Com Stockholders": NaN,
        "Net Income Common Stockholders": NaN,
        "Net Income": NaN,
        "Net Income Including Noncontrolling Interests": NaN,
        "Net Income Continuous Operations": NaN,
        "Tax Provision": NaN,
        "Pretax Income": NaN,
        "Net Non Operating Interest Income Expense": NaN,
        "Total Other Finance Cost": -6972000.0,
        "Interest Income Non Operating": 6972000.0,
        "Operating Income": NaN,
        "Operating Expense": NaN,
        "Research And Development": NaN,
        "Selling General And Administration": NaN,
        "Selling And Marketing Expense": NaN,
        "General And Administrative Expense": NaN,
        "Other Gand A": NaN,
        "Gross Profit": NaN,
        "Cost Of Revenue": NaN,
        "Total Revenue": NaN,
        "Operating Revenue": NaN
    },
    "2022-06-30": {
        "Tax Effect Of Unusual Items": 0.0,
        "Tax Rate For Calcs": 0.4,
        "Normalized EBITDA": -44783000.0,
        "Net Income From Continuing Operation Net Minority Interest": -45671000.0,
        "Reconciled Depreciation": 1397000.0,
        "Reconciled Cost Of Revenue": 16730000.0,
        "EBITDA": -44783000.0,
        "EBIT": -46180000.0,
        "Net Interest Income": 2452000.0,
        "Normalized Income": -45671000.0,
        "Net Income From Continuing And Discontinued Operation": -45671000.0,
        "Total Expenses": 169898000.0,
        "Total Operating Income As Reported": -46180000.0,
        "Diluted Average Shares": 45074912.0,
        "Basic Average Shares": 45074912.0,
        "Diluted EPS": -1.01,
        "Basic EPS": -1.01,
        "Diluted NI Availto Com Stockholders": -45671000.0,
        "Net Income Common Stockholders": -45671000.0,
        "Net Income": -45671000.0,
        "Net Income Including Noncontrolling Interests": -45671000.0,
        "Net Income Continuous Operations": -45671000.0,
        "Tax Provision": 1943000.0,
        "Pretax Income": -43728000.0,
        "Net Non Operating Interest Income Expense": 2452000.0,
        "Total Other Finance Cost": -2452000.0,
        "Operating Income": -46180000.0,
        "Operating Expense": 153168000.0,
        "Research And Development": 33962000.0,
        "Selling General And Administration": 119206000.0,
        "Selling And Marketing Expense": 96740000.0,
        "General And Administrative Expense": 22466000.0,
        "Other Gand A": 22466000.0,
        "Gross Profit": 106988000.0,
        "Cost Of Revenue": 16730000.0,
        "Total Revenue": 123718000.0,
        "Operating Revenue": 123718000.0
    },
    "2022-03-31": {
        "Diluted EPS": -1.48,
        "Total Revenue": 108,
        "Gross Profit": 94,
        "Operating Income": -67,
        "EBIT": -66,
        "Net Income": -67
    },
    "2021-12-31": {
        "Diluted EPS": 1.31,
        "Total Revenue": 96,
        "Gross Profit": 84,
        "Operating Income": -32,
        "EBIT": -31,
        "Net Income": -33
    },
    "2021-09-30": {
        "Diluted EPS": -0.65,
        "Total Revenue": 83,
        "Gross Profit": 73,
        "Operating Income": -29,
        "EBIT": -29,
        "Net Income": -29
    },
    "2021-06-30": {
        "Diluted EPS": -1.67,
        "Total Revenue": 71,
        "Gross Profit": 62,
        "Operating Income": -27,
        "EBIT": -27,
        "Net Income": -32
    },
    "2021-03-31": {
        "Diluted EPS": -3.52,
        "Total Revenue": 59,
        "Gross Profit": 51,
        "Operating Income": -38,
        "EBIT": -37,
        "Net Income": -44
    },
    "2020-12-31": {
        "Diluted EPS": -5.58,
        "Total Revenue": 50,
        "Gross Profit": 43,
        "Operating Income": -62,
        "EBIT": -61,
        "Net Income": -63
    },
    "2020-09-30": {
        "Diluted EPS": -3.74,
        "Total Revenue": 43,
        "Gross Profit": 36,
        "Operating Income": -41,
        "EBIT": -40,
        "Net Income": -46
    },
    "2020-06-30": {
        "Diluted EPS": -2.79,
        "Total Revenue": 36,
        "Gross Profit": 32,
        "Operating Income": -28,
        "EBIT": -28,
        "Net Income": -33
    },
    "2020-03-31": {
        "Diluted EPS": -2.08,
        "Total Revenue": 32,
        "Gross Profit": 27,
        "Operating Income": -20,
        "EBIT": -20,
        "Net Income": -20
    },
    "2019-12-31": {
        "Diluted EPS": 0.0,
        "Total Revenue": NaN,
        "Gross Profit": NaN,
        "Operating Income": NaN,
        "EBIT": NaN,
        "Net Income": NaN
    },
    "2023-06-30": {
        "Tax Effect Of Unusual Items": NaN,
        "Tax Rate For Calcs": NaN,
        "Normalized EBITDA": NaN,
        "Net Income From Continuing Operation Net Minority Interest": NaN,
        "Reconciled Depreciation": NaN,
        "Reconciled Cost Of Revenue": NaN,
        "EBITDA": NaN,
        "EBIT": NaN,
        "Net Interest Income": NaN,
        "Interest Income": NaN,
        "Normalized Income": NaN,
        "Net Income From Continuing And Discontinued Operation": NaN,
        "Total Expenses": NaN,
        "Total Operating Income As Reported": NaN,
        "Diluted Average Shares": NaN,
        "Basic Average Shares": NaN,
        "Diluted EPS": NaN,
        "Basic EPS": NaN,
        "Diluted NI Availto Com Stockholders": NaN,
        "Net Income Common Stockholders": NaN,
        "Net Income": NaN,
        "Net Income Including Noncontrolling Interests": NaN,
        "Net Income Continuous Operations": NaN,
        "Tax Provision": NaN,
        "Pretax Income": NaN,
        "Net Non Operating Interest Income Expense": NaN,
        "Total Other Finance Cost": -7612000.0,
        "Interest Income Non Operating": NaN,
        "Operating Income": NaN,
        "Operating Expense": NaN,
        "Research And Development": NaN,
        "Selling General And Administration": NaN,
        "Selling And Marketing Expense": NaN,
        "General And Administrative Expense": NaN,
        "Other Gand A": NaN,
        "Gross Profit": NaN,
        "Cost Of Revenue": NaN,
        "Total Revenue": NaN,
        "Operating Revenue": NaN
    },
    "2023-09-30": {
        "Tax Effect Of Unusual Items": NaN,
        "Tax Rate For Calcs": NaN,
        "Normalized EBITDA": NaN,
        "Net Income From Continuing Operation Net Minority Interest": NaN,
        "Reconciled Depreciation": NaN,
        "Reconciled Cost Of Revenue": NaN,
        "EBITDA": NaN,
        "EBIT": NaN,
        "Net Interest Income": NaN,
        "Interest Income": 11555000.0,
        "Normalized Income": NaN,
        "Net Income From Continuing And Discontinued Operation": NaN,
        "Total Expenses": NaN,
        "Total Operating Income As Reported": NaN,
        "Diluted Average Shares": NaN,
        "Basic Average Shares": NaN,
        "Diluted EPS": NaN,
        "Basic EPS": NaN,
        "Diluted NI Availto Com Stockholders": NaN,
        "Net Income Common Stockholders": NaN,
        "Net Income": NaN,
        "Net Income Including Noncontrolling Interests": NaN,
        "Net Income Continuous Operations": NaN,
        "Tax Provision": NaN,
        "Pretax Income": NaN,
        "Net Non Operating Interest Income Expense": NaN,
        "Total Other Finance Cost": NaN,
        "Interest Income Non Operating": 11555000.0,
        "Operating Income": NaN,
        "Operating Expense": NaN,
        "Research And Development": NaN,
        "Selling General And Administration": NaN,
        "Selling And Marketing Expense": NaN,
        "General And Administrative Expense": NaN,
        "Other Gand A": NaN,
        "Gross Profit": NaN,
        "Cost Of Revenue": NaN,
        "Total Revenue": NaN,
        "Operating Revenue": NaN
    },
    "2023-12-31": {
        "Tax Effect Of Unusual Items": NaN,
        "Tax Rate For Calcs": NaN,
        "Normalized EBITDA": NaN,
        "Net Income From Continuing Operation Net Minority Interest": NaN,
        "Reconciled Depreciation": NaN,
        "Reconciled Cost Of Revenue": NaN,
        "EBITDA": NaN,
        "EBIT": NaN,
        "Net Interest Income": NaN,
        "Interest Income": 12943000.0,
        "Normalized Income": NaN,
        "Net Income From Continuing And Discontinued Operation": NaN,
        "Total Expenses": NaN,
        "Total Operating Income As Reported": NaN,
        "Diluted Average Shares": NaN,
        "Basic Average Shares": NaN,
        "Diluted EPS": NaN,
        "Basic EPS": NaN,
        "Diluted NI Availto Com Stockholders": NaN,
        "Net Income Common Stockholders": NaN,
        "Net Income": NaN,
        "Net Income Including Noncontrolling Interests": NaN,
        "Net Income Continuous Operations": NaN,
        "Tax Provision": NaN,
        "Pretax Income": NaN,
        "Net Non Operating Interest Income Expense": NaN,
        "Total Other Finance Cost": NaN,
        "Interest Income Non Operating": 12943000.0,
        "Operating Income": NaN,
        "Operating Expense": NaN,
        "Research And Development": NaN,
        "Selling General And Administration": NaN,
        "Selling And Marketing Expense": NaN,
        "General And Administrative Expense": NaN,
        "Other Gand A": NaN,
        "Gross Profit": NaN,
        "Cost Of Revenue": NaN,
        "Total Revenue": NaN,
        "Operating Revenue": NaN
    },
    "2024-03-31": {
        "Tax Effect Of Unusual Items": 0.0,
        "Tax Rate For Calcs": 0.094538,
        "Normalized EBITDA": -2489000.0,
        "Net Income From Continuing Operation Net Minority Interest": 7078000.0,
        "Reconciled Depreciation": 2533000.0,
        "Reconciled Cost Of Revenue": 23454000.0,
        "EBITDA": -2489000.0,
        "EBIT": -5022000.0,
        "Net Interest Income": 12839000.0,
        "Interest Income": 12839000.0,
        "Normalized Income": 7078000.0,
        "Net Income From Continuing And Discontinued Operation": 7078000.0,
        "Total Expenses": 221935000.0,
        "Total Operating Income As Reported": -5022000.0,
        "Diluted Average Shares": 52020163.0,
        "Basic Average Shares": 49204541.0,
        "Diluted EPS": 0.14,
        "Basic EPS": 0.14,
        "Diluted NI Availto Com Stockholders": 7078000.0,
        "Net Income Common Stockholders": 7078000.0,
        "Net Income": 7078000.0,
        "Net Income Including Noncontrolling Interests": 7078000.0,
        "Net Income Continuous Operations": 7078000.0,
        "Tax Provision": 739000.0,
        "Pretax Income": 7817000.0,
        "Net Non Operating Interest Income Expense": 12839000.0,
        "Total Other Finance Cost": NaN,
        "Interest Income Non Operating": 12839000.0,
        "Operating Income": -5022000.0,
        "Operating Expense": 198481000.0,
        "Research And Development": 44423000.0,
        "Selling General And Administration": 154058000.0,
        "Selling And Marketing Expense": 128141000.0,
        "General And Administrative Expense": 25917000.0,
        "Other Gand A": 25917000.0,
        "Gross Profit": 193459000.0,
        "Cost Of Revenue": 23454000.0,
        "Total Revenue": 216913000.0,
        "Operating Revenue": 216913000.0
    },
    "2024-06-30": {
        "Tax Effect Of Unusual Items": NaN,
        "Tax Rate For Calcs": NaN,
        "Normalized EBITDA": NaN,
        "Net Income From Continuing Operation Net Minority Interest": NaN,
        "Reconciled Depreciation": NaN,
        "Reconciled Cost Of Revenue": NaN,
        "EBITDA": NaN,
        "EBIT": NaN,
        "Net Interest Income": NaN,
        "Interest Income": NaN,
        "Normalized Income": NaN,
        "Net Income From Continuing And Discontinued Operation": NaN,
        "Total Expenses": NaN,
        "Total Operating Income As Reported": NaN,
        "Diluted Average Shares": NaN,
        "Basic Average Shares": NaN,
        "Diluted EPS": NaN,
        "Basic EPS": NaN,
        "Diluted NI Availto Com Stockholders": NaN,
        "Net Income Common Stockholders": NaN,
        "Net Income": NaN,
        "Net Income Including Noncontrolling Interests": NaN,
        "Net Income Continuous Operations": NaN,
        "Tax Provision": NaN,
        "Pretax Income": NaN,
        "Net Non Operating Interest Income Expense": NaN,
        "Total Other Finance Cost": -14850000.0,
        "Interest Income Non Operating": NaN,
        "Operating Income": NaN,
        "Operating Expense": NaN,
        "Research And Development": NaN,
        "Selling General And Administration": NaN,
        "Selling And Marketing Expense": NaN,
        "General And Administrative Expense": NaN,
        "Other Gand A": NaN,
        "Gross Profit": NaN,
        "Cost Of Revenue": NaN,
        "Total Revenue": NaN,
        "Operating Revenue": NaN
    },
    "2024-09-30": {
        "Tax Effect Of Unusual Items": 0.0,
        "Tax Rate For Calcs": 0.034831,
        "Normalized EBITDA": -24197000.0,
        "Net Income From Continuing Operation Net Minority Interest": -12026000.0,
        "Reconciled Depreciation": 3205000.0,
        "Reconciled Cost Of Revenue": 25972000.0,
        "EBITDA": -24197000.0,
        "EBIT": -27402000.0,
        "Net Interest Income": 14942000.0,
        "Interest Income": 14942000.0,
        "Normalized Income": -12026000.0,
        "Net Income From Continuing And Discontinued Operation": -12026000.0,
        "Total Expenses": 278402000.0,
        "Total Operating Income As Reported": -27402000.0,
        "Diluted Average Shares": 50134930.0,
        "Basic Average Shares": 50134930.0,
        "Diluted EPS": -0.24,
        "Basic EPS": -0.24,
        "Diluted NI Availto Com Stockholders": -12026000.0,
        "Net Income Common Stockholders": -12026000.0,
        "Net Income": -12026000.0,
        "Net Income Including Noncontrolling Interests": -12026000.0,
        "Net Income Continuous Operations": -12026000.0,
        "Tax Provision": -434000.0,
        "Pretax Income": -12460000.0,
        "Net Non Operating Interest Income Expense": 14942000.0,
        "Total Other Finance Cost": NaN,
        "Interest Income Non Operating": 14942000.0,
        "Operating Income": -27402000.0,
        "Operating Expense": 252430000.0,
        "Research And Development": 56509000.0,
        "Selling General And Administration": 195921000.0,
        "Selling And Marketing Expense": 140284000.0,
        "General And Administrative Expense": 55637000.0,
        "Other Gand A": 55637000.0,
        "Gross Profit": 225028000.0,
        "Cost Of Revenue": 25972000.0,
        "Total Revenue": 251000000.0,
        "Operating Revenue": 251000000.0
    },
    "2024-12-31": {
        "Tax Effect Of Unusual Items": 0.0,
        "Tax Rate For Calcs": 0.21,
        "Normalized EBITDA": 68296000.0,
        "Net Income From Continuing Operation Net Minority Interest": 23005000.0,
        "Reconciled Depreciation": 3200000.0,
        "Reconciled Cost Of Revenue": 30502000.0,
        "EBITDA": 68296000.0,
        "EBIT": 65096000.0,
        "Net Interest Income": 17665000.0,
        "Interest Income": 18160000.0,
        "Normalized Income": 23005000.0,
        "Net Income From Continuing And Discontinued Operation": 23005000.0,
        "Total Expenses": 258380000.0,
        "Total Operating Income As Reported": 9596000.0,
        "Diluted Average Shares": 52942616.0,
        "Basic Average Shares": 50604151.0,
        "Diluted EPS": 0.43,
        "Basic EPS": 0.45,
        "Diluted NI Availto Com Stockholders": 23005000.0,
        "Net Income Common Stockholders": 23005000.0,
        "Net Income": 23005000.0,
        "Net Income Including Noncontrolling Interests": 23005000.0,
        "Net Income Continuous Operations": 23005000.0,
        "Tax Provision": -540000.0,
        "Pretax Income": 22465000.0,
        "Net Non Operating Interest Income Expense": 17665000.0,
        "Total Other Finance Cost": NaN,
        "Interest Income Non Operating": 18160000.0,
        "Operating Income": 9596000.0,
        "Operating Expense": 227878000.0,
        "Research And Development": 62332000.0,
        "Selling General And Administration": 165546000.0,
        "Selling And Marketing Expense": 133643000.0,
        "General And Administrative Expense": 31903000.0,
        "Other Gand A": 31903000.0,
        "Gross Profit": 237474000.0,
        "Cost Of Revenue": 30502000.0,
        "Total Revenue": 267976000.0,
        "Operating Revenue": 267976000.0
    },
    "2025-03-31": {
        "Tax Effect Of Unusual Items": 0.0,
        "Tax Rate For Calcs": 0.000656,
        "Normalized EBITDA": 13046000.0,
        "Net Income From Continuing Operation Net Minority Interest": 27425000.0,
        "Reconciled Depreciation": 3250000.0,
        "Reconciled Cost Of Revenue": 28805000.0,
        "EBITDA": 13046000.0,
        "EBIT": 9796000.0,
        "Net Interest Income": 17647000.0,
        "Interest Income": 17647000.0,
        "Normalized Income": 27425000.0,
        "Net Income From Continuing And Discontinued Operation": 27425000.0,
        "Total Expenses": 272454000.0,
        "Total Operating Income As Reported": 9796000.0,
        "Diluted Average Shares": 53042479.0,
        "Basic Average Shares": 51005188.0,
        "Diluted EPS": 0.52,
        "Basic EPS": 0.54,
        "Diluted NI Availto Com Stockholders": 27425000.0,
        "Net Income Common Stockholders": 27425000.0,
        "Net Income": 27425000.0,
        "Net Income Including Noncontrolling Interests": 27425000.0,
        "Net Income Continuous Operations": 27425000.0,
        "Tax Provision": 18000.0,
        "Pretax Income": 27443000.0,
        "Net Non Operating Interest Income Expense": 17647000.0,
        "Total Other Finance Cost": NaN,
        "Interest Income Non Operating": 17647000.0,
        "Operating Income": 9796000.0,
        "Operating Expense": 243649000.0,
        "Research And Development": 69385000.0,
        "Selling General And Administration": 174264000.0,
        "Selling And Marketing Expense": 141720000.0,
        "General And Administrative Expense": 32544000.0,
        "Other Gand A": 32544000.0,
        "Gross Profit": 253445000.0,
        "Cost Of Revenue": 28805000.0,
        "Total Revenue": 282250000.0,
        "Operating Revenue": 282250000.0
    },
    "2025-06-30": {
        "Tax Effect Of Unusual Items": 0.0,
        "Tax Rate For Calcs": 0.383379,
        "Normalized EBITDA": -8176000.0,
        "Net Income From Continuing Operation Net Minority Interest": 1573000.0,
        "Reconciled Depreciation": 3375000.0,
        "Reconciled Cost Of Revenue": 31173000.0,
        "EBITDA": -8176000.0,
        "EBIT": -11551000.0,
        "Net Interest Income": 14102000.0,
        "Interest Income": 14102000.0,
        "Normalized Income": 1573000.0,
        "Net Income From Continuing And Discontinued Operation": 1573000.0,
        "Total Expenses": 310565000.0,
        "Total Operating Income As Reported": -11551000.0,
        "Diluted Average Shares": 53271524.0,
        "Basic Average Shares": 51385862.0,
        "Diluted EPS": 0.03,
        "Basic EPS": 0.03,
        "Diluted NI Availto Com Stockholders": 1573000.0,
        "Net Income Common Stockholders": 1573000.0,
        "Net Income": 1573000.0,
        "Net Income Including Noncontrolling Interests": 1573000.0,
        "Net Income Continuous Operations": 1573000.0,
        "Tax Provision": 978000.0,
        "Pretax Income": 2551000.0,
        "Net Non Operating Interest Income Expense": 14102000.0,
        "Total Other Finance Cost": NaN,
        "Interest Income Non Operating": 14102000.0,
        "Operating Income": -11551000.0,
        "Operating Expense": 279392000.0,
        "Research And Development": 87039000.0,
        "Selling General And Administration": 192353000.0,
        "Selling And Marketing Expense": 152590000.0,
        "General And Administrative Expense": 39763000.0,
        "Other Gand A": 39763000.0,
        "Gross Profit": 267841000.0,
        "Cost Of Revenue": 31173000.0,
        "Total Revenue": 299014000.0,
        "Operating Revenue": 299014000.0
    },
    "2025-09-30": {
        "Tax Effect Of Unusual Items": 0.0,
        "Tax Rate For Calcs": 0.024806,
        "Normalized EBITDA": 1122000.0,
        "Net Income From Continuing Operation Net Minority Interest": 13052000.0,
        "Reconciled Depreciation": 3500000.0,
        "Reconciled Cost Of Revenue": 35788000.0,
        "EBITDA": 1122000.0,
        "EBIT": -2378000.0,
        "Net Interest Income": 15762000.0,
        "Interest Income": 15762000.0,
        "Normalized Income": 13052000.0,
        "Net Income From Continuing And Discontinued Operation": 13052000.0,
        "Total Expenses": 319233000.0,
        "Total Operating Income As Reported": -2378000.0,
        "Diluted Average Shares": 53264485.0,
        "Basic Average Shares": 51687504.0,
        "Diluted EPS": 0.25,
        "Basic EPS": 0.25,
        "Diluted NI Availto Com Stockholders": 13052000.0,
        "Net Income Common Stockholders": 13052000.0,
        "Net Income": 13052000.0,
        "Net Income Including Noncontrolling Interests": 13052000.0,
        "Net Income Continuous Operations": 13052000.0,
        "Tax Provision": 332000.0,
        "Pretax Income": 13384000.0,
        "Net Non Operating Interest Income Expense": 15762000.0,
        "Total Other Finance Cost": NaN,
        "Interest Income Non Operating": 15762000.0,
        "Operating Income": -2378000.0,
        "Operating Expense": 283445000.0,
        "Research And Development": 79453000.0,
        "Selling General And Administration": 203992000.0,
        "Selling And Marketing Expense": 165808000.0,
        "General And Administrative Expense": 38184000.0,
        "Other Gand A": 38184000.0,
        "Gross Profit": 281067000.0,
        "Cost Of Revenue": 35788000.0,
        "Total Revenue": 316855000.0,
        "Operating Revenue": 316855000.0
    }
}