{
    "2023-03-31": {
        "Tax Effect Of Unusual Items": NaN,
        "Tax Rate For Calcs": NaN,
        "Normalized EBITDA": NaN,
        "Total Unusual Items": NaN,
        "Total Unusual Items Excluding Goodwill": NaN,
        "Net Income From Continuing Operation Net Minority Interest": NaN,
        "Reconciled Depreciation": NaN,
        "Reconciled Cost Of Revenue": NaN,
        "EBITDA": NaN,
        "EBIT": NaN,
        "Net Interest Income": NaN,
        "Interest Expense": NaN,
        "Interest Income": NaN,
        "Normalized Income": NaN,
        "Net Income From Continuing And Discontinued Operation": NaN,
        "Total Expenses": NaN,
        "Total Operating Income As Reported": NaN,
        "Diluted Average Shares": NaN,
        "Basic Average Shares": NaN,
        "Diluted EPS": NaN,
        "Basic EPS": NaN,
        "Diluted NI Availto Com Stockholders": NaN,
        "Net Income Common Stockholders": NaN,
        "Net Income": NaN,
        "Net Income Including Noncontrolling Interests": NaN,
        "Net Income Continuous Operations": NaN,
        "Tax Provision": NaN,
        "Pretax Income": NaN,
        "Other Income Expense": NaN,
        "Other Non Operating Income Expenses": 111000.0,
        "Special Income Charges": NaN,
        "Other Special Charges": NaN,
        "Restructuring And Mergern Acquisition": NaN,
        "Gain On Sale Of Security": NaN,
        "Net Non Operating Interest Income Expense": NaN,
        "Interest Expense Non Operating": NaN,
        "Interest Income Non Operating": NaN,
        "Operating Income": NaN,
        "Operating Expense": NaN,
        "Research And Development": NaN,
        "Selling General And Administration": NaN,
        "Selling And Marketing Expense": NaN,
        "General And Administrative Expense": NaN,
        "Other Gand A": NaN,
        "Gross Profit": NaN,
        "Cost Of Revenue": NaN,
        "Total Revenue": NaN,
        "Operating Revenue": NaN
    },
    "2022-12-31": {
        "Tax Effect Of Unusual Items": NaN,
        "Tax Rate For Calcs": NaN,
        "Normalized EBITDA": NaN,
        "Total Unusual Items": NaN,
        "Total Unusual Items Excluding Goodwill": NaN,
        "Net Income From Continuing Operation Net Minority Interest": NaN,
        "Reconciled Depreciation": NaN,
        "Reconciled Cost Of Revenue": NaN,
        "EBITDA": NaN,
        "EBIT": NaN,
        "Net Interest Income": NaN,
        "Interest Expense": NaN,
        "Interest Income": NaN,
        "Normalized Income": NaN,
        "Net Income From Continuing And Discontinued Operation": NaN,
        "Total Expenses": NaN,
        "Total Operating Income As Reported": NaN,
        "Diluted Average Shares": NaN,
        "Basic Average Shares": NaN,
        "Diluted EPS": NaN,
        "Basic EPS": NaN,
        "Diluted NI Availto Com Stockholders": NaN,
        "Net Income Common Stockholders": NaN,
        "Net Income": NaN,
        "Net Income Including Noncontrolling Interests": NaN,
        "Net Income Continuous Operations": NaN,
        "Tax Provision": NaN,
        "Pretax Income": NaN,
        "Other Income Expense": NaN,
        "Other Non Operating Income Expenses": 105000.0,
        "Special Income Charges": 0.0,
        "Other Special Charges": NaN,
        "Gain On Sale Of Security": NaN,
        "Net Non Operating Interest Income Expense": NaN,
        "Interest Expense Non Operating": NaN,
        "Interest Income Non Operating": NaN,
        "Operating Income": NaN,
        "Operating Expense": NaN,
        "Research And Development": NaN,
        "Selling General And Administration": NaN,
        "Selling And Marketing Expense": NaN,
        "General And Administrative Expense": NaN,
        "Other Gand A": NaN,
        "Gross Profit": NaN,
        "Cost Of Revenue": NaN,
        "Total Revenue": NaN,
        "Operating Revenue": NaN
    },
    "2022-09-30": {
        "Tax Effect Of Unusual Items": NaN,
        "Tax Rate For Calcs": NaN,
        "Normalized EBITDA": NaN,
        "Total Unusual Items": NaN,
        "Total Unusual Items Excluding Goodwill": NaN,
        "Net Income From Continuing Operation Net Minority Interest": NaN,
        "Reconciled Depreciation": NaN,
        "Reconciled Cost Of Revenue": NaN,
        "EBITDA": NaN,
        "EBIT": NaN,
        "Net Interest Income": NaN,
        "Interest Expense": NaN,
        "Interest Income": NaN,
        "Normalized Income": NaN,
        "Net Income From Continuing And Discontinued Operation": NaN,
        "Total Expenses": NaN,
        "Total Operating Income As Reported": NaN,
        "Diluted Average Shares": NaN,
        "Basic Average Shares": NaN,
        "Diluted EPS": NaN,
        "Basic EPS": NaN,
        "Diluted NI Availto Com Stockholders": NaN,
        "Net Income Common Stockholders": NaN,
        "Net Income": NaN,
        "Net Income Including Noncontrolling Interests": NaN,
        "Net Income Continuous Operations": NaN,
        "Tax Provision": NaN,
        "Pretax Income": NaN,
        "Other Income Expense": NaN,
        "Other Non Operating Income Expenses": NaN,
        "Special Income Charges": 0.0,
        "Write Off": 0.0,
        "Gain On Sale Of Security": NaN,
        "Net Non Operating Interest Income Expense": NaN,
        "Interest Expense Non Operating": NaN,
        "Interest Income Non Operating": NaN,
        "Operating Income": NaN,
        "Operating Expense": NaN,
        "Research And Development": NaN,
        "Selling General And Administration": NaN,
        "Selling And Marketing Expense": NaN,
        "General And Administrative Expense": NaN,
        "Other Gand A": NaN,
        "Gross Profit": NaN,
        "Cost Of Revenue": NaN,
        "Total Revenue": NaN,
        "Operating Revenue": NaN
    },
    "2022-06-30": {
        "Tax Effect Of Unusual Items": 0.0,
        "Tax Rate For Calcs": 0.0,
        "Normalized EBITDA": -20988000.0,
        "Total Unusual Items": 4503000.0,
        "Total Unusual Items Excluding Goodwill": 4503000.0,
        "Net Income From Continuing Operation Net Minority Interest": -29023000.0,
        "Reconciled Depreciation": 3453000.0,
        "Reconciled Cost Of Revenue": 12915000.0,
        "EBITDA": -16485000.0,
        "EBIT": -19938000.0,
        "Net Interest Income": -8569000.0,
        "Interest Expense": 9085000.0,
        "Interest Income": 516000.0,
        "Normalized Income": -33526000.0,
        "Net Income From Continuing And Discontinued Operation": -29023000.0,
        "Total Expenses": 43851000.0,
        "Total Operating Income As Reported": -20454000.0,
        "Diluted Average Shares": 253644000.0,
        "Basic Average Shares": 253644000.0,
        "Diluted EPS": -0.11,
        "Basic EPS": -0.11,
        "Diluted NI Availto Com Stockholders": -29023000.0,
        "Net Income Common Stockholders": -29023000.0,
        "Net Income": -29023000.0,
        "Net Income Including Noncontrolling Interests": -29023000.0,
        "Net Income Continuous Operations": -29023000.0,
        "Tax Provision": 0.0,
        "Pretax Income": -29023000.0,
        "Other Income Expense": 4503000.0,
        "Other Non Operating Income Expenses": NaN,
        "Special Income Charges": 0.0,
        "Write Off": NaN,
        "Impairment Of Capital Assets": NaN,
        "Gain On Sale Of Security": 4503000.0,
        "Net Non Operating Interest Income Expense": -8569000.0,
        "Interest Expense Non Operating": 9085000.0,
        "Interest Income Non Operating": 516000.0,
        "Operating Income": -24957000.0,
        "Operating Expense": 30936000.0,
        "Research And Development": 4893000.0,
        "Selling General And Administration": 26043000.0,
        "Selling And Marketing Expense": NaN,
        "General And Administrative Expense": NaN,
        "Other Gand A": NaN,
        "Gross Profit": 5979000.0,
        "Cost Of Revenue": 12915000.0,
        "Total Revenue": 18894000.0,
        "Operating Revenue": 27556000.0
    },
    "2022-03-31": {
        "Diluted EPS": -0.1,
        "Total Revenue": 12,
        "Gross Profit": 1,
        "Operating Income": -21,
        "EBIT": -20,
        "Net Income": -26
    },
    "2021-12-31": {
        "Diluted EPS": -0.11,
        "Total Revenue": 13,
        "Gross Profit": 1,
        "Operating Income": -24,
        "EBIT": -22,
        "Net Income": -28
    },
    "2021-09-30": {
        "Diluted EPS": -0.02,
        "Total Revenue": 22,
        "Gross Profit": 12,
        "Operating Income": -7,
        "EBIT": -5,
        "Net Income": -4
    },
    "2021-06-30": {
        "Diluted EPS": -0.14,
        "Total Revenue": 23,
        "Gross Profit": 13,
        "Operating Income": -10,
        "EBIT": -10,
        "Net Income": -36
    },
    "2021-03-31": {
        "Diluted EPS": -0.05,
        "Total Revenue": 17,
        "Gross Profit": 10,
        "Operating Income": -6,
        "EBIT": -5,
        "Net Income": -13
    },
    "2020-12-31": {
        "Diluted EPS": -0.12,
        "Total Revenue": 18,
        "Gross Profit": 12,
        "Operating Income": -24,
        "EBIT": -23,
        "Net Income": -26
    },
    "2020-09-30": {
        "Diluted EPS": -0.05,
        "Total Revenue": 15,
        "Gross Profit": 10,
        "Operating Income": -9,
        "EBIT": -8,
        "Net Income": -11
    },
    "2020-06-30": {
        "Diluted EPS": -0.05,
        "Total Revenue": 15,
        "Gross Profit": 9,
        "Operating Income": -8,
        "EBIT": -7,
        "Net Income": -10
    },
    "2020-03-31": {
        "Diluted EPS": -0.04,
        "Total Revenue": 16,
        "Gross Profit": 9,
        "Operating Income": -7,
        "EBIT": -6,
        "Net Income": -9
    },
    "2019-12-31": {
        "Diluted EPS": -0.07,
        "Total Revenue": 16,
        "Gross Profit": 9,
        "Operating Income": -11,
        "EBIT": -12,
        "Net Income": -14
    },
    "2019-09-30": {
        "Diluted EPS": -0.05,
        "Total Revenue": 15,
        "Gross Profit": 6,
        "Operating Income": -9,
        "EBIT": -9,
        "Net Income": -10
    },
    "2019-06-30": {
        "Diluted EPS": -0.07,
        "Total Revenue": 15,
        "Gross Profit": 9,
        "Operating Income": -11,
        "EBIT": -10,
        "Net Income": -12
    },
    "2019-03-31": {
        "Diluted EPS": -0.08,
        "Total Revenue": 17,
        "Gross Profit": 12,
        "Operating Income": -14,
        "EBIT": -13,
        "Net Income": -15
    },
    "2018-12-31": {
        "Diluted EPS": -0.03,
        "Total Revenue": 16,
        "Gross Profit": 10,
        "Operating Income": -8,
        "EBIT": -7,
        "Net Income": -10
    },
    "2018-09-30": {
        "Diluted EPS": -0.16,
        "Total Revenue": 4,
        "Gross Profit": -1,
        "Operating Income": -22,
        "EBIT": -21,
        "Net Income": -24
    },
    "2018-06-30": {
        "Diluted EPS": -0.16,
        "Total Revenue": 4,
        "Gross Profit": -1,
        "Operating Income": -21,
        "EBIT": -20,
        "Net Income": -23
    },
    "2018-03-31": {
        "Diluted EPS": -0.25,
        "Total Revenue": 3,
        "Gross Profit": -1,
        "Operating Income": -27,
        "EBIT": -26,
        "Net Income": -30
    },
    "2017-12-31": {
        "Diluted EPS": -0.3,
        "Total Revenue": 5,
        "Gross Profit": 0,
        "Operating Income": -29,
        "EBIT": -28,
        "Net Income": -33
    },
    "2017-09-30": {
        "Diluted EPS": -0.31,
        "Total Revenue": 2,
        "Gross Profit": -3,
        "Operating Income": -28,
        "EBIT": -27,
        "Net Income": -33
    },
    "2017-06-30": {
        "Diluted EPS": -0.35,
        "Total Revenue": 2,
        "Gross Profit": -3,
        "Operating Income": -32,
        "EBIT": -31,
        "Net Income": -35
    },
    "2017-03-31": {
        "Diluted EPS": -0.17,
        "Total Revenue": 3,
        "Gross Profit": 0,
        "Operating Income": -20,
        "EBIT": -19,
        "Net Income": -16
    },
    "2016-12-31": {
        "Diluted EPS": 0.67,
        "Total Revenue": 12,
        "Gross Profit": -1,
        "Operating Income": -12,
        "EBIT": -11,
        "Net Income": 54
    },
    "2016-09-30": {
        "Diluted EPS": 1.31,
        "Total Revenue": 162,
        "Gross Profit": 135,
        "Operating Income": 118,
        "EBIT": 119,
        "Net Income": 127
    },
    "2016-06-30": {
        "Diluted EPS": -0.33,
        "Total Revenue": NaN,
        "Gross Profit": -4,
        "Operating Income": -19,
        "EBIT": -18,
        "Net Income": -30
    },
    "2016-03-31": {
        "Diluted EPS": -0.29,
        "Total Revenue": NaN,
        "Gross Profit": -5,
        "Operating Income": -20,
        "EBIT": -19,
        "Net Income": -25
    },
    "2015-12-31": {
        "Diluted EPS": -3.39,
        "Total Revenue": NaN,
        "Gross Profit": -57,
        "Operating Income": -273,
        "EBIT": -270,
        "Net Income": -277
    },
    "2015-09-30": {
        "Diluted EPS": -0.4,
        "Total Revenue": NaN,
        "Gross Profit": -8,
        "Operating Income": -26,
        "EBIT": -22,
        "Net Income": -32
    },
    "2015-06-30": {
        "Diluted EPS": -0.35,
        "Total Revenue": NaN,
        "Gross Profit": NaN,
        "Operating Income": -24,
        "EBIT": -21,
        "Net Income": -29
    },
    "2015-03-31": {
        "Diluted EPS": -0.4,
        "Total Revenue": NaN,
        "Gross Profit": NaN,
        "Operating Income": -22,
        "EBIT": -19,
        "Net Income": -31
    },
    "2014-12-31": {
        "Diluted EPS": -0.47,
        "Total Revenue": NaN,
        "Gross Profit": NaN,
        "Operating Income": -30,
        "EBIT": -27,
        "Net Income": -36
    },
    "2014-09-30": {
        "Diluted EPS": -0.45,
        "Total Revenue": NaN,
        "Gross Profit": NaN,
        "Operating Income": -38,
        "EBIT": -35,
        "Net Income": -37
    },
    "2014-06-30": {
        "Diluted EPS": -0.95,
        "Total Revenue": NaN,
        "Gross Profit": NaN,
        "Operating Income": -70,
        "EBIT": -67,
        "Net Income": -73
    },
    "2014-03-31": {
        "Diluted EPS": -0.7,
        "Total Revenue": NaN,
        "Gross Profit": NaN,
        "Operating Income": -41,
        "EBIT": -32,
        "Net Income": -52
    },
    "2013-12-31": {
        "Diluted EPS": -0.8,
        "Total Revenue": NaN,
        "Gross Profit": NaN,
        "Operating Income": -47,
        "EBIT": -43,
        "Net Income": -54
    },
    "2013-09-30": {
        "Diluted EPS": -0.85,
        "Total Revenue": NaN,
        "Gross Profit": NaN,
        "Operating Income": -45,
        "EBIT": -41,
        "Net Income": -51
    },
    "2013-06-30": {
        "Diluted EPS": -0.8,
        "Total Revenue": NaN,
        "Gross Profit": NaN,
        "Operating Income": -42,
        "EBIT": -38,
        "Net Income": -46
    },
    "2013-03-31": {
        "Diluted EPS": -0.75,
        "Total Revenue": NaN,
        "Gross Profit": NaN,
        "Operating Income": -36,
        "EBIT": -33,
        "Net Income": -41
    },
    "2012-12-31": {
        "Diluted EPS": -1.1,
        "Total Revenue": NaN,
        "Gross Profit": NaN,
        "Operating Income": -33,
        "EBIT": -30,
        "Net Income": -52
    },
    "2012-09-30": {
        "Diluted EPS": -1.1,
        "Total Revenue": 0,
        "Gross Profit": 0,
        "Operating Income": -35,
        "EBIT": -32,
        "Net Income": -43
    },
    "2012-06-30": {
        "Diluted EPS": -1.15,
        "Total Revenue": NaN,
        "Gross Profit": NaN,
        "Operating Income": -44,
        "EBIT": -40,
        "Net Income": -37
    },
    "2012-03-31": {
        "Diluted EPS": -1.35,
        "Total Revenue": NaN,
        "Gross Profit": NaN,
        "Operating Income": -34,
        "EBIT": -30,
        "Net Income": -38
    },
    "2011-12-31": {
        "Diluted EPS": -1.5,
        "Total Revenue": NaN,
        "Gross Profit": NaN,
        "Operating Income": -31,
        "EBIT": -27,
        "Net Income": -36
    },
    "2011-09-30": {
        "Diluted EPS": -1.55,
        "Total Revenue": NaN,
        "Gross Profit": NaN,
        "Operating Income": -33,
        "EBIT": -29,
        "Net Income": -38
    },
    "2011-06-30": {
        "Diluted EPS": -1.85,
        "Total Revenue": NaN,
        "Gross Profit": NaN,
        "Operating Income": -39,
        "EBIT": -35,
        "Net Income": -44
    },
    "2011-03-31": {
        "Diluted EPS": -1.7,
        "Total Revenue": 0,
        "Gross Profit": 0,
        "Operating Income": -38,
        "EBIT": -34,
        "Net Income": -42
    },
    "2010-12-31": {
        "Diluted EPS": -1.65,
        "Total Revenue": NaN,
        "Gross Profit": NaN,
        "Operating Income": -32,
        "EBIT": -28,
        "Net Income": -38
    },
    "2010-09-30": {
        "Diluted EPS": -2.0,
        "Total Revenue": NaN,
        "Gross Profit": NaN,
        "Operating Income": -43,
        "EBIT": -38,
        "Net Income": -45
    },
    "2010-06-30": {
        "Diluted EPS": -1.85,
        "Total Revenue": 0,
        "Gross Profit": 0,
        "Operating Income": -37,
        "EBIT": -33,
        "Net Income": -42
    },
    "2010-03-31": {
        "Diluted EPS": -2.0,
        "Total Revenue": NaN,
        "Gross Profit": NaN,
        "Operating Income": -41,
        "EBIT": -36,
        "Net Income": -45
    },
    "2009-12-31": {
        "Diluted EPS": -2.65,
        "Total Revenue": NaN,
        "Gross Profit": NaN,
        "Operating Income": -56,
        "EBIT": -51,
        "Net Income": -60
    },
    "2009-09-30": {
        "Diluted EPS": -2.1,
        "Total Revenue": NaN,
        "Gross Profit": NaN,
        "Operating Income": -43,
        "EBIT": -38,
        "Net Income": -46
    },
    "2009-06-30": {
        "Diluted EPS": -2.7,
        "Total Revenue": NaN,
        "Gross Profit": NaN,
        "Operating Income": -53,
        "EBIT": -49,
        "Net Income": -56
    },
    "2009-03-31": {
        "Diluted EPS": -2.9,
        "Total Revenue": NaN,
        "Gross Profit": NaN,
        "Operating Income": -58,
        "EBIT": -53,
        "Net Income": -59
    },
    "2023-06-30": {
        "Tax Effect Of Unusual Items": NaN,
        "Tax Rate For Calcs": NaN,
        "Normalized EBITDA": NaN,
        "Total Unusual Items": NaN,
        "Total Unusual Items Excluding Goodwill": NaN,
        "Net Income From Continuing Operation Net Minority Interest": NaN,
        "Reconciled Depreciation": NaN,
        "Reconciled Cost Of Revenue": NaN,
        "EBITDA": NaN,
        "EBIT": NaN,
        "Net Interest Income": NaN,
        "Interest Expense": NaN,
        "Interest Income": NaN,
        "Normalized Income": NaN,
        "Net Income From Continuing And Discontinued Operation": NaN,
        "Total Expenses": NaN,
        "Total Operating Income As Reported": NaN,
        "Diluted Average Shares": 265626000.0,
        "Basic Average Shares": 265626000.0,
        "Diluted EPS": -0.02,
        "Basic EPS": -0.02,
        "Diluted NI Availto Com Stockholders": NaN,
        "Net Income Common Stockholders": NaN,
        "Net Income": NaN,
        "Net Income Including Noncontrolling Interests": NaN,
        "Net Income Continuous Operations": NaN,
        "Tax Provision": NaN,
        "Pretax Income": NaN,
        "Other Income Expense": NaN,
        "Other Non Operating Income Expenses": -143000.0,
        "Special Income Charges": 0.0,
        "Other Special Charges": NaN,
        "Restructuring And Mergern Acquisition": NaN,
        "Gain On Sale Of Security": NaN,
        "Net Non Operating Interest Income Expense": NaN,
        "Interest Expense Non Operating": NaN,
        "Interest Income Non Operating": NaN,
        "Operating Income": NaN,
        "Operating Expense": NaN,
        "Research And Development": NaN,
        "Selling General And Administration": NaN,
        "Selling And Marketing Expense": NaN,
        "General And Administrative Expense": NaN,
        "Other Gand A": NaN,
        "Gross Profit": NaN,
        "Cost Of Revenue": NaN,
        "Total Revenue": NaN,
        "Operating Revenue": NaN
    },
    "2023-09-30": {
        "Tax Effect Of Unusual Items": 0.0,
        "Tax Rate For Calcs": 0.0,
        "Normalized EBITDA": 6285000.0,
        "Total Unusual Items": 2065000.0,
        "Total Unusual Items Excluding Goodwill": 2065000.0,
        "Net Income From Continuing Operation Net Minority Interest": 1721000.0,
        "Reconciled Depreciation": 1355000.0,
        "Reconciled Cost Of Revenue": 14254000.0,
        "EBITDA": 8350000.0,
        "EBIT": 6995000.0,
        "Net Interest Income": -3694000.0,
        "Interest Expense": 5274000.0,
        "Interest Income": 1580000.0,
        "Normalized Income": -344000.0,
        "Net Income From Continuing And Discontinued Operation": 1721000.0,
        "Total Expenses": 48221000.0,
        "Total Operating Income As Reported": 5097000.0,
        "Diluted Average Shares": 323770000.0,
        "Basic Average Shares": 268732000.0,
        "Diluted EPS": 0.01,
        "Basic EPS": 0.01,
        "Diluted NI Availto Com Stockholders": 1721000.0,
        "Net Income Common Stockholders": 1721000.0,
        "Net Income": 1721000.0,
        "Net Income Including Noncontrolling Interests": 1721000.0,
        "Net Income Continuous Operations": 1721000.0,
        "Tax Provision": 0.0,
        "Pretax Income": 1721000.0,
        "Other Income Expense": 2383000.0,
        "Other Non Operating Income Expenses": 318000.0,
        "Special Income Charges": 0.0,
        "Other Special Charges": NaN,
        "Restructuring And Mergern Acquisition": 0.0,
        "Gain On Sale Of Security": 2065000.0,
        "Net Non Operating Interest Income Expense": -3694000.0,
        "Interest Expense Non Operating": 5274000.0,
        "Interest Income Non Operating": 1580000.0,
        "Operating Income": 3032000.0,
        "Operating Expense": 33967000.0,
        "Research And Development": 9989000.0,
        "Selling General And Administration": 23978000.0,
        "Selling And Marketing Expense": 13440000.0,
        "General And Administrative Expense": 10538000.0,
        "Other Gand A": 10538000.0,
        "Gross Profit": 36999000.0,
        "Cost Of Revenue": 14254000.0,
        "Total Revenue": 51253000.0,
        "Operating Revenue": 65420000.0
    },
    "2023-12-31": {
        "Tax Effect Of Unusual Items": -814380.0,
        "Tax Rate For Calcs": 0.21,
        "Normalized EBITDA": 13743000.0,
        "Total Unusual Items": -3878000.0,
        "Total Unusual Items Excluding Goodwill": -3878000.0,
        "Net Income From Continuing Operation Net Minority Interest": 1401000.0,
        "Reconciled Depreciation": 1548000.0,
        "Reconciled Cost Of Revenue": 18067000.0,
        "EBITDA": 9865000.0,
        "EBIT": 8317000.0,
        "Net Interest Income": -3630000.0,
        "Interest Expense": 5355000.0,
        "Interest Income": 1725000.0,
        "Normalized Income": 4464620.0,
        "Net Income From Continuing And Discontinued Operation": 1401000.0,
        "Total Expenses": 47838000.0,
        "Total Operating Income As Reported": 7858000.0,
        "Diluted Average Shares": NaN,
        "Basic Average Shares": NaN,
        "Diluted EPS": NaN,
        "Basic EPS": NaN,
        "Diluted NI Availto Com Stockholders": 1401000.0,
        "Net Income Common Stockholders": 1401000.0,
        "Net Income": 1401000.0,
        "Net Income Including Noncontrolling Interests": 1401000.0,
        "Net Income Continuous Operations": 1401000.0,
        "Tax Provision": 1561000.0,
        "Pretax Income": 2962000.0,
        "Other Income Expense": -4042000.0,
        "Other Non Operating Income Expenses": -164000.0,
        "Special Income Charges": NaN,
        "Other Special Charges": NaN,
        "Restructuring And Mergern Acquisition": NaN,
        "Gain On Sale Of Security": -3878000.0,
        "Net Non Operating Interest Income Expense": -3630000.0,
        "Interest Expense Non Operating": 5355000.0,
        "Interest Income Non Operating": 1725000.0,
        "Operating Income": 10634000.0,
        "Operating Expense": 29771000.0,
        "Research And Development": 9236000.0,
        "Selling General And Administration": 20535000.0,
        "Selling And Marketing Expense": 11024000.0,
        "General And Administrative Expense": 9511000.0,
        "Other Gand A": 9511000.0,
        "Gross Profit": 40405000.0,
        "Cost Of Revenue": 18067000.0,
        "Total Revenue": 58472000.0,
        "Operating Revenue": 73016000.0
    },
    "2024-03-31": {
        "Tax Effect Of Unusual Items": 33902.698733,
        "Tax Rate For Calcs": 0.024234,
        "Normalized EBITDA": 20446000.0,
        "Total Unusual Items": 1399000.0,
        "Total Unusual Items Excluding Goodwill": 1399000.0,
        "Net Income From Continuing Operation Net Minority Interest": 10630000.0,
        "Reconciled Depreciation": 1689000.0,
        "Reconciled Cost Of Revenue": 18598000.0,
        "EBITDA": 21845000.0,
        "EBIT": 20156000.0,
        "Net Interest Income": -5828000.0,
        "Interest Expense": 9262000.0,
        "Interest Income": 3434000.0,
        "Normalized Income": 9264902.698733,
        "Net Income From Continuing And Discontinued Operation": 10630000.0,
        "Total Expenses": 50940000.0,
        "Total Operating Income As Reported": 16722000.0,
        "Diluted Average Shares": 324733000.0,
        "Basic Average Shares": 270356000.0,
        "Diluted EPS": 0.04,
        "Basic EPS": 0.04,
        "Diluted NI Availto Com Stockholders": 10630000.0,
        "Net Income Common Stockholders": 10630000.0,
        "Net Income": 10630000.0,
        "Net Income Including Noncontrolling Interests": 10630000.0,
        "Net Income Continuous Operations": 10630000.0,
        "Tax Provision": 264000.0,
        "Pretax Income": 10894000.0,
        "Other Income Expense": 1399000.0,
        "Other Non Operating Income Expenses": NaN,
        "Special Income Charges": NaN,
        "Other Special Charges": NaN,
        "Restructuring And Mergern Acquisition": NaN,
        "Gain On Sale Of Security": 1399000.0,
        "Net Non Operating Interest Income Expense": -5828000.0,
        "Interest Expense Non Operating": 9262000.0,
        "Interest Income Non Operating": 3434000.0,
        "Operating Income": 15323000.0,
        "Operating Expense": 32342000.0,
        "Research And Development": 10013000.0,
        "Selling General And Administration": 22329000.0,
        "Selling And Marketing Expense": 11601000.0,
        "General And Administrative Expense": 10728000.0,
        "Other Gand A": 10728000.0,
        "Gross Profit": 47665000.0,
        "Cost Of Revenue": 18598000.0,
        "Total Revenue": 66263000.0,
        "Operating Revenue": 77538000.0
    },
    "2024-06-30": {
        "Tax Effect Of Unusual Items": -1694910.0,
        "Tax Rate For Calcs": 0.21,
        "Normalized EBITDA": 21308000.0,
        "Total Unusual Items": -8071000.0,
        "Total Unusual Items Excluding Goodwill": -8071000.0,
        "Net Income From Continuing Operation Net Minority Interest": -2014000.0,
        "Reconciled Depreciation": 2050000.0,
        "Reconciled Cost Of Revenue": 20377000.0,
        "EBITDA": 13237000.0,
        "EBIT": 11187000.0,
        "Net Interest Income": -9701000.0,
        "Interest Expense": 12878000.0,
        "Interest Income": 3177000.0,
        "Normalized Income": 4362090.0,
        "Net Income From Continuing And Discontinued Operation": -2014000.0,
        "Total Expenses": 56305000.0,
        "Total Operating Income As Reported": 16610000.0,
        "Diluted Average Shares": 273056000.0,
        "Basic Average Shares": 273056000.0,
        "Diluted EPS": -0.01,
        "Basic EPS": -0.01,
        "Diluted NI Availto Com Stockholders": -2014000.0,
        "Net Income Common Stockholders": -2014000.0,
        "Net Income": -2014000.0,
        "Net Income Including Noncontrolling Interests": -2014000.0,
        "Net Income Continuous Operations": -2014000.0,
        "Tax Provision": 323000.0,
        "Pretax Income": -1691000.0,
        "Other Income Expense": -8071000.0,
        "Other Non Operating Income Expenses": NaN,
        "Special Income Charges": -7050000.0,
        "Other Special Charges": 7050000.0,
        "Restructuring And Mergern Acquisition": NaN,
        "Gain On Sale Of Security": -1021000.0,
        "Net Non Operating Interest Income Expense": -9701000.0,
        "Interest Expense Non Operating": 12878000.0,
        "Interest Income Non Operating": 3177000.0,
        "Operating Income": 16081000.0,
        "Operating Expense": 35928000.0,
        "Research And Development": 11816000.0,
        "Selling General And Administration": 24112000.0,
        "Selling And Marketing Expense": 11495000.0,
        "General And Administrative Expense": 12617000.0,
        "Other Gand A": 12617000.0,
        "Gross Profit": 52009000.0,
        "Cost Of Revenue": 20377000.0,
        "Total Revenue": 72386000.0,
        "Operating Revenue": 87288000.0
    },
    "2024-09-30": {
        "Tax Effect Of Unusual Items": 287692.307692,
        "Tax Rate For Calcs": 0.102564,
        "Normalized EBITDA": 21037000.0,
        "Total Unusual Items": 2805000.0,
        "Total Unusual Items Excluding Goodwill": 2805000.0,
        "Net Income From Continuing Operation Net Minority Interest": 11550000.0,
        "Reconciled Depreciation": 2612000.0,
        "Reconciled Cost Of Revenue": 18023000.0,
        "EBITDA": 23842000.0,
        "EBIT": 21230000.0,
        "Net Interest Income": -5181000.0,
        "Interest Expense": 8360000.0,
        "Interest Income": 3179000.0,
        "Normalized Income": 9032692.307692,
        "Net Income From Continuing And Discontinued Operation": 11550000.0,
        "Total Expenses": 54865000.0,
        "Total Operating Income As Reported": 12760000.0,
        "Diluted Average Shares": 284693000.0,
        "Basic Average Shares": 274998000.0,
        "Diluted EPS": 0.04,
        "Basic EPS": 0.04,
        "Diluted NI Availto Com Stockholders": 11550000.0,
        "Net Income Common Stockholders": 11550000.0,
        "Net Income": 11550000.0,
        "Net Income Including Noncontrolling Interests": 11550000.0,
        "Net Income Continuous Operations": 11550000.0,
        "Tax Provision": 1320000.0,
        "Pretax Income": 12870000.0,
        "Other Income Expense": 2837000.0,
        "Other Non Operating Income Expenses": 32000.0,
        "Special Income Charges": 5259000.0,
        "Other Special Charges": NaN,
        "Restructuring And Mergern Acquisition": -5259000.0,
        "Gain On Sale Of Security": -2454000.0,
        "Net Non Operating Interest Income Expense": -5181000.0,
        "Interest Expense Non Operating": 8360000.0,
        "Interest Income Non Operating": 3179000.0,
        "Operating Income": 15214000.0,
        "Operating Expense": 36842000.0,
        "Research And Development": 12926000.0,
        "Selling General And Administration": 23916000.0,
        "Selling And Marketing Expense": 13093000.0,
        "General And Administrative Expense": 10823000.0,
        "Other Gand A": 10823000.0,
        "Gross Profit": 52056000.0,
        "Cost Of Revenue": 18023000.0,
        "Total Revenue": 70079000.0,
        "Operating Revenue": 82583000.0
    }
}