{
    "2023-06-30": {
        "Tax Effect Of Unusual Items": NaN,
        "Tax Rate For Calcs": NaN,
        "Net Income From Continuing Operation Net Minority Interest": NaN,
        "Reconciled Depreciation": NaN,
        "Net Interest Income": NaN,
        "Interest Expense": NaN,
        "Interest Income": NaN,
        "Normalized Income": NaN,
        "Net Income From Continuing And Discontinued Operation": NaN,
        "Diluted Average Shares": NaN,
        "Basic Average Shares": NaN,
        "Diluted EPS": NaN,
        "Basic EPS": NaN,
        "Diluted NI Availto Com Stockholders": NaN,
        "Net Income Common Stockholders": NaN,
        "Preferred Stock Dividends": NaN,
        "Net Income": NaN,
        "Net Income Including Noncontrolling Interests": NaN,
        "Net Income Continuous Operations": NaN,
        "Tax Provision": NaN,
        "Pretax Income": NaN,
        "Gain On Sale Of Security": 0.0,
        "Selling General And Administration": NaN,
        "Selling And Marketing Expense": NaN,
        "General And Administrative Expense": NaN,
        "Other Gand A": NaN,
        "Salaries And Wages": NaN,
        "Total Revenue": NaN,
        "Operating Revenue": NaN,
        "Occupancy And Equipment": NaN,
        "Other Non Interest Expense": NaN
    },
    "2023-03-31": {
        "Tax Effect Of Unusual Items": 0.0,
        "Tax Rate For Calcs": 0.194,
        "Net Income From Continuing Operation Net Minority Interest": 8151000.0,
        "Reconciled Depreciation": 639000.0,
        "Net Interest Income": 21091000.0,
        "Interest Expense": 7554000.0,
        "Interest Income": 28645000.0,
        "Normalized Income": 8151000.0,
        "Net Income From Continuing And Discontinued Operation": 8151000.0,
        "Diluted Average Shares": 7517213.0,
        "Basic Average Shares": 7517213.0,
        "Diluted EPS": 1.01,
        "Basic EPS": 1.01,
        "Diluted NI Availto Com Stockholders": 7612000.0,
        "Net Income Common Stockholders": 7612000.0,
        "Preferred Stock Dividends": 539000.0,
        "Net Income": 8151000.0,
        "Net Income Including Noncontrolling Interests": 8151000.0,
        "Net Income Continuous Operations": 8151000.0,
        "Tax Provision": 1957000.0,
        "Pretax Income": 10108000.0,
        "Gain On Sale Of Security": NaN,
        "Selling General And Administration": 8633000.0,
        "Selling And Marketing Expense": 797000.0,
        "General And Administrative Expense": 7836000.0,
        "Other Gand A": 215000.0,
        "Salaries And Wages": 7621000.0,
        "Total Revenue": 22094000.0,
        "Operating Revenue": 22094000.0,
        "Occupancy And Equipment": 984000.0,
        "Other Non Interest Expense": 2086000.0
    },
    "2022-12-31": {
        "Tax Effect Of Unusual Items": NaN,
        "Tax Rate For Calcs": NaN,
        "Net Income From Continuing Operation Net Minority Interest": NaN,
        "Reconciled Depreciation": NaN,
        "Net Interest Income": NaN,
        "Interest Expense": NaN,
        "Interest Income": NaN,
        "Normalized Income": NaN,
        "Net Income From Continuing And Discontinued Operation": NaN,
        "Diluted Average Shares": NaN,
        "Basic Average Shares": NaN,
        "Diluted EPS": NaN,
        "Basic EPS": NaN,
        "Diluted NI Availto Com Stockholders": NaN,
        "Net Income Common Stockholders": NaN,
        "Preferred Stock Dividends": NaN,
        "Net Income": NaN,
        "Net Income Including Noncontrolling Interests": NaN,
        "Net Income Continuous Operations": NaN,
        "Tax Provision": NaN,
        "Pretax Income": NaN,
        "Gain On Sale Of Security": 0.0,
        "Selling General And Administration": NaN,
        "Selling And Marketing Expense": NaN,
        "General And Administrative Expense": NaN,
        "Other Gand A": NaN,
        "Salaries And Wages": NaN,
        "Total Revenue": NaN,
        "Operating Revenue": NaN,
        "Occupancy And Equipment": NaN,
        "Other Non Interest Expense": NaN
    },
    "2022-09-30": {
        "Tax Effect Of Unusual Items": NaN,
        "Tax Rate For Calcs": NaN,
        "Net Income From Continuing Operation Net Minority Interest": NaN,
        "Reconciled Depreciation": NaN,
        "Net Interest Income": NaN,
        "Interest Expense": NaN,
        "Interest Income": NaN,
        "Normalized Income": NaN,
        "Net Income From Continuing And Discontinued Operation": NaN,
        "Diluted Average Shares": NaN,
        "Basic Average Shares": NaN,
        "Diluted EPS": NaN,
        "Basic EPS": NaN,
        "Diluted NI Availto Com Stockholders": NaN,
        "Net Income Common Stockholders": NaN,
        "Preferred Stock Dividends": NaN,
        "Net Income": NaN,
        "Net Income Including Noncontrolling Interests": NaN,
        "Net Income Continuous Operations": NaN,
        "Tax Provision": NaN,
        "Pretax Income": NaN,
        "Gain On Sale Of Security": 0.0,
        "Selling General And Administration": NaN,
        "Selling And Marketing Expense": NaN,
        "General And Administrative Expense": NaN,
        "Other Gand A": NaN,
        "Salaries And Wages": NaN,
        "Total Revenue": NaN,
        "Operating Revenue": NaN
    },
    "2022-06-30": {
        "Tax Effect Of Unusual Items": 0.0,
        "Tax Rate For Calcs": 0.199838,
        "Net Income From Continuing Operation Net Minority Interest": 5930000.0,
        "Reconciled Depreciation": 609000.0,
        "Net Interest Income": 16121000.0,
        "Interest Expense": 2692000.0,
        "Interest Income": 18813000.0,
        "Normalized Income": 5930000.0,
        "Net Income From Continuing And Discontinued Operation": 5930000.0,
        "Diluted Average Shares": 7575484.0,
        "Basic Average Shares": 7575484.0,
        "Diluted EPS": 0.71,
        "Basic EPS": 0.71,
        "Diluted NI Availto Com Stockholders": 5391000.0,
        "Net Income Common Stockholders": 5391000.0,
        "Preferred Stock Dividends": 539000.0,
        "Net Income": 5930000.0,
        "Net Income Including Noncontrolling Interests": 5930000.0,
        "Net Income Continuous Operations": 5930000.0,
        "Tax Provision": 1481000.0,
        "Pretax Income": 7411000.0,
        "Gain On Sale Of Security": 4000.0,
        "Selling General And Administration": 6373000.0,
        "Selling And Marketing Expense": 574000.0,
        "General And Administrative Expense": 5799000.0,
        "Other Gand A": 195000.0,
        "Salaries And Wages": 5604000.0,
        "Total Revenue": 17385000.0,
        "Operating Revenue": 17385000.0
    },
    "2022-03-31": {
        "Diluted EPS": 0.64,
        "Total Revenue": 19,
        "Gross Profit": 16,
        "Operating Income": 7,
        "EBIT": NaN,
        "Net Income": 5
    },
    "2021-12-31": {
        "Diluted EPS": 0.57,
        "Total Revenue": 18,
        "Gross Profit": 15,
        "Operating Income": 8,
        "EBIT": NaN,
        "Net Income": 4
    },
    "2021-09-30": {
        "Diluted EPS": 0.56,
        "Total Revenue": 17,
        "Gross Profit": 15,
        "Operating Income": 6,
        "EBIT": NaN,
        "Net Income": 4
    },
    "2021-06-30": {
        "Diluted EPS": 0.87,
        "Total Revenue": 17,
        "Gross Profit": 15,
        "Operating Income": 9,
        "EBIT": NaN,
        "Net Income": 7
    },
    "2021-03-31": {
        "Diluted EPS": 0.65,
        "Total Revenue": 18,
        "Gross Profit": 15,
        "Operating Income": 7,
        "EBIT": NaN,
        "Net Income": 5
    },
    "2020-12-31": {
        "Diluted EPS": 0.88,
        "Total Revenue": 18,
        "Gross Profit": 15,
        "Operating Income": 12,
        "EBIT": NaN,
        "Net Income": 7
    },
    "2020-09-30": {
        "Diluted EPS": 0.63,
        "Total Revenue": 18,
        "Gross Profit": 15,
        "Operating Income": 6,
        "EBIT": NaN,
        "Net Income": 5
    },
    "2020-06-30": {
        "Diluted EPS": -0.08,
        "Total Revenue": 16,
        "Gross Profit": 12,
        "Operating Income": -1,
        "EBIT": NaN,
        "Net Income": -1
    },
    "2020-03-31": {
        "Diluted EPS": 0.42,
        "Total Revenue": 17,
        "Gross Profit": 12,
        "Operating Income": 4,
        "EBIT": NaN,
        "Net Income": 3
    },
    "2019-12-31": {
        "Diluted EPS": 0.43,
        "Total Revenue": 16,
        "Gross Profit": 11,
        "Operating Income": 4,
        "EBIT": NaN,
        "Net Income": 4
    },
    "2019-09-30": {
        "Diluted EPS": 0.45,
        "Total Revenue": 17,
        "Gross Profit": 11,
        "Operating Income": 5,
        "EBIT": NaN,
        "Net Income": 4
    },
    "2019-06-30": {
        "Diluted EPS": 0.42,
        "Total Revenue": 16,
        "Gross Profit": 11,
        "Operating Income": 4,
        "EBIT": NaN,
        "Net Income": 3
    },
    "2019-03-31": {
        "Diluted EPS": 0.39,
        "Total Revenue": 15,
        "Gross Profit": 10,
        "Operating Income": 4,
        "EBIT": NaN,
        "Net Income": 3
    },
    "2018-12-31": {
        "Diluted EPS": 0.45,
        "Total Revenue": 15,
        "Gross Profit": 15,
        "Operating Income": 15,
        "EBIT": NaN,
        "Net Income": 4
    },
    "2018-09-30": {
        "Diluted EPS": 0.35,
        "Total Revenue": 13,
        "Gross Profit": 13,
        "Operating Income": 13,
        "EBIT": NaN,
        "Net Income": 2
    },
    "2018-06-30": {
        "Diluted EPS": 0.26,
        "Total Revenue": 11,
        "Gross Profit": 11,
        "Operating Income": 11,
        "EBIT": NaN,
        "Net Income": 2
    },
    "2018-03-31": {
        "Diluted EPS": 0.3,
        "Total Revenue": 9,
        "Gross Profit": 9,
        "Operating Income": 9,
        "EBIT": NaN,
        "Net Income": 2
    },
    "2017-12-31": {
        "Diluted EPS": 0.13,
        "Total Revenue": 8,
        "Gross Profit": 8,
        "Operating Income": 8,
        "EBIT": NaN,
        "Net Income": 1
    },
    "2017-09-30": {
        "Diluted EPS": 0.26,
        "Total Revenue": 8,
        "Gross Profit": 8,
        "Operating Income": 8,
        "EBIT": NaN,
        "Net Income": 1
    },
    "2017-06-30": {
        "Diluted EPS": 0.21,
        "Total Revenue": 7,
        "Gross Profit": 7,
        "Operating Income": 7,
        "EBIT": NaN,
        "Net Income": 1
    },
    "2017-03-31": {
        "Diluted EPS": 0.23,
        "Total Revenue": 6,
        "Gross Profit": 6,
        "Operating Income": 6,
        "EBIT": NaN,
        "Net Income": 1
    },
    "2016-12-31": {
        "Diluted EPS": 0.24,
        "Total Revenue": 6,
        "Gross Profit": 6,
        "Operating Income": 6,
        "EBIT": NaN,
        "Net Income": 1
    },
    "2016-09-30": {
        "Diluted EPS": 0.23,
        "Total Revenue": 6,
        "Gross Profit": 6,
        "Operating Income": 6,
        "EBIT": NaN,
        "Net Income": 1
    },
    "2016-06-30": {
        "Diluted EPS": 0.19,
        "Total Revenue": 6,
        "Gross Profit": 6,
        "Operating Income": 6,
        "EBIT": NaN,
        "Net Income": 1
    },
    "2016-03-31": {
        "Diluted EPS": 0.21,
        "Total Revenue": 5,
        "Gross Profit": 5,
        "Operating Income": 5,
        "EBIT": NaN,
        "Net Income": 1
    },
    "2015-12-31": {
        "Diluted EPS": 0.21,
        "Total Revenue": 5,
        "Gross Profit": 5,
        "Operating Income": 5,
        "EBIT": NaN,
        "Net Income": 1
    },
    "2015-09-30": {
        "Diluted EPS": 0.08,
        "Total Revenue": 5,
        "Gross Profit": 5,
        "Operating Income": 5,
        "EBIT": NaN,
        "Net Income": 0
    },
    "2015-06-30": {
        "Diluted EPS": 0.1,
        "Total Revenue": 4,
        "Gross Profit": 4,
        "Operating Income": 4,
        "EBIT": NaN,
        "Net Income": 0
    },
    "2015-03-31": {
        "Diluted EPS": 0.11,
        "Total Revenue": 5,
        "Gross Profit": 5,
        "Operating Income": 5,
        "EBIT": NaN,
        "Net Income": 0
    },
    "2014-12-31": {
        "Diluted EPS": 0.2,
        "Total Revenue": 4,
        "Gross Profit": 4,
        "Operating Income": 4,
        "EBIT": NaN,
        "Net Income": 1
    },
    "2014-09-30": {
        "Diluted EPS": 0.22,
        "Total Revenue": 4,
        "Gross Profit": 4,
        "Operating Income": 4,
        "EBIT": NaN,
        "Net Income": 1
    },
    "2014-06-30": {
        "Diluted EPS": 0.16,
        "Total Revenue": 4,
        "Gross Profit": 4,
        "Operating Income": 4,
        "EBIT": NaN,
        "Net Income": 0
    },
    "2014-03-31": {
        "Diluted EPS": 0.03,
        "Total Revenue": 3,
        "Gross Profit": 3,
        "Operating Income": 3,
        "EBIT": NaN,
        "Net Income": 0
    },
    "2013-03-31": {
        "Diluted EPS": 0.05,
        "Total Revenue": 3,
        "Gross Profit": 3,
        "Operating Income": 3,
        "EBIT": NaN,
        "Net Income": 0
    },
    "2012-12-31": {
        "Diluted EPS": 0.0,
        "Total Revenue": NaN,
        "Gross Profit": NaN,
        "Operating Income": NaN,
        "EBIT": NaN,
        "Net Income": NaN
    },
    "2012-03-31": {
        "Diluted EPS": 0.05,
        "Total Revenue": 4,
        "Gross Profit": 4,
        "Operating Income": 4,
        "EBIT": NaN,
        "Net Income": 0
    },
    "2011-12-31": {
        "Diluted EPS": 0.06,
        "Total Revenue": 3,
        "Gross Profit": 3,
        "Operating Income": 3,
        "EBIT": NaN,
        "Net Income": 0
    },
    "2011-09-30": {
        "Diluted EPS": 0.41,
        "Total Revenue": 11,
        "Gross Profit": 10,
        "Operating Income": 8,
        "EBIT": NaN,
        "Net Income": 1
    },
    "2011-06-30": {
        "Diluted EPS": 0.0,
        "Total Revenue": 3,
        "Gross Profit": 2,
        "Operating Income": 0,
        "EBIT": NaN,
        "Net Income": 0
    },
    "2010-09-30": {
        "Diluted EPS": 0.04,
        "Total Revenue": 4,
        "Gross Profit": 3,
        "Operating Income": 0,
        "EBIT": NaN,
        "Net Income": 0
    },
    "2010-06-30": {
        "Diluted EPS": 0.05,
        "Total Revenue": 4,
        "Gross Profit": 3,
        "Operating Income": 0,
        "EBIT": NaN,
        "Net Income": 0
    },
    "2010-03-31": {
        "Diluted EPS": 0.04,
        "Total Revenue": 3,
        "Gross Profit": 2,
        "Operating Income": 0,
        "EBIT": NaN,
        "Net Income": 0
    },
    "2009-12-31": {
        "Diluted EPS": 0.11,
        "Total Revenue": NaN,
        "Gross Profit": NaN,
        "Operating Income": -5,
        "EBIT": NaN,
        "Net Income": 0
    },
    "2009-09-30": {
        "Diluted EPS": 0.05,
        "Total Revenue": 3,
        "Gross Profit": 3,
        "Operating Income": 1,
        "EBIT": NaN,
        "Net Income": 0
    },
    "2009-06-30": {
        "Diluted EPS": 0.03,
        "Total Revenue": 3,
        "Gross Profit": 3,
        "Operating Income": 3,
        "EBIT": NaN,
        "Net Income": 0
    },
    "2009-03-31": {
        "Diluted EPS": 0.03,
        "Total Revenue": 3,
        "Gross Profit": 3,
        "Operating Income": 3,
        "EBIT": NaN,
        "Net Income": 0
    },
    "2023-09-30": {
        "Tax Effect Of Unusual Items": NaN,
        "Tax Rate For Calcs": NaN,
        "Net Income From Continuing Operation Net Minority Interest": NaN,
        "Reconciled Depreciation": NaN,
        "Net Interest Income": NaN,
        "Interest Expense": NaN,
        "Interest Income": NaN,
        "Normalized Income": NaN,
        "Net Income From Continuing And Discontinued Operation": NaN,
        "Diluted Average Shares": NaN,
        "Basic Average Shares": NaN,
        "Diluted EPS": NaN,
        "Basic EPS": NaN,
        "Diluted NI Availto Com Stockholders": NaN,
        "Net Income Common Stockholders": NaN,
        "Preferred Stock Dividends": NaN,
        "Net Income": NaN,
        "Net Income Including Noncontrolling Interests": NaN,
        "Net Income Continuous Operations": NaN,
        "Tax Provision": NaN,
        "Pretax Income": NaN,
        "Gain On Sale Of Security": 0.0,
        "Selling General And Administration": NaN,
        "Selling And Marketing Expense": NaN,
        "General And Administrative Expense": NaN,
        "Other Gand A": NaN,
        "Insurance And Claims": NaN,
        "Salaries And Wages": NaN,
        "Total Revenue": NaN,
        "Operating Revenue": NaN,
        "Occupancy And Equipment": NaN,
        "Other Non Interest Expense": NaN
    },
    "2023-12-31": {
        "Tax Effect Of Unusual Items": NaN,
        "Tax Rate For Calcs": NaN,
        "Net Income From Continuing Operation Net Minority Interest": NaN,
        "Reconciled Depreciation": NaN,
        "Net Interest Income": NaN,
        "Interest Expense": NaN,
        "Interest Income": NaN,
        "Normalized Income": NaN,
        "Net Income From Continuing And Discontinued Operation": NaN,
        "Diluted Average Shares": NaN,
        "Basic Average Shares": NaN,
        "Diluted EPS": NaN,
        "Basic EPS": NaN,
        "Diluted NI Availto Com Stockholders": NaN,
        "Net Income Common Stockholders": NaN,
        "Preferred Stock Dividends": NaN,
        "Net Income": NaN,
        "Net Income Including Noncontrolling Interests": NaN,
        "Net Income Continuous Operations": NaN,
        "Tax Provision": NaN,
        "Pretax Income": NaN,
        "Gain On Sale Of Security": 0.0,
        "Selling General And Administration": NaN,
        "Selling And Marketing Expense": NaN,
        "General And Administrative Expense": NaN,
        "Other Gand A": NaN,
        "Insurance And Claims": NaN,
        "Salaries And Wages": NaN,
        "Total Revenue": NaN,
        "Operating Revenue": NaN,
        "Occupancy And Equipment": NaN,
        "Other Non Interest Expense": NaN
    },
    "2024-03-31": {
        "Tax Effect Of Unusual Items": 0.0,
        "Tax Rate For Calcs": 0.200726,
        "Net Income From Continuing Operation Net Minority Interest": 3305000.0,
        "Reconciled Depreciation": 873000.0,
        "Net Interest Income": 15625000.0,
        "Interest Expense": 16844000.0,
        "Interest Income": 32469000.0,
        "Normalized Income": 3305000.0,
        "Net Income From Continuing And Discontinued Operation": 3305000.0,
        "Diluted Average Shares": 7611990.0,
        "Basic Average Shares": 7611990.0,
        "Diluted EPS": 0.36,
        "Basic EPS": 0.36,
        "Diluted NI Availto Com Stockholders": 2766000.0,
        "Net Income Common Stockholders": 2766000.0,
        "Preferred Stock Dividends": 539000.0,
        "Net Income": 3305000.0,
        "Net Income Including Noncontrolling Interests": 3305000.0,
        "Net Income Continuous Operations": 3305000.0,
        "Tax Provision": 830000.0,
        "Pretax Income": 4135000.0,
        "Gain On Sale Of Security": NaN,
        "Selling General And Administration": 8514000.0,
        "Selling And Marketing Expense": 454000.0,
        "General And Administrative Expense": 8060000.0,
        "Other Gand A": 242000.0,
        "Insurance And Claims": 330000.0,
        "Salaries And Wages": 7488000.0,
        "Total Revenue": 16421000.0,
        "Operating Revenue": 16421000.0,
        "Occupancy And Equipment": 1370000.0,
        "Other Non Interest Expense": 2597000.0
    },
    "2024-06-30": {
        "Tax Effect Of Unusual Items": 0.0,
        "Tax Rate For Calcs": 0.083,
        "Net Income From Continuing Operation Net Minority Interest": 2618000.0,
        "Reconciled Depreciation": 1007000.0,
        "Net Interest Income": 15289000.0,
        "Interest Expense": 18038000.0,
        "Interest Income": 33327000.0,
        "Normalized Income": 2618000.0,
        "Net Income From Continuing And Discontinued Operation": 2618000.0,
        "Diluted Average Shares": 7608389.0,
        "Basic Average Shares": 7608389.0,
        "Diluted EPS": 0.27,
        "Basic EPS": 0.27,
        "Diluted NI Availto Com Stockholders": 2079000.0,
        "Net Income Common Stockholders": 2079000.0,
        "Preferred Stock Dividends": 539000.0,
        "Net Income": 2618000.0,
        "Net Income Including Noncontrolling Interests": 2618000.0,
        "Net Income Continuous Operations": 2618000.0,
        "Tax Provision": 238000.0,
        "Pretax Income": 2856000.0,
        "Gain On Sale Of Security": -48000.0,
        "Selling General And Administration": 8279000.0,
        "Selling And Marketing Expense": 566000.0,
        "General And Administrative Expense": 7713000.0,
        "Other Gand A": 229000.0,
        "Insurance And Claims": NaN,
        "Salaries And Wages": 7484000.0,
        "Total Revenue": 16162000.0,
        "Operating Revenue": 16162000.0,
        "Occupancy And Equipment": 1355000.0,
        "Other Non Interest Expense": 3034000.0
    },
    "2024-09-30": {
        "Tax Effect Of Unusual Items": 0.0,
        "Tax Rate For Calcs": 0.21,
        "Net Income From Continuing Operation Net Minority Interest": 265000.0,
        "Reconciled Depreciation": 1027000.0,
        "Net Interest Income": 15343000.0,
        "Interest Expense": 18248000.0,
        "Interest Income": 33591000.0,
        "Normalized Income": 265000.0,
        "Net Income From Continuing And Discontinued Operation": 265000.0,
        "Diluted Average Shares": 7601925.0,
        "Basic Average Shares": 7601925.0,
        "Diluted EPS": -0.04,
        "Basic EPS": -0.04,
        "Diluted NI Availto Com Stockholders": -274000.0,
        "Net Income Common Stockholders": -274000.0,
        "Preferred Stock Dividends": 539000.0,
        "Net Income": 265000.0,
        "Net Income Including Noncontrolling Interests": 265000.0,
        "Net Income Continuous Operations": 265000.0,
        "Tax Provision": -168000.0,
        "Pretax Income": 97000.0,
        "Gain On Sale Of Security": 0.0,
        "Selling General And Administration": 8044000.0,
        "Selling And Marketing Expense": 579000.0,
        "General And Administrative Expense": 7465000.0,
        "Other Gand A": 215000.0,
        "Insurance And Claims": NaN,
        "Salaries And Wages": 7250000.0,
        "Total Revenue": 16229000.0,
        "Operating Revenue": 16229000.0,
        "Occupancy And Equipment": 1338000.0,
        "Other Non Interest Expense": 3837000.0
    },
    "2024-12-31": {
        "Tax Effect Of Unusual Items": 0.0,
        "Tax Rate For Calcs": 0.229813,
        "Net Income From Continuing Operation Net Minority Interest": -16167000.0,
        "Reconciled Depreciation": 1727000.0,
        "Net Interest Income": 16041000.0,
        "Interest Expense": 19078000.0,
        "Interest Income": 35119000.0,
        "Normalized Income": -16167000.0,
        "Net Income From Continuing And Discontinued Operation": -16167000.0,
        "Diluted Average Shares": 7603318.0,
        "Basic Average Shares": 7603318.0,
        "Diluted EPS": -2.2,
        "Basic EPS": -2.2,
        "Diluted NI Availto Com Stockholders": -16706000.0,
        "Net Income Common Stockholders": -16706000.0,
        "Preferred Stock Dividends": 539000.0,
        "Net Income": -16167000.0,
        "Net Income Including Noncontrolling Interests": -16167000.0,
        "Net Income Continuous Operations": -16167000.0,
        "Tax Provision": -4824000.0,
        "Pretax Income": -20991000.0,
        "Gain On Sale Of Security": 0.0,
        "Selling General And Administration": 10438000.0,
        "Selling And Marketing Expense": 600000.0,
        "General And Administrative Expense": 9838000.0,
        "Other Gand A": 243000.0,
        "Insurance And Claims": NaN,
        "Salaries And Wages": 8253000.0,
        "Total Revenue": 16847000.0,
        "Operating Revenue": 16847000.0,
        "Occupancy And Equipment": 1187000.0,
        "Other Non Interest Expense": 3085000.0
    },
    "2025-03-31": {
        "Tax Effect Of Unusual Items": 0.0,
        "Tax Rate For Calcs": 0.217544,
        "Net Income From Continuing Operation Net Minority Interest": 2453000.0,
        "Reconciled Depreciation": 1219000.0,
        "Net Interest Income": 16510000.0,
        "Interest Expense": 16453000.0,
        "Interest Income": 32963000.0,
        "Normalized Income": 2453000.0,
        "Net Income From Continuing And Discontinued Operation": 2453000.0,
        "Diluted Average Shares": 7636191.0,
        "Basic Average Shares": 7636191.0,
        "Diluted EPS": 0.25,
        "Basic EPS": 0.25,
        "Diluted NI Availto Com Stockholders": 1914000.0,
        "Net Income Common Stockholders": 1914000.0,
        "Preferred Stock Dividends": 539000.0,
        "Net Income": 2453000.0,
        "Net Income Including Noncontrolling Interests": 2453000.0,
        "Net Income Continuous Operations": 2453000.0,
        "Tax Provision": 682000.0,
        "Pretax Income": 3135000.0,
        "Gain On Sale Of Security": NaN,
        "Selling General And Administration": 9455000.0,
        "Selling And Marketing Expense": 481000.0,
        "General And Administrative Expense": 8974000.0,
        "Other Gand A": 229000.0,
        "Insurance And Claims": 360000.0,
        "Salaries And Wages": 8385000.0,
        "Total Revenue": 17449000.0,
        "Operating Revenue": 17449000.0,
        "Occupancy And Equipment": 1412000.0,
        "Other Non Interest Expense": 3447000.0
    }
}