{
    "2023-03-31": {
        "Tax Effect Of Unusual Items": NaN,
        "Tax Rate For Calcs": NaN,
        "Normalized EBITDA": NaN,
        "Total Unusual Items": NaN,
        "Total Unusual Items Excluding Goodwill": NaN,
        "Net Income From Continuing Operation Net Minority Interest": NaN,
        "Reconciled Cost Of Revenue": NaN,
        "EBITDA": NaN,
        "EBIT": NaN,
        "Net Interest Income": NaN,
        "Interest Expense": NaN,
        "Interest Income": NaN,
        "Normalized Income": NaN,
        "Net Income From Continuing And Discontinued Operation": NaN,
        "Total Expenses": NaN,
        "Total Operating Income As Reported": NaN,
        "Diluted Average Shares": NaN,
        "Basic Average Shares": NaN,
        "Diluted EPS": NaN,
        "Basic EPS": NaN,
        "Diluted NI Availto Com Stockholders": NaN,
        "Net Income Common Stockholders": NaN,
        "Net Income": NaN,
        "Minority Interests": NaN,
        "Net Income Including Noncontrolling Interests": NaN,
        "Net Income Continuous Operations": NaN,
        "Tax Provision": NaN,
        "Pretax Income": NaN,
        "Other Income Expense": NaN,
        "Other Non Operating Income Expenses": NaN,
        "Special Income Charges": NaN,
        "Write Off": 0.0,
        "Impairment Of Capital Assets": NaN,
        "Earnings From Equity Interest": NaN,
        "Net Non Operating Interest Income Expense": NaN,
        "Interest Expense Non Operating": NaN,
        "Interest Income Non Operating": NaN,
        "Operating Income": NaN,
        "Operating Expense": NaN,
        "Other Operating Expenses": NaN,
        "Provision For Doubtful Accounts": -4328000.0,
        "Selling General And Administration": NaN,
        "Selling And Marketing Expense": NaN,
        "General And Administrative Expense": NaN,
        "Other Gand A": NaN,
        "Gross Profit": NaN,
        "Cost Of Revenue": NaN,
        "Total Revenue": NaN,
        "Operating Revenue": NaN
    },
    "2022-12-31": {
        "Tax Effect Of Unusual Items": NaN,
        "Tax Rate For Calcs": NaN,
        "Normalized EBITDA": NaN,
        "Total Unusual Items": NaN,
        "Total Unusual Items Excluding Goodwill": NaN,
        "Net Income From Continuing Operation Net Minority Interest": NaN,
        "Reconciled Cost Of Revenue": NaN,
        "EBITDA": NaN,
        "EBIT": NaN,
        "Net Interest Income": NaN,
        "Interest Expense": NaN,
        "Interest Income": NaN,
        "Normalized Income": NaN,
        "Net Income From Continuing And Discontinued Operation": NaN,
        "Total Expenses": NaN,
        "Total Operating Income As Reported": NaN,
        "Diluted Average Shares": NaN,
        "Basic Average Shares": NaN,
        "Diluted EPS": NaN,
        "Basic EPS": NaN,
        "Diluted NI Availto Com Stockholders": NaN,
        "Net Income Common Stockholders": NaN,
        "Net Income": NaN,
        "Minority Interests": NaN,
        "Net Income Including Noncontrolling Interests": NaN,
        "Net Income Continuous Operations": NaN,
        "Tax Provision": NaN,
        "Pretax Income": NaN,
        "Other Income Expense": NaN,
        "Other Non Operating Income Expenses": NaN,
        "Special Income Charges": NaN,
        "Write Off": 3162000.0,
        "Impairment Of Capital Assets": 0.0,
        "Earnings From Equity Interest": NaN,
        "Net Non Operating Interest Income Expense": NaN,
        "Interest Expense Non Operating": NaN,
        "Interest Income Non Operating": NaN,
        "Operating Income": NaN,
        "Operating Expense": NaN,
        "Other Operating Expenses": NaN,
        "Provision For Doubtful Accounts": NaN,
        "Selling General And Administration": NaN,
        "Selling And Marketing Expense": NaN,
        "General And Administrative Expense": NaN,
        "Other Gand A": NaN,
        "Gross Profit": NaN,
        "Cost Of Revenue": NaN,
        "Total Revenue": NaN,
        "Operating Revenue": NaN
    },
    "2022-09-30": {
        "Tax Effect Of Unusual Items": NaN,
        "Tax Rate For Calcs": NaN,
        "Normalized EBITDA": NaN,
        "Total Unusual Items": NaN,
        "Total Unusual Items Excluding Goodwill": NaN,
        "Net Income From Continuing Operation Net Minority Interest": NaN,
        "Reconciled Cost Of Revenue": NaN,
        "EBITDA": NaN,
        "EBIT": NaN,
        "Net Interest Income": NaN,
        "Interest Expense": NaN,
        "Interest Income": NaN,
        "Normalized Income": NaN,
        "Net Income From Continuing And Discontinued Operation": NaN,
        "Total Expenses": NaN,
        "Total Operating Income As Reported": NaN,
        "Diluted Average Shares": NaN,
        "Basic Average Shares": NaN,
        "Diluted EPS": NaN,
        "Basic EPS": NaN,
        "Diluted NI Availto Com Stockholders": NaN,
        "Net Income Common Stockholders": NaN,
        "Net Income": NaN,
        "Minority Interests": NaN,
        "Net Income Including Noncontrolling Interests": NaN,
        "Net Income Continuous Operations": NaN,
        "Tax Provision": NaN,
        "Pretax Income": NaN,
        "Other Income Expense": NaN,
        "Other Non Operating Income Expenses": NaN,
        "Special Income Charges": NaN,
        "Write Off": 554000.0,
        "Impairment Of Capital Assets": NaN,
        "Earnings From Equity Interest": NaN,
        "Net Non Operating Interest Income Expense": NaN,
        "Interest Expense Non Operating": NaN,
        "Interest Income Non Operating": NaN,
        "Operating Income": NaN,
        "Operating Expense": NaN,
        "Other Operating Expenses": NaN,
        "Provision For Doubtful Accounts": NaN,
        "Selling General And Administration": NaN,
        "Selling And Marketing Expense": NaN,
        "General And Administrative Expense": NaN,
        "Other Gand A": NaN,
        "Gross Profit": NaN,
        "Cost Of Revenue": NaN,
        "Total Revenue": NaN,
        "Operating Revenue": NaN
    },
    "2022-06-30": {
        "Tax Effect Of Unusual Items": -573764.456667,
        "Tax Rate For Calcs": 0.284323,
        "Normalized EBITDA": 301274000.0,
        "Total Unusual Items": -2018000.0,
        "Total Unusual Items Excluding Goodwill": -2018000.0,
        "Net Income From Continuing Operation Net Minority Interest": 204837000.0,
        "Reconciled Cost Of Revenue": 1545803000.0,
        "EBITDA": 299256000.0,
        "EBIT": 299256000.0,
        "Net Interest Income": 19174000.0,
        "Interest Expense": 7989000.0,
        "Interest Income": 27163000.0,
        "Normalized Income": 206281235.543333,
        "Net Income From Continuing And Discontinued Operation": 204837000.0,
        "Total Expenses": 2084440000.0,
        "Total Operating Income As Reported": 272093000.0,
        "Diluted Average Shares": 313860356.0,
        "Basic Average Shares": 302750265.0,
        "Diluted EPS": 0.68,
        "Basic EPS": 0.68,
        "Diluted NI Availto Com Stockholders": 204837000.0,
        "Net Income Common Stockholders": 204837000.0,
        "Net Income": 204837000.0,
        "Minority Interests": -3616000.0,
        "Net Income Including Noncontrolling Interests": 208453000.0,
        "Net Income Continuous Operations": 208453000.0,
        "Tax Provision": 82814000.0,
        "Pretax Income": 291267000.0,
        "Other Income Expense": 38827000.0,
        "Other Non Operating Income Expenses": 40845000.0,
        "Special Income Charges": -2018000.0,
        "Write Off": 2018000.0,
        "Impairment Of Capital Assets": NaN,
        "Earnings From Equity Interest": 0.0,
        "Net Non Operating Interest Income Expense": 19174000.0,
        "Interest Expense Non Operating": 7989000.0,
        "Interest Income Non Operating": 27163000.0,
        "Operating Income": 233266000.0,
        "Operating Expense": 538637000.0,
        "Other Operating Expenses": -5049000.0,
        "Provision For Doubtful Accounts": 4162000.0,
        "Selling General And Administration": 539524000.0,
        "Selling And Marketing Expense": 354717000.0,
        "General And Administrative Expense": 184807000.0,
        "Other Gand A": 184807000.0,
        "Gross Profit": 771903000.0,
        "Cost Of Revenue": 1545803000.0,
        "Total Revenue": 2317706000.0,
        "Operating Revenue": 2317706000.0
    },
    "2022-03-31": {
        "Diluted EPS": 0.05,
        "Total Revenue": 369,
        "Gross Profit": 111,
        "Operating Income": 22,
        "EBIT": 22,
        "Net Income": 15
    },
    "2021-12-31": {
        "Diluted EPS": 0.08,
        "Total Revenue": 435,
        "Gross Profit": 135,
        "Operating Income": 40,
        "EBIT": 40,
        "Net Income": 29
    },
    "2021-09-30": {
        "Diluted EPS": 0.08,
        "Total Revenue": 412,
        "Gross Profit": 113,
        "Operating Income": 33,
        "EBIT": 33,
        "Net Income": 24
    },
    "2021-06-30": {
        "Diluted EPS": 0.2,
        "Total Revenue": 372,
        "Gross Profit": 96,
        "Operating Income": 28,
        "EBIT": 28,
        "Net Income": 11
    },
    "2021-03-31": {
        "Diluted EPS": 0.06,
        "Total Revenue": 340,
        "Gross Profit": 96,
        "Operating Income": 25,
        "EBIT": 25,
        "Net Income": 19
    },
    "2020-12-31": {
        "Diluted EPS": 0.01,
        "Total Revenue": 352,
        "Gross Profit": 99,
        "Operating Income": 8,
        "EBIT": 8,
        "Net Income": 3
    },
    "2020-09-30": {
        "Diluted EPS": -1.04,
        "Total Revenue": 305,
        "Gross Profit": 77,
        "Operating Income": 0,
        "EBIT": 0,
        "Net Income": -246
    },
    "2020-06-30": {
        "Diluted EPS": 0.0,
        "Total Revenue": NaN,
        "Gross Profit": NaN,
        "Operating Income": NaN,
        "EBIT": NaN,
        "Net Income": NaN
    },
    "2023-06-30": {
        "Tax Effect Of Unusual Items": NaN,
        "Tax Rate For Calcs": NaN,
        "Normalized EBITDA": NaN,
        "Total Unusual Items": -3448000.0,
        "Total Unusual Items Excluding Goodwill": -3448000.0,
        "Net Income From Continuing Operation Net Minority Interest": NaN,
        "Reconciled Cost Of Revenue": NaN,
        "EBITDA": NaN,
        "EBIT": NaN,
        "Net Interest Income": NaN,
        "Interest Expense": NaN,
        "Interest Income": NaN,
        "Normalized Income": NaN,
        "Net Income From Continuing And Discontinued Operation": NaN,
        "Total Expenses": NaN,
        "Total Operating Income As Reported": NaN,
        "Diluted Average Shares": 313564535.0,
        "Basic Average Shares": 313564535.0,
        "Diluted EPS": 1.72,
        "Basic EPS": 1.72,
        "Diluted NI Availto Com Stockholders": NaN,
        "Net Income Common Stockholders": NaN,
        "Net Income": NaN,
        "Minority Interests": NaN,
        "Net Income Including Noncontrolling Interests": NaN,
        "Net Income Continuous Operations": NaN,
        "Tax Provision": NaN,
        "Pretax Income": NaN,
        "Other Income Expense": NaN,
        "Other Non Operating Income Expenses": NaN,
        "Special Income Charges": -3448000.0,
        "Write Off": 3448000.0,
        "Impairment Of Capital Assets": NaN,
        "Earnings From Equity Interest": 0.0,
        "Net Non Operating Interest Income Expense": NaN,
        "Interest Expense Non Operating": NaN,
        "Interest Income Non Operating": NaN,
        "Operating Income": NaN,
        "Operating Expense": NaN,
        "Other Operating Expenses": NaN,
        "Provision For Doubtful Accounts": -460000.0,
        "Selling General And Administration": NaN,
        "Selling And Marketing Expense": NaN,
        "General And Administrative Expense": NaN,
        "Other Gand A": NaN,
        "Gross Profit": NaN,
        "Cost Of Revenue": NaN,
        "Total Revenue": NaN,
        "Operating Revenue": NaN
    },
    "2023-09-30": {
        "Tax Effect Of Unusual Items": NaN,
        "Tax Rate For Calcs": NaN,
        "Normalized EBITDA": NaN,
        "Total Unusual Items": NaN,
        "Total Unusual Items Excluding Goodwill": NaN,
        "Net Income From Continuing Operation Net Minority Interest": NaN,
        "Reconciled Cost Of Revenue": NaN,
        "EBITDA": NaN,
        "EBIT": NaN,
        "Net Interest Income": NaN,
        "Interest Expense": NaN,
        "Interest Income": NaN,
        "Normalized Income": NaN,
        "Net Income From Continuing And Discontinued Operation": NaN,
        "Total Expenses": NaN,
        "Total Operating Income As Reported": NaN,
        "Diluted Average Shares": 312546429.0,
        "Basic Average Shares": 312546429.0,
        "Diluted EPS": 1.96,
        "Basic EPS": 1.96,
        "Diluted NI Availto Com Stockholders": NaN,
        "Net Income Common Stockholders": NaN,
        "Net Income": NaN,
        "Minority Interests": NaN,
        "Net Income Including Noncontrolling Interests": NaN,
        "Net Income Continuous Operations": NaN,
        "Tax Provision": NaN,
        "Pretax Income": NaN,
        "Other Income Expense": NaN,
        "Other Non Operating Income Expenses": NaN,
        "Special Income Charges": NaN,
        "Write Off": NaN,
        "Impairment Of Capital Assets": NaN,
        "Earnings From Equity Interest": NaN,
        "Net Non Operating Interest Income Expense": NaN,
        "Interest Expense Non Operating": NaN,
        "Interest Income Non Operating": NaN,
        "Operating Income": NaN,
        "Operating Expense": NaN,
        "Other Operating Expenses": NaN,
        "Provision For Doubtful Accounts": -1666000.0,
        "Selling General And Administration": NaN,
        "Selling And Marketing Expense": NaN,
        "General And Administrative Expense": NaN,
        "Other Gand A": NaN,
        "Gross Profit": NaN,
        "Cost Of Revenue": NaN,
        "Total Revenue": NaN,
        "Operating Revenue": NaN
    },
    "2023-12-31": {
        "Tax Effect Of Unusual Items": NaN,
        "Tax Rate For Calcs": 0.209216,
        "Normalized EBITDA": 824812000.0,
        "Total Unusual Items": -4547000.0,
        "Total Unusual Items Excluding Goodwill": -4547000.0,
        "Net Income From Continuing Operation Net Minority Interest": NaN,
        "Reconciled Cost Of Revenue": 2183972000.0,
        "EBITDA": 820265000.0,
        "EBIT": 820265000.0,
        "Net Interest Income": 40882000.0,
        "Interest Expense": 13721000.0,
        "Interest Income": 54603000.0,
        "Normalized Income": 639409694.337817,
        "Net Income From Continuing And Discontinued Operation": 635814000.0,
        "Total Expenses": 3091524000.0,
        "Total Operating Income As Reported": NaN,
        "Diluted Average Shares": 311673529.0,
        "Basic Average Shares": 311673529.0,
        "Diluted EPS": 2.04,
        "Basic EPS": 2.04,
        "Diluted NI Availto Com Stockholders": 635814000.0,
        "Net Income Common Stockholders": 635814000.0,
        "Net Income": 635814000.0,
        "Minority Interests": -1988000.0,
        "Net Income Including Noncontrolling Interests": 637802000.0,
        "Net Income Continuous Operations": 637802000.0,
        "Tax Provision": 168742000.0,
        "Pretax Income": 806544000.0,
        "Other Income Expense": 15873000.0,
        "Other Non Operating Income Expenses": 20152000.0,
        "Special Income Charges": -4547000.0,
        "Write Off": NaN,
        "Impairment Of Capital Assets": 4547000.0,
        "Earnings From Equity Interest": 268000.0,
        "Net Non Operating Interest Income Expense": 40882000.0,
        "Interest Expense Non Operating": 13721000.0,
        "Interest Income Non Operating": 54603000.0,
        "Operating Income": 749789000.0,
        "Operating Expense": 907552000.0,
        "Other Operating Expenses": -5556000.0,
        "Provision For Doubtful Accounts": 3746000.0,
        "Selling General And Administration": NaN,
        "Selling And Marketing Expense": 722225000.0,
        "General And Administrative Expense": 187137000.0,
        "Other Gand A": 187137000.0,
        "Gross Profit": 1657341000.0,
        "Cost Of Revenue": 2183972000.0,
        "Total Revenue": 3841313000.0,
        "Operating Revenue": 3841313000.0
    },
    "2024-03-31": {
        "Tax Effect Of Unusual Items": -857569.482005,
        "Tax Rate For Calcs": 0.237422,
        "Normalized EBITDA": 787907000.0,
        "Total Unusual Items": -3612000.0,
        "Total Unusual Items Excluding Goodwill": -3612000.0,
        "Net Income From Continuing Operation Net Minority Interest": 582472000.0,
        "Reconciled Cost Of Revenue": 2107073000.0,
        "EBITDA": 784295000.0,
        "EBIT": 784295000.0,
        "Net Interest Income": 24981000.0,
        "Interest Expense": 15909000.0,
        "Interest Income": 40890000.0,
        "Normalized Income": 585226430.517995,
        "Net Income From Continuing And Discontinued Operation": 582472000.0,
        "Total Expenses": 2991463000.0,
        "Total Operating Income As Reported": 743285000.0,
        "Diluted Average Shares": 309825532.0,
        "Basic Average Shares": 309825532.0,
        "Diluted EPS": 1.88,
        "Basic EPS": 1.88,
        "Diluted NI Availto Com Stockholders": 582472000.0,
        "Net Income Common Stockholders": 582472000.0,
        "Net Income": 582472000.0,
        "Minority Interests": -3482000.0,
        "Net Income Including Noncontrolling Interests": 585954000.0,
        "Net Income Continuous Operations": 585954000.0,
        "Tax Provision": 182432000.0,
        "Pretax Income": 768386000.0,
        "Other Income Expense": 11337000.0,
        "Other Non Operating Income Expenses": 14829000.0,
        "Special Income Charges": -3612000.0,
        "Write Off": NaN,
        "Impairment Of Capital Assets": 3612000.0,
        "Earnings From Equity Interest": 120000.0,
        "Net Non Operating Interest Income Expense": 24981000.0,
        "Interest Expense Non Operating": 15909000.0,
        "Interest Income Non Operating": 40890000.0,
        "Operating Income": 732068000.0,
        "Operating Expense": 884390000.0,
        "Other Operating Expenses": -3645000.0,
        "Provision For Doubtful Accounts": 667000.0,
        "Selling General And Administration": 887368000.0,
        "Selling And Marketing Expense": 696027000.0,
        "General And Administrative Expense": 191341000.0,
        "Other Gand A": 191341000.0,
        "Gross Profit": 1616458000.0,
        "Cost Of Revenue": 2107073000.0,
        "Total Revenue": 3723531000.0,
        "Operating Revenue": 3723531000.0
    },
    "2024-06-30": {
        "Tax Effect Of Unusual Items": 7293103.892946,
        "Tax Rate For Calcs": 0.222561,
        "Normalized EBITDA": 752652000.0,
        "Total Unusual Items": 32769000.0,
        "Total Unusual Items Excluding Goodwill": 32769000.0,
        "Net Income From Continuing Operation Net Minority Interest": 587630000.0,
        "Reconciled Cost Of Revenue": 2261884000.0,
        "EBITDA": 785421000.0,
        "EBIT": 785421000.0,
        "Net Interest Income": 9030000.0,
        "Interest Expense": 24686000.0,
        "Interest Income": 33716000.0,
        "Normalized Income": 562154103.892946,
        "Net Income From Continuing And Discontinued Operation": 587630000.0,
        "Total Expenses": 3300105000.0,
        "Total Operating Income As Reported": 751524000.0,
        "Diluted Average Shares": NaN,
        "Basic Average Shares": NaN,
        "Diluted EPS": NaN,
        "Basic EPS": NaN,
        "Diluted NI Availto Com Stockholders": 587630000.0,
        "Net Income Common Stockholders": 587630000.0,
        "Net Income": 587630000.0,
        "Minority Interests": -3795000.0,
        "Net Income Including Noncontrolling Interests": 591425000.0,
        "Net Income Continuous Operations": 591425000.0,
        "Tax Provision": 169310000.0,
        "Pretax Income": 760735000.0,
        "Other Income Expense": 16598000.0,
        "Other Non Operating Income Expenses": -16352000.0,
        "Special Income Charges": 12647000.0,
        "Write Off": 2939000.0,
        "Impairment Of Capital Assets": 1492000.0,
        "Earnings From Equity Interest": 181000.0,
        "Net Non Operating Interest Income Expense": 9030000.0,
        "Interest Expense Non Operating": 24686000.0,
        "Interest Income Non Operating": 33716000.0,
        "Operating Income": 735107000.0,
        "Operating Expense": 1038221000.0,
        "Other Operating Expenses": -14405000.0,
        "Provision For Doubtful Accounts": NaN,
        "Selling General And Administration": 1053293000.0,
        "Selling And Marketing Expense": 826061000.0,
        "General And Administrative Expense": 227232000.0,
        "Other Gand A": 227232000.0,
        "Gross Profit": 1773328000.0,
        "Cost Of Revenue": 2261884000.0,
        "Total Revenue": 4035212000.0,
        "Operating Revenue": 4035212000.0
    },
    "2024-09-30": {
        "Tax Effect Of Unusual Items": 3269398.581419,
        "Tax Rate For Calcs": 0.248246,
        "Normalized EBITDA": 866468000.0,
        "Total Unusual Items": 13170000.0,
        "Total Unusual Items Excluding Goodwill": 13170000.0,
        "Net Income From Continuing Operation Net Minority Interest": 641765000.0,
        "Reconciled Cost Of Revenue": 2492601000.0,
        "EBITDA": 879638000.0,
        "EBIT": 879638000.0,
        "Net Interest Income": 7840000.0,
        "Interest Expense": 17227000.0,
        "Interest Income": 25067000.0,
        "Normalized Income": 631864398.581419,
        "Net Income From Continuing And Discontinued Operation": 641765000.0,
        "Total Expenses": 3719943000.0,
        "Total Operating Income As Reported": 852562000.0,
        "Diluted Average Shares": 308540865.0,
        "Basic Average Shares": 308540865.0,
        "Diluted EPS": 2.08,
        "Basic EPS": 2.08,
        "Diluted NI Availto Com Stockholders": 641765000.0,
        "Net Income Common Stockholders": 641765000.0,
        "Net Income": 641765000.0,
        "Minority Interests": -6556000.0,
        "Net Income Including Noncontrolling Interests": 648321000.0,
        "Net Income Continuous Operations": 648321000.0,
        "Tax Provision": 214090000.0,
        "Pretax Income": 862411000.0,
        "Other Income Expense": 51937000.0,
        "Other Non Operating Income Expenses": 36758000.0,
        "Special Income Charges": 13170000.0,
        "Write Off": -13170000.0,
        "Impairment Of Capital Assets": 0.0,
        "Earnings From Equity Interest": 2009000.0,
        "Net Non Operating Interest Income Expense": 7840000.0,
        "Interest Expense Non Operating": 17227000.0,
        "Interest Income Non Operating": 25067000.0,
        "Operating Income": 802634000.0,
        "Operating Expense": 1227342000.0,
        "Other Operating Expenses": -5327000.0,
        "Provision For Doubtful Accounts": NaN,
        "Selling General And Administration": 1232669000.0,
        "Selling And Marketing Expense": 996461000.0,
        "General And Administrative Expense": 236208000.0,
        "Other Gand A": 236208000.0,
        "Gross Profit": 2029976000.0,
        "Cost Of Revenue": 2492601000.0,
        "Total Revenue": 4522577000.0,
        "Operating Revenue": 4522577000.0
    },
    "2024-12-31": {
        "Tax Effect Of Unusual Items": 13122403.849372,
        "Tax Rate For Calcs": 0.153004,
        "Normalized EBITDA": 905328000.0,
        "Total Unusual Items": 85765000.0,
        "Total Unusual Items Excluding Goodwill": 85765000.0,
        "Net Income From Continuing Operation Net Minority Interest": 805693000.0,
        "Reconciled Cost Of Revenue": 2495407000.0,
        "EBITDA": 991093000.0,
        "EBIT": 991093000.0,
        "Net Interest Income": -16094000.0,
        "Interest Expense": 35093000.0,
        "Interest Income": 18999000.0,
        "Normalized Income": 733050403.849372,
        "Net Income From Continuing And Discontinued Operation": 805693000.0,
        "Total Expenses": 3756481000.0,
        "Total Operating Income As Reported": 968418000.0,
        "Diluted Average Shares": NaN,
        "Basic Average Shares": NaN,
        "Diluted EPS": NaN,
        "Basic EPS": NaN,
        "Diluted NI Availto Com Stockholders": 805693000.0,
        "Net Income Common Stockholders": 805693000.0,
        "Net Income": 805693000.0,
        "Minority Interests": -4035000.0,
        "Net Income Including Noncontrolling Interests": 809728000.0,
        "Net Income Continuous Operations": 809728000.0,
        "Tax Provision": 146272000.0,
        "Pretax Income": 956000000.0,
        "Other Income Expense": 15870000.0,
        "Other Non Operating Income Expenses": -73571000.0,
        "Special Income Charges": 8420000.0,
        "Write Off": 18410000.0,
        "Impairment Of Capital Assets": NaN,
        "Earnings From Equity Interest": 3676000.0,
        "Net Non Operating Interest Income Expense": -16094000.0,
        "Interest Expense Non Operating": 35093000.0,
        "Interest Income Non Operating": 18999000.0,
        "Operating Income": 956224000.0,
        "Operating Expense": 1261074000.0,
        "Other Operating Expenses": -14312000.0,
        "Provision For Doubtful Accounts": NaN,
        "Selling General And Administration": 1277855000.0,
        "Selling And Marketing Expense": 1000985000.0,
        "General And Administrative Expense": 276870000.0,
        "Other Gand A": 276870000.0,
        "Gross Profit": 2217298000.0,
        "Cost Of Revenue": 2495407000.0,
        "Total Revenue": 4712705000.0,
        "Operating Revenue": 4029076000.0
    },
    "2025-03-31": {
        "Tax Effect Of Unusual Items": 0.0,
        "Tax Rate For Calcs": NaN,
        "Normalized EBITDA": NaN,
        "Total Unusual Items": NaN,
        "Total Unusual Items Excluding Goodwill": NaN,
        "Net Income From Continuing Operation Net Minority Interest": 416342000.0,
        "Reconciled Cost Of Revenue": NaN,
        "EBITDA": NaN,
        "EBIT": NaN,
        "Net Interest Income": NaN,
        "Interest Expense": NaN,
        "Interest Income": NaN,
        "Normalized Income": NaN,
        "Net Income From Continuing And Discontinued Operation": NaN,
        "Total Expenses": NaN,
        "Total Operating Income As Reported": 709787000.0,
        "Diluted Average Shares": NaN,
        "Basic Average Shares": NaN,
        "Diluted EPS": NaN,
        "Basic EPS": NaN,
        "Diluted NI Availto Com Stockholders": NaN,
        "Net Income Common Stockholders": NaN,
        "Net Income": NaN,
        "Minority Interests": NaN,
        "Net Income Including Noncontrolling Interests": NaN,
        "Net Income Continuous Operations": NaN,
        "Tax Provision": NaN,
        "Pretax Income": NaN,
        "Other Income Expense": NaN,
        "Other Non Operating Income Expenses": NaN,
        "Special Income Charges": NaN,
        "Write Off": NaN,
        "Impairment Of Capital Assets": NaN,
        "Earnings From Equity Interest": NaN,
        "Net Non Operating Interest Income Expense": NaN,
        "Interest Expense Non Operating": NaN,
        "Interest Income Non Operating": NaN,
        "Operating Income": NaN,
        "Operating Expense": NaN,
        "Other Operating Expenses": NaN,
        "Provision For Doubtful Accounts": NaN,
        "Selling General And Administration": 1263330000.0,
        "Selling And Marketing Expense": NaN,
        "General And Administrative Expense": NaN,
        "Other Gand A": NaN,
        "Gross Profit": NaN,
        "Cost Of Revenue": NaN,
        "Total Revenue": NaN,
        "Operating Revenue": NaN
    }
}