{
    "2023-03-31": {
        "Tax Effect Of Unusual Items": NaN,
        "Tax Rate For Calcs": NaN,
        "Normalized EBITDA": NaN,
        "Total Unusual Items": NaN,
        "Total Unusual Items Excluding Goodwill": NaN,
        "Net Income From Continuing Operation Net Minority Interest": NaN,
        "Reconciled Depreciation": NaN,
        "Reconciled Cost Of Revenue": NaN,
        "EBITDA": NaN,
        "EBIT": NaN,
        "Net Interest Income": NaN,
        "Interest Expense": NaN,
        "Normalized Income": NaN,
        "Net Income From Continuing And Discontinued Operation": NaN,
        "Total Expenses": NaN,
        "Total Operating Income As Reported": NaN,
        "Diluted Average Shares": NaN,
        "Basic Average Shares": NaN,
        "Diluted EPS": NaN,
        "Basic EPS": NaN,
        "Diluted NI Availto Com Stockholders": NaN,
        "Average Dilution Earnings": NaN,
        "Net Income Common Stockholders": NaN,
        "Net Income": NaN,
        "Net Income Including Noncontrolling Interests": NaN,
        "Net Income Continuous Operations": NaN,
        "Tax Provision": NaN,
        "Pretax Income": NaN,
        "Other Income Expense": NaN,
        "Other Non Operating Income Expenses": NaN,
        "Special Income Charges": NaN,
        "Other Special Charges": NaN,
        "Net Non Operating Interest Income Expense": NaN,
        "Interest Expense Non Operating": NaN,
        "Operating Income": NaN,
        "Operating Expense": NaN,
        "Other Operating Expenses": NaN,
        "Research And Development": NaN,
        "Selling General And Administration": NaN,
        "General And Administrative Expense": NaN,
        "Other Gand A": NaN,
        "Salaries And Wages": 305500000.0,
        "Gross Profit": NaN,
        "Cost Of Revenue": NaN,
        "Total Revenue": NaN,
        "Operating Revenue": NaN
    },
    "2022-12-31": {
        "Tax Effect Of Unusual Items": NaN,
        "Tax Rate For Calcs": NaN,
        "Normalized EBITDA": NaN,
        "Total Unusual Items": NaN,
        "Total Unusual Items Excluding Goodwill": NaN,
        "Net Income From Continuing Operation Net Minority Interest": NaN,
        "Reconciled Depreciation": NaN,
        "Reconciled Cost Of Revenue": NaN,
        "EBITDA": NaN,
        "EBIT": NaN,
        "Net Interest Income": NaN,
        "Interest Expense": NaN,
        "Normalized Income": NaN,
        "Net Income From Continuing And Discontinued Operation": NaN,
        "Total Expenses": NaN,
        "Total Operating Income As Reported": NaN,
        "Diluted Average Shares": NaN,
        "Basic Average Shares": NaN,
        "Diluted EPS": NaN,
        "Basic EPS": NaN,
        "Diluted NI Availto Com Stockholders": NaN,
        "Average Dilution Earnings": NaN,
        "Net Income Common Stockholders": NaN,
        "Net Income": NaN,
        "Net Income Including Noncontrolling Interests": NaN,
        "Net Income Continuous Operations": NaN,
        "Tax Provision": NaN,
        "Pretax Income": NaN,
        "Other Income Expense": NaN,
        "Other Non Operating Income Expenses": NaN,
        "Special Income Charges": NaN,
        "Other Special Charges": NaN,
        "Net Non Operating Interest Income Expense": NaN,
        "Interest Expense Non Operating": NaN,
        "Operating Income": NaN,
        "Operating Expense": NaN,
        "Other Operating Expenses": NaN,
        "Research And Development": NaN,
        "Selling General And Administration": NaN,
        "General And Administrative Expense": NaN,
        "Other Gand A": NaN,
        "Salaries And Wages": 296700000.0,
        "Gross Profit": NaN,
        "Cost Of Revenue": NaN,
        "Total Revenue": NaN,
        "Operating Revenue": NaN
    },
    "2022-09-30": {
        "Tax Effect Of Unusual Items": NaN,
        "Tax Rate For Calcs": NaN,
        "Normalized EBITDA": NaN,
        "Total Unusual Items": NaN,
        "Total Unusual Items Excluding Goodwill": NaN,
        "Net Income From Continuing Operation Net Minority Interest": NaN,
        "Reconciled Depreciation": NaN,
        "Reconciled Cost Of Revenue": NaN,
        "EBITDA": NaN,
        "EBIT": NaN,
        "Net Interest Income": NaN,
        "Interest Expense": NaN,
        "Normalized Income": NaN,
        "Net Income From Continuing And Discontinued Operation": NaN,
        "Total Expenses": NaN,
        "Total Operating Income As Reported": NaN,
        "Diluted Average Shares": NaN,
        "Basic Average Shares": NaN,
        "Diluted EPS": NaN,
        "Basic EPS": NaN,
        "Diluted NI Availto Com Stockholders": NaN,
        "Average Dilution Earnings": 1600000.0,
        "Net Income Common Stockholders": NaN,
        "Net Income": NaN,
        "Net Income Including Noncontrolling Interests": NaN,
        "Net Income Continuous Operations": NaN,
        "Tax Provision": NaN,
        "Pretax Income": NaN,
        "Other Income Expense": NaN,
        "Other Non Operating Income Expenses": NaN,
        "Special Income Charges": NaN,
        "Other Special Charges": NaN,
        "Net Non Operating Interest Income Expense": NaN,
        "Interest Expense Non Operating": NaN,
        "Operating Income": NaN,
        "Operating Expense": NaN,
        "Other Operating Expenses": NaN,
        "Research And Development": NaN,
        "Selling General And Administration": NaN,
        "General And Administrative Expense": NaN,
        "Other Gand A": NaN,
        "Salaries And Wages": 287600000.0,
        "Gross Profit": NaN,
        "Cost Of Revenue": NaN,
        "Total Revenue": NaN,
        "Operating Revenue": NaN
    },
    "2022-06-30": {
        "Tax Effect Of Unusual Items": 0.0,
        "Tax Rate For Calcs": 0.027,
        "Normalized EBITDA": 189600000.0,
        "Net Income From Continuing Operation Net Minority Interest": 105400000.0,
        "Reconciled Depreciation": 48800000.0,
        "Reconciled Cost Of Revenue": 449100000.0,
        "EBITDA": 189600000.0,
        "EBIT": 140800000.0,
        "Net Interest Income": -32500000.0,
        "Interest Expense": 32500000.0,
        "Normalized Income": 105400000.0,
        "Net Income From Continuing And Discontinued Operation": 105400000.0,
        "Total Expenses": 986700000.0,
        "Total Operating Income As Reported": 129000000.0,
        "Diluted Average Shares": 200600000.0,
        "Basic Average Shares": 184700000.0,
        "Diluted EPS": 0.53,
        "Basic EPS": 0.57,
        "Diluted NI Availto Com Stockholders": 105400000.0,
        "Average Dilution Earnings": NaN,
        "Net Income Common Stockholders": 105400000.0,
        "Net Income": 105400000.0,
        "Net Income Including Noncontrolling Interests": 105400000.0,
        "Net Income Continuous Operations": 105400000.0,
        "Tax Provision": 2900000.0,
        "Pretax Income": 108300000.0,
        "Other Income Expense": 11800000.0,
        "Other Non Operating Income Expenses": 11800000.0,
        "Net Non Operating Interest Income Expense": -32500000.0,
        "Interest Expense Non Operating": 32500000.0,
        "Operating Income": 129000000.0,
        "Operating Expense": 537600000.0,
        "Other Operating Expenses": 4100000.0,
        "Research And Development": 18700000.0,
        "Selling General And Administration": 514800000.0,
        "General And Administrative Expense": 514800000.0,
        "Other Gand A": 252600000.0,
        "Salaries And Wages": 262200000.0,
        "Gross Profit": 666600000.0,
        "Cost Of Revenue": 449100000.0,
        "Total Revenue": 1115700000.0,
        "Operating Revenue": 1115700000.0
    },
    "2022-03-31": {
        "Diluted EPS": 0.44,
        "Total Revenue": NaN,
        "Gross Profit": 589,
        "Operating Income": 94,
        "EBIT": 160,
        "Net Income": 87
    },
    "2021-12-31": {
        "Diluted EPS": -0.75,
        "Total Revenue": 712,
        "Gross Profit": 449,
        "Operating Income": -55,
        "EBIT": 32,
        "Net Income": -26
    },
    "2021-09-30": {
        "Diluted EPS": -0.09,
        "Total Revenue": 857,
        "Gross Profit": 528,
        "Operating Income": 76,
        "EBIT": 145,
        "Net Income": -16
    },
    "2021-06-30": {
        "Diluted EPS": 0.47,
        "Total Revenue": 914,
        "Gross Profit": 556,
        "Operating Income": 107,
        "EBIT": 172,
        "Net Income": 92
    },
    "2021-03-31": {
        "Diluted EPS": 2.19,
        "Total Revenue": 652,
        "Gross Profit": 330,
        "Operating Income": 76,
        "EBIT": 111,
        "Net Income": 273
    },
    "2020-12-31": {
        "Diluted EPS": -0.41,
        "Total Revenue": 375,
        "Gross Profit": 139,
        "Operating Income": -32,
        "EBIT": -9,
        "Net Income": -41
    },
    "2020-09-30": {
        "Diluted EPS": 0.54,
        "Total Revenue": 476,
        "Gross Profit": 201,
        "Operating Income": 64,
        "EBIT": 85,
        "Net Income": 52
    },
    "2020-06-30": {
        "Diluted EPS": -1.78,
        "Total Revenue": 297,
        "Gross Profit": 122,
        "Operating Income": -177,
        "EBIT": -158,
        "Net Income": -168
    },
    "2020-03-31": {
        "Diluted EPS": 0.3,
        "Total Revenue": 442,
        "Gross Profit": 196,
        "Operating Income": 41,
        "EBIT": 59,
        "Net Income": 29
    },
    "2019-12-31": {
        "Diluted EPS": -0.3,
        "Total Revenue": 312,
        "Gross Profit": 130,
        "Operating Income": -23,
        "EBIT": -5,
        "Net Income": -29
    },
    "2019-09-30": {
        "Diluted EPS": 0.32,
        "Total Revenue": 426,
        "Gross Profit": 191,
        "Operating Income": 40,
        "EBIT": 58,
        "Net Income": 31
    },
    "2019-06-30": {
        "Diluted EPS": 0.3,
        "Total Revenue": 447,
        "Gross Profit": 207,
        "Operating Income": 45,
        "EBIT": 66,
        "Net Income": 29
    },
    "2019-03-31": {
        "Diluted EPS": 0.5,
        "Total Revenue": 516,
        "Gross Profit": 238,
        "Operating Income": 70,
        "EBIT": 93,
        "Net Income": 49
    },
    "2018-12-31": {
        "Diluted EPS": -0.3,
        "Total Revenue": 181,
        "Gross Profit": 70,
        "Operating Income": -43,
        "EBIT": -37,
        "Net Income": -28
    },
    "2018-09-30": {
        "Diluted EPS": 0.1,
        "Total Revenue": 263,
        "Gross Profit": 115,
        "Operating Income": 11,
        "EBIT": 16,
        "Net Income": 10
    },
    "2018-06-30": {
        "Diluted EPS": 0.63,
        "Total Revenue": 396,
        "Gross Profit": 193,
        "Operating Income": 74,
        "EBIT": 79,
        "Net Income": 61
    },
    "2018-03-31": {
        "Diluted EPS": 0.65,
        "Total Revenue": 403,
        "Gross Profit": 200,
        "Operating Income": 86,
        "EBIT": 91,
        "Net Income": 63
    },
    "2017-12-31": {
        "Diluted EPS": -0.21,
        "Total Revenue": 192,
        "Gross Profit": 80,
        "Operating Income": -20,
        "EBIT": -14,
        "Net Income": -19
    },
    "2017-09-30": {
        "Diluted EPS": 0.03,
        "Total Revenue": 244,
        "Gross Profit": 105,
        "Operating Income": 6,
        "EBIT": 12,
        "Net Income": 3
    },
    "2017-06-30": {
        "Diluted EPS": 0.33,
        "Total Revenue": 305,
        "Gross Profit": 148,
        "Operating Income": 49,
        "EBIT": 53,
        "Net Income": 31
    },
    "2017-03-31": {
        "Diluted EPS": 0.27,
        "Total Revenue": 309,
        "Gross Profit": 148,
        "Operating Income": 44,
        "EBIT": 49,
        "Net Income": 26
    },
    "2016-12-31": {
        "Diluted EPS": 1.28,
        "Total Revenue": 164,
        "Gross Profit": 63,
        "Operating Income": -17,
        "EBIT": -13,
        "Net Income": 123
    },
    "2016-09-30": {
        "Diluted EPS": -0.06,
        "Total Revenue": 188,
        "Gross Profit": 79,
        "Operating Income": -5,
        "EBIT": -1,
        "Net Income": -6
    },
    "2016-06-30": {
        "Diluted EPS": 0.36,
        "Total Revenue": 246,
        "Gross Profit": 111,
        "Operating Income": 21,
        "EBIT": 25,
        "Net Income": 34
    },
    "2016-03-31": {
        "Diluted EPS": 0.4,
        "Total Revenue": 274,
        "Gross Profit": 132,
        "Operating Income": 45,
        "EBIT": 49,
        "Net Income": 38
    },
    "2015-12-31": {
        "Diluted EPS": -0.33,
        "Total Revenue": 153,
        "Gross Profit": 51,
        "Operating Income": -29,
        "EBIT": -25,
        "Net Income": -30
    },
    "2015-09-30": {
        "Diluted EPS": -0.04,
        "Total Revenue": 176,
        "Gross Profit": 78,
        "Operating Income": 1,
        "EBIT": 5,
        "Net Income": -4
    },
    "2015-06-30": {
        "Diluted EPS": 0.15,
        "Total Revenue": 231,
        "Gross Profit": 102,
        "Operating Income": 19,
        "EBIT": 23,
        "Net Income": 13
    },
    "2015-03-31": {
        "Diluted EPS": 0.39,
        "Total Revenue": 284,
        "Gross Profit": 127,
        "Operating Income": 37,
        "EBIT": 42,
        "Net Income": 36
    },
    "2014-12-31": {
        "Diluted EPS": -0.44,
        "Total Revenue": 135,
        "Gross Profit": 37,
        "Operating Income": -39,
        "EBIT": -34,
        "Net Income": -42
    },
    "2014-09-30": {
        "Diluted EPS": -0.01,
        "Total Revenue": 169,
        "Gross Profit": 65,
        "Operating Income": -3,
        "EBIT": 3,
        "Net Income": -1
    },
    "2014-06-30": {
        "Diluted EPS": 0.04,
        "Total Revenue": 232,
        "Gross Profit": 91,
        "Operating Income": 11,
        "EBIT": 16,
        "Net Income": 3
    },
    "2014-03-31": {
        "Diluted EPS": 0.61,
        "Total Revenue": 352,
        "Gross Profit": 165,
        "Operating Income": 62,
        "EBIT": 68,
        "Net Income": 55
    },
    "2013-12-31": {
        "Diluted EPS": -0.58,
        "Total Revenue": 127,
        "Gross Profit": 29,
        "Operating Income": -45,
        "EBIT": -39,
        "Net Income": -49
    },
    "2013-09-30": {
        "Diluted EPS": -0.32,
        "Total Revenue": 178,
        "Gross Profit": 59,
        "Operating Income": -17,
        "EBIT": -11,
        "Net Income": -23
    },
    "2013-06-30": {
        "Diluted EPS": 0.12,
        "Total Revenue": 250,
        "Gross Profit": 96,
        "Operating Income": 11,
        "EBIT": 18,
        "Net Income": 9
    },
    "2013-03-31": {
        "Diluted EPS": 0.47,
        "Total Revenue": 288,
        "Gross Profit": 130,
        "Operating Income": 40,
        "EBIT": 47,
        "Net Income": 41
    },
    "2012-12-31": {
        "Diluted EPS": -1.0,
        "Total Revenue": 120,
        "Gross Profit": 9,
        "Operating Income": -71,
        "EBIT": -63,
        "Net Income": -72
    },
    "2012-09-30": {
        "Diluted EPS": -1.33,
        "Total Revenue": 148,
        "Gross Profit": 4,
        "Operating Income": -83,
        "EBIT": -74,
        "Net Income": -89
    },
    "2012-06-30": {
        "Diluted EPS": 0.0,
        "Total Revenue": 281,
        "Gross Profit": 111,
        "Operating Income": 10,
        "EBIT": 19,
        "Net Income": 0
    },
    "2012-03-31": {
        "Diluted EPS": 0.37,
        "Total Revenue": 285,
        "Gross Profit": 124,
        "Operating Income": 28,
        "EBIT": 37,
        "Net Income": 29
    },
    "2011-12-31": {
        "Diluted EPS": -1.0,
        "Total Revenue": 154,
        "Gross Profit": 38,
        "Operating Income": -50,
        "EBIT": -40,
        "Net Income": -66
    },
    "2011-09-30": {
        "Diluted EPS": -1.01,
        "Total Revenue": 173,
        "Gross Profit": 47,
        "Operating Income": -44,
        "EBIT": -35,
        "Net Income": -65
    },
    "2011-06-30": {
        "Diluted EPS": -0.96,
        "Total Revenue": 274,
        "Gross Profit": 103,
        "Operating Income": -10,
        "EBIT": -1,
        "Net Income": -62
    },
    "2011-03-31": {
        "Diluted EPS": 0.15,
        "Total Revenue": 286,
        "Gross Profit": 124,
        "Operating Income": 23,
        "EBIT": 33,
        "Net Income": 10
    },
    "2010-12-31": {
        "Diluted EPS": -0.51,
        "Total Revenue": 186,
        "Gross Profit": 56,
        "Operating Income": -42,
        "EBIT": -31,
        "Net Income": -35
    },
    "2010-09-30": {
        "Diluted EPS": -0.33,
        "Total Revenue": 176,
        "Gross Profit": 49,
        "Operating Income": -38,
        "EBIT": -27,
        "Net Income": -21
    },
    "2010-06-30": {
        "Diluted EPS": 0.14,
        "Total Revenue": 304,
        "Gross Profit": 124,
        "Operating Income": 25,
        "EBIT": 35,
        "Net Income": 9
    },
    "2010-03-31": {
        "Diluted EPS": 0.24,
        "Total Revenue": 303,
        "Gross Profit": 137,
        "Operating Income": 28,
        "EBIT": 38,
        "Net Income": 18
    },
    "2009-12-31": {
        "Diluted EPS": -0.29,
        "Total Revenue": 186,
        "Gross Profit": 58,
        "Operating Income": -29,
        "EBIT": -18,
        "Net Income": -18
    },
    "2009-09-30": {
        "Diluted EPS": -0.25,
        "Total Revenue": 191,
        "Gross Profit": 60,
        "Operating Income": -26,
        "EBIT": -15,
        "Net Income": -16
    },
    "2009-06-30": {
        "Diluted EPS": 0.1,
        "Total Revenue": 302,
        "Gross Profit": 110,
        "Operating Income": 10,
        "EBIT": 20,
        "Net Income": 6
    },
    "2009-03-31": {
        "Diluted EPS": 0.11,
        "Total Revenue": 272,
        "Gross Profit": 116,
        "Operating Income": 13,
        "EBIT": 23,
        "Net Income": 7
    },
    "2023-06-30": {
        "Tax Effect Of Unusual Items": NaN,
        "Tax Rate For Calcs": NaN,
        "Normalized EBITDA": NaN,
        "Total Unusual Items": NaN,
        "Total Unusual Items Excluding Goodwill": NaN,
        "Net Income From Continuing Operation Net Minority Interest": NaN,
        "Reconciled Depreciation": NaN,
        "Reconciled Cost Of Revenue": NaN,
        "EBITDA": NaN,
        "EBIT": NaN,
        "Net Interest Income": NaN,
        "Interest Expense": NaN,
        "Normalized Income": NaN,
        "Net Income From Continuing And Discontinued Operation": NaN,
        "Total Expenses": NaN,
        "Total Operating Income As Reported": NaN,
        "Diluted Average Shares": NaN,
        "Basic Average Shares": NaN,
        "Diluted EPS": NaN,
        "Basic EPS": NaN,
        "Diluted NI Availto Com Stockholders": NaN,
        "Average Dilution Earnings": 1600000.0,
        "Net Income Common Stockholders": NaN,
        "Net Income": NaN,
        "Net Income Including Noncontrolling Interests": NaN,
        "Net Income Continuous Operations": NaN,
        "Tax Provision": NaN,
        "Pretax Income": NaN,
        "Other Income Expense": NaN,
        "Other Non Operating Income Expenses": NaN,
        "Special Income Charges": NaN,
        "Other Special Charges": NaN,
        "Net Non Operating Interest Income Expense": NaN,
        "Interest Expense Non Operating": NaN,
        "Operating Income": NaN,
        "Operating Expense": NaN,
        "Other Operating Expenses": NaN,
        "Research And Development": NaN,
        "Selling General And Administration": NaN,
        "General And Administrative Expense": 279600000.0,
        "Other Gand A": 279600000.0,
        "Salaries And Wages": 317100000.0,
        "Gross Profit": NaN,
        "Cost Of Revenue": NaN,
        "Total Revenue": NaN,
        "Operating Revenue": NaN
    },
    "2023-09-30": {
        "Tax Effect Of Unusual Items": NaN,
        "Tax Rate For Calcs": NaN,
        "Normalized EBITDA": NaN,
        "Total Unusual Items": NaN,
        "Total Unusual Items Excluding Goodwill": NaN,
        "Net Income From Continuing Operation Net Minority Interest": NaN,
        "Reconciled Depreciation": NaN,
        "Reconciled Cost Of Revenue": NaN,
        "EBITDA": NaN,
        "EBIT": NaN,
        "Net Interest Income": NaN,
        "Interest Expense": NaN,
        "Normalized Income": NaN,
        "Net Income From Continuing And Discontinued Operation": NaN,
        "Total Expenses": NaN,
        "Total Operating Income As Reported": NaN,
        "Diluted Average Shares": NaN,
        "Basic Average Shares": NaN,
        "Diluted EPS": NaN,
        "Basic EPS": NaN,
        "Diluted NI Availto Com Stockholders": NaN,
        "Average Dilution Earnings": 1600000.0,
        "Net Income Common Stockholders": NaN,
        "Net Income": NaN,
        "Net Income Including Noncontrolling Interests": NaN,
        "Net Income Continuous Operations": NaN,
        "Tax Provision": NaN,
        "Pretax Income": NaN,
        "Other Income Expense": NaN,
        "Other Non Operating Income Expenses": NaN,
        "Special Income Charges": NaN,
        "Other Special Charges": NaN,
        "Net Non Operating Interest Income Expense": NaN,
        "Interest Expense Non Operating": NaN,
        "Operating Income": NaN,
        "Operating Expense": NaN,
        "Other Operating Expenses": NaN,
        "Research And Development": NaN,
        "Selling General And Administration": NaN,
        "General And Administrative Expense": 242500000.0,
        "Other Gand A": 242500000.0,
        "Gross Profit": NaN,
        "Cost Of Revenue": NaN,
        "Total Revenue": NaN,
        "Operating Revenue": NaN
    },
    "2023-12-31": {
        "Tax Effect Of Unusual Items": NaN,
        "Tax Rate For Calcs": NaN,
        "Normalized EBITDA": NaN,
        "Total Unusual Items": NaN,
        "Total Unusual Items Excluding Goodwill": NaN,
        "Net Income From Continuing Operation Net Minority Interest": NaN,
        "Reconciled Depreciation": NaN,
        "Reconciled Cost Of Revenue": NaN,
        "EBITDA": NaN,
        "EBIT": NaN,
        "Net Interest Income": NaN,
        "Interest Expense": NaN,
        "Normalized Income": NaN,
        "Net Income From Continuing And Discontinued Operation": NaN,
        "Total Expenses": NaN,
        "Total Operating Income As Reported": NaN,
        "Diluted Average Shares": NaN,
        "Basic Average Shares": NaN,
        "Diluted EPS": NaN,
        "Basic EPS": NaN,
        "Diluted NI Availto Com Stockholders": NaN,
        "Average Dilution Earnings": NaN,
        "Net Income Common Stockholders": NaN,
        "Net Income": NaN,
        "Net Income Including Noncontrolling Interests": NaN,
        "Net Income Continuous Operations": NaN,
        "Tax Provision": NaN,
        "Pretax Income": NaN,
        "Other Income Expense": NaN,
        "Other Non Operating Income Expenses": NaN,
        "Special Income Charges": NaN,
        "Other Special Charges": NaN,
        "Net Non Operating Interest Income Expense": NaN,
        "Interest Expense Non Operating": NaN,
        "Operating Income": NaN,
        "Operating Expense": NaN,
        "Other Operating Expenses": NaN,
        "Research And Development": NaN,
        "Selling General And Administration": NaN,
        "General And Administrative Expense": 246000000.0,
        "Other Gand A": 246000000.0,
        "Gross Profit": NaN,
        "Cost Of Revenue": NaN,
        "Total Revenue": NaN,
        "Operating Revenue": NaN
    },
    "2024-03-31": {
        "Tax Effect Of Unusual Items": NaN,
        "Tax Rate For Calcs": NaN,
        "Normalized EBITDA": NaN,
        "Total Unusual Items": NaN,
        "Total Unusual Items Excluding Goodwill": NaN,
        "Net Income From Continuing Operation Net Minority Interest": NaN,
        "Reconciled Depreciation": NaN,
        "Reconciled Cost Of Revenue": NaN,
        "EBITDA": NaN,
        "EBIT": NaN,
        "Net Interest Income": NaN,
        "Interest Expense": NaN,
        "Normalized Income": NaN,
        "Net Income From Continuing And Discontinued Operation": NaN,
        "Total Expenses": NaN,
        "Total Operating Income As Reported": NaN,
        "Diluted Average Shares": NaN,
        "Basic Average Shares": NaN,
        "Diluted EPS": NaN,
        "Basic EPS": NaN,
        "Diluted NI Availto Com Stockholders": NaN,
        "Average Dilution Earnings": 0.0,
        "Net Income Common Stockholders": NaN,
        "Net Income": NaN,
        "Net Income Including Noncontrolling Interests": NaN,
        "Net Income Continuous Operations": NaN,
        "Tax Provision": NaN,
        "Pretax Income": NaN,
        "Other Income Expense": NaN,
        "Other Non Operating Income Expenses": NaN,
        "Special Income Charges": NaN,
        "Other Special Charges": NaN,
        "Net Non Operating Interest Income Expense": NaN,
        "Interest Expense Non Operating": NaN,
        "Operating Income": NaN,
        "Operating Expense": NaN,
        "Other Operating Expenses": NaN,
        "Research And Development": NaN,
        "Selling General And Administration": NaN,
        "General And Administrative Expense": NaN,
        "Other Gand A": NaN,
        "Gross Profit": NaN,
        "Cost Of Revenue": NaN,
        "Total Revenue": NaN,
        "Operating Revenue": NaN
    },
    "2024-06-30": {
        "Tax Effect Of Unusual Items": NaN,
        "Tax Rate For Calcs": NaN,
        "Normalized EBITDA": NaN,
        "Total Unusual Items": NaN,
        "Total Unusual Items Excluding Goodwill": NaN,
        "Net Income From Continuing Operation Net Minority Interest": NaN,
        "Reconciled Depreciation": NaN,
        "Reconciled Cost Of Revenue": NaN,
        "EBITDA": NaN,
        "EBIT": NaN,
        "Net Interest Income": NaN,
        "Interest Expense": NaN,
        "Normalized Income": NaN,
        "Net Income From Continuing And Discontinued Operation": NaN,
        "Total Expenses": NaN,
        "Total Operating Income As Reported": NaN,
        "Diluted Average Shares": NaN,
        "Basic Average Shares": NaN,
        "Diluted EPS": NaN,
        "Basic EPS": NaN,
        "Diluted NI Availto Com Stockholders": NaN,
        "Average Dilution Earnings": 1700000.0,
        "Net Income Common Stockholders": NaN,
        "Net Income": NaN,
        "Net Income Including Noncontrolling Interests": NaN,
        "Net Income Continuous Operations": NaN,
        "Tax Provision": NaN,
        "Pretax Income": NaN,
        "Other Income Expense": NaN,
        "Other Non Operating Income Expenses": NaN,
        "Special Income Charges": NaN,
        "Other Special Charges": NaN,
        "Net Non Operating Interest Income Expense": NaN,
        "Interest Expense Non Operating": NaN,
        "Operating Income": NaN,
        "Operating Expense": NaN,
        "Other Operating Expenses": NaN,
        "Research And Development": NaN,
        "Selling General And Administration": NaN,
        "General And Administrative Expense": 259500000.0,
        "Other Gand A": 259500000.0,
        "Gross Profit": NaN,
        "Cost Of Revenue": NaN,
        "Total Revenue": NaN,
        "Operating Revenue": NaN
    },
    "2024-09-30": {
        "Tax Effect Of Unusual Items": -819000.0,
        "Tax Rate For Calcs": 0.21,
        "Normalized EBITDA": 106700000.0,
        "Total Unusual Items": -3900000.0,
        "Total Unusual Items Excluding Goodwill": -3900000.0,
        "Net Income From Continuing Operation Net Minority Interest": -3600000.0,
        "Reconciled Depreciation": 68100000.0,
        "Reconciled Cost Of Revenue": 377100000.0,
        "EBITDA": 102800000.0,
        "EBIT": 34700000.0,
        "Net Interest Income": -57700000.0,
        "Interest Expense": 57700000.0,
        "Normalized Income": -519000.0,
        "Net Income From Continuing And Discontinued Operation": -3600000.0,
        "Total Expenses": 975300000.0,
        "Total Operating Income As Reported": 33700000.0,
        "Diluted Average Shares": 183800000.0,
        "Basic Average Shares": 183800000.0,
        "Diluted EPS": -0.02,
        "Basic EPS": -0.02,
        "Diluted NI Availto Com Stockholders": -3600000.0,
        "Average Dilution Earnings": 0.0,
        "Net Income Common Stockholders": -3600000.0,
        "Net Income": -3600000.0,
        "Net Income Including Noncontrolling Interests": -3600000.0,
        "Net Income Continuous Operations": -3600000.0,
        "Tax Provision": -19400000.0,
        "Pretax Income": -23000000.0,
        "Other Income Expense": -2900000.0,
        "Other Non Operating Income Expenses": 1000000.0,
        "Special Income Charges": -3900000.0,
        "Other Special Charges": 3900000.0,
        "Net Non Operating Interest Income Expense": -57700000.0,
        "Interest Expense Non Operating": 57700000.0,
        "Operating Income": 37600000.0,
        "Operating Expense": 598200000.0,
        "Other Operating Expenses": 325600000.0,
        "Research And Development": 22000000.0,
        "Selling General And Administration": 250600000.0,
        "General And Administrative Expense": 250600000.0,
        "Other Gand A": 250600000.0,
        "Gross Profit": 635800000.0,
        "Cost Of Revenue": 377100000.0,
        "Total Revenue": 1012900000.0,
        "Operating Revenue": 1012900000.0
    },
    "2024-12-31": {
        "Tax Effect Of Unusual Items": -1338233.93435,
        "Tax Rate For Calcs": 0.000925,
        "Normalized EBITDA": 60000000.0,
        "Total Unusual Items": -1447300000.0,
        "Total Unusual Items Excluding Goodwill": -1447300000.0,
        "Net Income From Continuing Operation Net Minority Interest": -1512700000.0,
        "Reconciled Depreciation": 69100000.0,
        "Reconciled Cost Of Revenue": 330700000.0,
        "EBITDA": -1387300000.0,
        "EBIT": -1456400000.0,
        "Net Interest Income": -57700000.0,
        "Interest Expense": 57700000.0,
        "Normalized Income": -66738233.93435,
        "Net Income From Continuing And Discontinued Operation": -1512700000.0,
        "Total Expenses": 928300000.0,
        "Total Operating Income As Reported": -1460800000.0,
        "Diluted Average Shares": 183700000.0,
        "Basic Average Shares": 183700000.0,
        "Diluted EPS": -8.23,
        "Basic EPS": -8.23,
        "Diluted NI Availto Com Stockholders": -1517600000.0,
        "Average Dilution Earnings": NaN,
        "Net Income Common Stockholders": -1512700000.0,
        "Net Income": -1512700000.0,
        "Net Income Including Noncontrolling Interests": -1512700000.0,
        "Net Income Continuous Operations": -1512700000.0,
        "Tax Provision": -1400000.0,
        "Pretax Income": -1514100000.0,
        "Other Income Expense": -1452500000.0,
        "Other Non Operating Income Expenses": -5200000.0,
        "Special Income Charges": -1456900000.0,
        "Other Special Charges": 4900000.0,
        "Net Non Operating Interest Income Expense": -57700000.0,
        "Interest Expense Non Operating": 57700000.0,
        "Operating Income": -3900000.0,
        "Operating Expense": 597600000.0,
        "Other Operating Expenses": 315100000.0,
        "Research And Development": 19900000.0,
        "Selling General And Administration": 262600000.0,
        "General And Administrative Expense": NaN,
        "Other Gand A": NaN,
        "Gross Profit": 593700000.0,
        "Cost Of Revenue": 330700000.0,
        "Total Revenue": 924400000.0,
        "Operating Revenue": 924400000.0
    },
    "2025-03-31": {
        "Tax Effect Of Unusual Items": -126000.0,
        "Tax Rate For Calcs": 0.21,
        "Normalized EBITDA": 139300000.0,
        "Total Unusual Items": -600000.0,
        "Total Unusual Items Excluding Goodwill": -600000.0,
        "Net Income From Continuing Operation Net Minority Interest": 2100000.0,
        "Reconciled Depreciation": 69100000.0,
        "Reconciled Cost Of Revenue": 424800000.0,
        "EBITDA": 138700000.0,
        "EBIT": 69600000.0,
        "Net Interest Income": -58000000.0,
        "Interest Expense": 58000000.0,
        "Normalized Income": 2574000.0,
        "Net Income From Continuing And Discontinued Operation": 2100000.0,
        "Total Expenses": 1025200000.0,
        "Total Operating Income As Reported": 66500000.0,
        "Diluted Average Shares": 183500000.0,
        "Basic Average Shares": 183400000.0,
        "Diluted EPS": 0.01,
        "Basic EPS": 0.01,
        "Diluted NI Availto Com Stockholders": 2100000.0,
        "Average Dilution Earnings": NaN,
        "Net Income Common Stockholders": 2100000.0,
        "Net Income": 2100000.0,
        "Net Income Including Noncontrolling Interests": 2100000.0,
        "Net Income Continuous Operations": 2100000.0,
        "Tax Provision": 9500000.0,
        "Pretax Income": 11600000.0,
        "Other Income Expense": 2500000.0,
        "Other Non Operating Income Expenses": 3100000.0,
        "Special Income Charges": -600000.0,
        "Other Special Charges": 600000.0,
        "Net Non Operating Interest Income Expense": -58000000.0,
        "Interest Expense Non Operating": 58000000.0,
        "Operating Income": 67100000.0,
        "Operating Expense": 600400000.0,
        "Other Operating Expenses": 321200000.0,
        "Research And Development": 21300000.0,
        "Selling General And Administration": 257900000.0,
        "General And Administrative Expense": NaN,
        "Other Gand A": NaN,
        "Gross Profit": 667500000.0,
        "Cost Of Revenue": 424800000.0,
        "Total Revenue": 1092300000.0,
        "Operating Revenue": 1092300000.0
    },
    "2025-06-30": {
        "Tax Effect Of Unusual Items": -720000.0,
        "Tax Rate For Calcs": 0.4,
        "Normalized EBITDA": 162400000.0,
        "Total Unusual Items": -1800000.0,
        "Total Unusual Items Excluding Goodwill": -1800000.0,
        "Net Income From Continuing Operation Net Minority Interest": 20300000.0,
        "Reconciled Depreciation": 67800000.0,
        "Reconciled Cost Of Revenue": 404900000.0,
        "EBITDA": 160600000.0,
        "EBIT": 92800000.0,
        "Net Interest Income": -58700000.0,
        "Interest Expense": 58700000.0,
        "Normalized Income": 21380000.0,
        "Net Income From Continuing And Discontinued Operation": 20300000.0,
        "Total Expenses": 1002900000.0,
        "Total Operating Income As Reported": 105800000.0,
        "Diluted Average Shares": 185100000.0,
        "Basic Average Shares": 183800000.0,
        "Diluted EPS": 0.11,
        "Basic EPS": 0.11,
        "Diluted NI Availto Com Stockholders": 20300000.0,
        "Average Dilution Earnings": 0.0,
        "Net Income Common Stockholders": 20300000.0,
        "Net Income": 20300000.0,
        "Net Income Including Noncontrolling Interests": 20300000.0,
        "Net Income Continuous Operations": 20300000.0,
        "Tax Provision": 13800000.0,
        "Pretax Income": 34100000.0,
        "Other Income Expense": -14800000.0,
        "Other Non Operating Income Expenses": -13000000.0,
        "Special Income Charges": -1800000.0,
        "Other Special Charges": 1800000.0,
        "Net Non Operating Interest Income Expense": -58700000.0,
        "Interest Expense Non Operating": 58700000.0,
        "Operating Income": 107600000.0,
        "Operating Expense": 598000000.0,
        "Other Operating Expenses": 336400000.0,
        "Research And Development": 19800000.0,
        "Selling General And Administration": 241800000.0,
        "General And Administrative Expense": NaN,
        "Other Gand A": NaN,
        "Gross Profit": 705600000.0,
        "Cost Of Revenue": 404900000.0,
        "Total Revenue": 1110500000.0,
        "Operating Revenue": 1110500000.0
    },
    "2025-09-30": {
        "Tax Effect Of Unusual Items": -820800.0,
        "Tax Rate For Calcs": 0.342,
        "Normalized EBITDA": 104800000.0,
        "Total Unusual Items": -2400000.0,
        "Total Unusual Items Excluding Goodwill": -2400000.0,
        "Net Income From Continuing Operation Net Minority Interest": -14700000.0,
        "Reconciled Depreciation": 65500000.0,
        "Reconciled Cost Of Revenue": 329700000.0,
        "EBITDA": 102400000.0,
        "EBIT": 36900000.0,
        "Net Interest Income": -59200000.0,
        "Interest Expense": 59200000.0,
        "Normalized Income": -13120800.0,
        "Net Income From Continuing And Discontinued Operation": -14700000.0,
        "Total Expenses": 903300000.0,
        "Total Operating Income As Reported": 28300000.0,
        "Diluted Average Shares": 183900000.0,
        "Basic Average Shares": 183900000.0,
        "Diluted EPS": -0.08,
        "Basic EPS": -0.08,
        "Diluted NI Availto Com Stockholders": -14700000.0,
        "Average Dilution Earnings": 0.0,
        "Net Income Common Stockholders": -14700000.0,
        "Net Income": -14700000.0,
        "Net Income Including Noncontrolling Interests": -14700000.0,
        "Net Income Continuous Operations": -14700000.0,
        "Tax Provision": -7600000.0,
        "Pretax Income": -22300000.0,
        "Other Income Expense": 6200000.0,
        "Other Non Operating Income Expenses": 8600000.0,
        "Special Income Charges": -2400000.0,
        "Other Special Charges": 2400000.0,
        "Net Non Operating Interest Income Expense": -59200000.0,
        "Interest Expense Non Operating": 59200000.0,
        "Operating Income": 30700000.0,
        "Operating Expense": 573600000.0,
        "Other Operating Expenses": 342900000.0,
        "Research And Development": 20100000.0,
        "Selling General And Administration": 210600000.0,
        "General And Administrative Expense": 210600000.0,
        "Other Gand A": 210600000.0,
        "Gross Profit": 604300000.0,
        "Cost Of Revenue": 329700000.0,
        "Total Revenue": 934000000.0,
        "Operating Revenue": 934000000.0
    }
}