{
    "2023-03-31": {
        "Tax Effect Of Unusual Items": -6193530.0,
        "Tax Rate For Calcs": 0.21,
        "Normalized EBITDA": 246000.0,
        "Total Unusual Items": -29493000.0,
        "Total Unusual Items Excluding Goodwill": -29493000.0,
        "Net Income From Continuing Operation Net Minority Interest": -33319000.0,
        "Reconciled Depreciation": 1989000.0,
        "Reconciled Cost Of Revenue": 27620000.0,
        "EBITDA": -29247000.0,
        "EBIT": -31236000.0,
        "Net Interest Income": 281000.0,
        "Interest Expense": 1181000.0,
        "Interest Income": 1789000.0,
        "Normalized Income": -10019530.0,
        "Net Income From Continuing And Discontinued Operation": -33319000.0,
        "Total Expenses": 65726000.0,
        "Total Operating Income As Reported": -3122000.0,
        "Diluted Average Shares": 37917000.0,
        "Basic Average Shares": 37917000.0,
        "Diluted EPS": -0.88,
        "Basic EPS": -0.88,
        "Diluted NI Availto Com Stockholders": -33319000.0,
        "Net Income Common Stockholders": -33319000.0,
        "Net Income": -33319000.0,
        "Net Income Including Noncontrolling Interests": -33319000.0,
        "Net Income Continuous Operations": -33319000.0,
        "Tax Provision": 902000.0,
        "Pretax Income": -32417000.0,
        "Other Income Expense": -29576000.0,
        "Other Non Operating Income Expenses": -83000.0,
        "Special Income Charges": -29493000.0,
        "Other Special Charges": 29493000.0,
        "Net Non Operating Interest Income Expense": 281000.0,
        "Total Other Finance Cost": 327000.0,
        "Interest Expense Non Operating": 1181000.0,
        "Interest Income Non Operating": 1789000.0,
        "Operating Income": -3122000.0,
        "Operating Expense": 38106000.0,
        "Research And Development": 12403000.0,
        "Selling General And Administration": 25703000.0,
        "Selling And Marketing Expense": 14222000.0,
        "General And Administrative Expense": 11481000.0,
        "Other Gand A": 11481000.0,
        "Gross Profit": 34984000.0,
        "Cost Of Revenue": 27620000.0,
        "Total Revenue": 62604000.0,
        "Operating Revenue": 62604000.0
    },
    "2022-12-31": {
        "Tax Effect Of Unusual Items": NaN,
        "Tax Rate For Calcs": NaN,
        "Normalized EBITDA": NaN,
        "Total Unusual Items": NaN,
        "Total Unusual Items Excluding Goodwill": NaN,
        "Net Income From Continuing Operation Net Minority Interest": NaN,
        "Reconciled Depreciation": NaN,
        "Reconciled Cost Of Revenue": NaN,
        "EBITDA": NaN,
        "EBIT": NaN,
        "Net Interest Income": NaN,
        "Interest Expense": 1434000.0,
        "Interest Income": 1300000.0,
        "Normalized Income": NaN,
        "Net Income From Continuing And Discontinued Operation": NaN,
        "Total Expenses": NaN,
        "Total Operating Income As Reported": NaN,
        "Diluted Average Shares": NaN,
        "Basic Average Shares": NaN,
        "Diluted EPS": NaN,
        "Basic EPS": NaN,
        "Diluted NI Availto Com Stockholders": NaN,
        "Net Income Common Stockholders": NaN,
        "Net Income": NaN,
        "Net Income Including Noncontrolling Interests": NaN,
        "Net Income Continuous Operations": NaN,
        "Tax Provision": NaN,
        "Pretax Income": NaN,
        "Other Income Expense": NaN,
        "Other Non Operating Income Expenses": NaN,
        "Special Income Charges": NaN,
        "Other Special Charges": NaN,
        "Net Non Operating Interest Income Expense": NaN,
        "Total Other Finance Cost": NaN,
        "Interest Expense Non Operating": 1434000.0,
        "Interest Income Non Operating": 1300000.0,
        "Operating Income": NaN,
        "Operating Expense": NaN,
        "Research And Development": NaN,
        "Selling General And Administration": NaN,
        "Selling And Marketing Expense": NaN,
        "General And Administrative Expense": NaN,
        "Other Gand A": NaN,
        "Gross Profit": NaN,
        "Cost Of Revenue": NaN,
        "Total Revenue": NaN,
        "Operating Revenue": NaN
    },
    "2022-09-30": {
        "Tax Effect Of Unusual Items": NaN,
        "Tax Rate For Calcs": NaN,
        "Normalized EBITDA": NaN,
        "Total Unusual Items": NaN,
        "Total Unusual Items Excluding Goodwill": NaN,
        "Net Income From Continuing Operation Net Minority Interest": NaN,
        "Reconciled Depreciation": NaN,
        "Reconciled Cost Of Revenue": NaN,
        "EBITDA": NaN,
        "EBIT": NaN,
        "Net Interest Income": NaN,
        "Interest Expense": 3343000.0,
        "Interest Income": NaN,
        "Normalized Income": NaN,
        "Net Income From Continuing And Discontinued Operation": NaN,
        "Total Expenses": NaN,
        "Total Operating Income As Reported": NaN,
        "Diluted Average Shares": NaN,
        "Basic Average Shares": NaN,
        "Diluted EPS": NaN,
        "Basic EPS": NaN,
        "Diluted NI Availto Com Stockholders": NaN,
        "Net Income Common Stockholders": NaN,
        "Net Income": NaN,
        "Net Income Including Noncontrolling Interests": NaN,
        "Net Income Continuous Operations": NaN,
        "Tax Provision": NaN,
        "Pretax Income": NaN,
        "Other Income Expense": NaN,
        "Other Non Operating Income Expenses": NaN,
        "Special Income Charges": NaN,
        "Other Special Charges": NaN,
        "Net Non Operating Interest Income Expense": NaN,
        "Total Other Finance Cost": NaN,
        "Interest Expense Non Operating": 3343000.0,
        "Interest Income Non Operating": NaN,
        "Operating Income": NaN,
        "Operating Expense": NaN,
        "Research And Development": NaN,
        "Selling General And Administration": NaN,
        "Selling And Marketing Expense": NaN,
        "General And Administrative Expense": NaN,
        "Other Gand A": NaN,
        "Gross Profit": NaN,
        "Cost Of Revenue": NaN,
        "Total Revenue": NaN,
        "Operating Revenue": NaN
    },
    "2022-06-30": {
        "Tax Effect Of Unusual Items": 0.0,
        "Tax Rate For Calcs": 0.4,
        "Normalized EBITDA": 433000.0,
        "Total Unusual Items": NaN,
        "Total Unusual Items Excluding Goodwill": NaN,
        "Net Income From Continuing Operation Net Minority Interest": -6218000.0,
        "Reconciled Depreciation": 2246000.0,
        "Reconciled Cost Of Revenue": 24807000.0,
        "EBITDA": 433000.0,
        "EBIT": -1813000.0,
        "Net Interest Income": -3794000.0,
        "Interest Expense": 3794000.0,
        "Interest Income": NaN,
        "Normalized Income": -6218000.0,
        "Net Income From Continuing And Discontinued Operation": -6218000.0,
        "Total Expenses": 58256000.0,
        "Total Operating Income As Reported": -2084000.0,
        "Diluted Average Shares": 36935000.0,
        "Basic Average Shares": 36935000.0,
        "Diluted EPS": -0.17,
        "Basic EPS": -0.17,
        "Diluted NI Availto Com Stockholders": -6218000.0,
        "Net Income Common Stockholders": -6218000.0,
        "Net Income": -6218000.0,
        "Net Income Including Noncontrolling Interests": -6218000.0,
        "Net Income Continuous Operations": -6218000.0,
        "Tax Provision": 611000.0,
        "Pretax Income": -5607000.0,
        "Other Income Expense": 271000.0,
        "Other Non Operating Income Expenses": 271000.0,
        "Special Income Charges": NaN,
        "Other Special Charges": NaN,
        "Net Non Operating Interest Income Expense": -3794000.0,
        "Total Other Finance Cost": NaN,
        "Interest Expense Non Operating": 3794000.0,
        "Interest Income Non Operating": NaN,
        "Operating Income": -2084000.0,
        "Operating Expense": 33449000.0,
        "Research And Development": 11797000.0,
        "Selling General And Administration": 21652000.0,
        "Selling And Marketing Expense": 11795000.0,
        "General And Administrative Expense": 9857000.0,
        "Other Gand A": 9857000.0,
        "Gross Profit": 31365000.0,
        "Cost Of Revenue": 24807000.0,
        "Total Revenue": 56172000.0,
        "Operating Revenue": 56172000.0
    },
    "2022-03-31": {
        "Diluted EPS": -0.22,
        "Total Revenue": 53,
        "Gross Profit": 29,
        "Operating Income": -4,
        "EBIT": 2,
        "Net Income": -8
    },
    "2021-12-31": {
        "Diluted EPS": -0.17,
        "Total Revenue": 52,
        "Gross Profit": 29,
        "Operating Income": -2,
        "EBIT": 4,
        "Net Income": -6
    },
    "2021-09-30": {
        "Diluted EPS": -0.17,
        "Total Revenue": 51,
        "Gross Profit": 29,
        "Operating Income": -2,
        "EBIT": 3,
        "Net Income": -6
    },
    "2021-06-30": {
        "Diluted EPS": -0.22,
        "Total Revenue": 51,
        "Gross Profit": 28,
        "Operating Income": -4,
        "EBIT": 2,
        "Net Income": -8
    },
    "2021-03-31": {
        "Diluted EPS": -0.3,
        "Total Revenue": 48,
        "Gross Profit": 25,
        "Operating Income": -7,
        "EBIT": -1,
        "Net Income": -11
    },
    "2020-12-31": {
        "Diluted EPS": -0.15,
        "Total Revenue": 43,
        "Gross Profit": 26,
        "Operating Income": -1,
        "EBIT": 3,
        "Net Income": -5
    },
    "2020-09-30": {
        "Diluted EPS": -0.1,
        "Total Revenue": 41,
        "Gross Profit": 25,
        "Operating Income": 0,
        "EBIT": 5,
        "Net Income": -4
    },
    "2020-06-30": {
        "Diluted EPS": -0.07,
        "Total Revenue": 41,
        "Gross Profit": 25,
        "Operating Income": 0,
        "EBIT": 3,
        "Net Income": -2
    },
    "2020-03-31": {
        "Diluted EPS": -0.14,
        "Total Revenue": 40,
        "Gross Profit": 23,
        "Operating Income": -4,
        "EBIT": -2,
        "Net Income": -5
    },
    "2019-12-31": {
        "Diluted EPS": -0.09,
        "Total Revenue": 38,
        "Gross Profit": 22,
        "Operating Income": -2,
        "EBIT": 0,
        "Net Income": -3
    },
    "2019-09-30": {
        "Diluted EPS": -0.18,
        "Total Revenue": 37,
        "Gross Profit": 20,
        "Operating Income": -5,
        "EBIT": -3,
        "Net Income": -6
    },
    "2019-06-30": {
        "Diluted EPS": -0.09,
        "Total Revenue": 35,
        "Gross Profit": 19,
        "Operating Income": -2,
        "EBIT": 0,
        "Net Income": -3
    },
    "2019-03-31": {
        "Diluted EPS": -0.18,
        "Total Revenue": 35,
        "Gross Profit": 18,
        "Operating Income": -5,
        "EBIT": -2,
        "Net Income": -6
    },
    "2018-12-31": {
        "Diluted EPS": -0.15,
        "Total Revenue": 35,
        "Gross Profit": 19,
        "Operating Income": -3,
        "EBIT": -1,
        "Net Income": -5
    },
    "2018-09-30": {
        "Diluted EPS": -0.12,
        "Total Revenue": 37,
        "Gross Profit": 22,
        "Operating Income": -3,
        "EBIT": -1,
        "Net Income": -4
    },
    "2018-06-30": {
        "Diluted EPS": -0.5,
        "Total Revenue": 40,
        "Gross Profit": 23,
        "Operating Income": -11,
        "EBIT": -9,
        "Net Income": -15
    },
    "2018-03-31": {
        "Diluted EPS": -0.13,
        "Total Revenue": 39,
        "Gross Profit": 22,
        "Operating Income": -2,
        "EBIT": 0,
        "Net Income": -4
    },
    "2017-12-31": {
        "Diluted EPS": -0.18,
        "Total Revenue": 39,
        "Gross Profit": 22,
        "Operating Income": -4,
        "EBIT": -2,
        "Net Income": -5
    },
    "2017-09-30": {
        "Diluted EPS": -0.31,
        "Total Revenue": 36,
        "Gross Profit": 20,
        "Operating Income": -7,
        "EBIT": -5,
        "Net Income": -9
    },
    "2017-06-30": {
        "Diluted EPS": -0.36,
        "Total Revenue": 34,
        "Gross Profit": 18,
        "Operating Income": -9,
        "EBIT": -6,
        "Net Income": -10
    },
    "2017-03-31": {
        "Diluted EPS": -0.44,
        "Total Revenue": 33,
        "Gross Profit": 17,
        "Operating Income": -15,
        "EBIT": -12,
        "Net Income": -12
    },
    "2016-12-31": {
        "Diluted EPS": -0.27,
        "Total Revenue": 28,
        "Gross Profit": 14,
        "Operating Income": -8,
        "EBIT": -7,
        "Net Income": -8
    },
    "2016-09-30": {
        "Diluted EPS": -0.28,
        "Total Revenue": 29,
        "Gross Profit": 15,
        "Operating Income": -8,
        "EBIT": -6,
        "Net Income": -8
    },
    "2016-06-30": {
        "Diluted EPS": -0.31,
        "Total Revenue": 28,
        "Gross Profit": 14,
        "Operating Income": -9,
        "EBIT": -7,
        "Net Income": -9
    },
    "2016-03-31": {
        "Diluted EPS": -0.33,
        "Total Revenue": 26,
        "Gross Profit": 12,
        "Operating Income": -9,
        "EBIT": -7,
        "Net Income": -9
    },
    "2015-12-31": {
        "Diluted EPS": -0.29,
        "Total Revenue": 24,
        "Gross Profit": 12,
        "Operating Income": -8,
        "EBIT": -6,
        "Net Income": -8
    },
    "2015-09-30": {
        "Diluted EPS": -0.19,
        "Total Revenue": 25,
        "Gross Profit": 14,
        "Operating Income": -5,
        "EBIT": -4,
        "Net Income": -5
    },
    "2015-06-30": {
        "Diluted EPS": -0.22,
        "Total Revenue": 24,
        "Gross Profit": 13,
        "Operating Income": -6,
        "EBIT": -5,
        "Net Income": -6
    },
    "2015-03-31": {
        "Diluted EPS": -0.18,
        "Total Revenue": 23,
        "Gross Profit": 13,
        "Operating Income": -4,
        "EBIT": -3,
        "Net Income": -5
    },
    "2014-12-31": {
        "Diluted EPS": -0.17,
        "Total Revenue": 22,
        "Gross Profit": 13,
        "Operating Income": -4,
        "EBIT": -3,
        "Net Income": -4
    },
    "2014-09-30": {
        "Diluted EPS": -0.25,
        "Total Revenue": 20,
        "Gross Profit": 11,
        "Operating Income": -6,
        "EBIT": -5,
        "Net Income": -6
    },
    "2014-06-30": {
        "Diluted EPS": -0.27,
        "Total Revenue": 19,
        "Gross Profit": 10,
        "Operating Income": -7,
        "EBIT": -6,
        "Net Income": -7
    },
    "2014-03-31": {
        "Diluted EPS": -0.21,
        "Total Revenue": 21,
        "Gross Profit": 11,
        "Operating Income": -5,
        "EBIT": -4,
        "Net Income": -5
    },
    "2013-12-31": {
        "Diluted EPS": -0.13,
        "Total Revenue": 22,
        "Gross Profit": 12,
        "Operating Income": -3,
        "EBIT": -2,
        "Net Income": -3
    },
    "2013-09-30": {
        "Diluted EPS": 0.23,
        "Total Revenue": 28,
        "Gross Profit": 16,
        "Operating Income": 1,
        "EBIT": 1,
        "Net Income": 1
    },
    "2013-06-30": {
        "Diluted EPS": 0.06,
        "Total Revenue": 27,
        "Gross Profit": 15,
        "Operating Income": 2,
        "EBIT": 2,
        "Net Income": 2
    },
    "2013-03-31": {
        "Diluted EPS": -0.19,
        "Total Revenue": 25,
        "Gross Profit": 13,
        "Operating Income": -1,
        "EBIT": 0,
        "Net Income": -2
    },
    "2012-12-31": {
        "Diluted EPS": -0.16,
        "Total Revenue": 22,
        "Gross Profit": 12,
        "Operating Income": -1,
        "EBIT": -1,
        "Net Income": -1
    },
    "2012-09-30": {
        "Diluted EPS": 0.0,
        "Total Revenue": 23,
        "Gross Profit": 23,
        "Operating Income": 23,
        "EBIT": 24,
        "Net Income": 0
    },
    "2012-06-30": {
        "Diluted EPS": -0.16,
        "Total Revenue": 23,
        "Gross Profit": 11,
        "Operating Income": -1,
        "EBIT": -1,
        "Net Income": -1
    },
    "2012-03-31": {
        "Diluted EPS": -0.54,
        "Total Revenue": 20,
        "Gross Profit": 10,
        "Operating Income": -4,
        "EBIT": -4,
        "Net Income": -4
    },
    "2011-12-31": {
        "Diluted EPS": -0.09,
        "Total Revenue": 18,
        "Gross Profit": 18,
        "Operating Income": 18,
        "EBIT": 18,
        "Net Income": -1
    },
    "2011-09-30": {
        "Diluted EPS": 0.0,
        "Total Revenue": NaN,
        "Gross Profit": NaN,
        "Operating Income": NaN,
        "EBIT": NaN,
        "Net Income": NaN
    },
    "2023-06-30": {
        "Tax Effect Of Unusual Items": 0.0,
        "Tax Rate For Calcs": 0.208,
        "Normalized EBITDA": 4921000.0,
        "Total Unusual Items": 0.0,
        "Total Unusual Items Excluding Goodwill": 0.0,
        "Net Income From Continuing Operation Net Minority Interest": 2818000.0,
        "Reconciled Depreciation": 1992000.0,
        "Reconciled Cost Of Revenue": 27265000.0,
        "EBITDA": 4921000.0,
        "EBIT": 2929000.0,
        "Net Interest Income": 731000.0,
        "Interest Expense": NaN,
        "Interest Income": NaN,
        "Normalized Income": 2818000.0,
        "Net Income From Continuing And Discontinued Operation": 2818000.0,
        "Total Expenses": 60807000.0,
        "Total Operating Income As Reported": 2929000.0,
        "Diluted Average Shares": 38610000.0,
        "Basic Average Shares": 38278000.0,
        "Diluted EPS": 0.07,
        "Basic EPS": 0.07,
        "Diluted NI Availto Com Stockholders": 2818000.0,
        "Net Income Common Stockholders": 2818000.0,
        "Net Income": 2818000.0,
        "Net Income Including Noncontrolling Interests": 2818000.0,
        "Net Income Continuous Operations": 2818000.0,
        "Tax Provision": 740000.0,
        "Pretax Income": 3558000.0,
        "Other Income Expense": -102000.0,
        "Other Non Operating Income Expenses": -102000.0,
        "Special Income Charges": 0.0,
        "Other Special Charges": NaN,
        "Net Non Operating Interest Income Expense": 731000.0,
        "Total Other Finance Cost": -731000.0,
        "Interest Expense Non Operating": NaN,
        "Interest Income Non Operating": NaN,
        "Operating Income": 2929000.0,
        "Operating Expense": 33542000.0,
        "Research And Development": 11361000.0,
        "Selling General And Administration": 22181000.0,
        "Selling And Marketing Expense": 13332000.0,
        "General And Administrative Expense": 8849000.0,
        "Other Gand A": 8849000.0,
        "Gross Profit": 36471000.0,
        "Cost Of Revenue": 27265000.0,
        "Total Revenue": 63736000.0,
        "Operating Revenue": 63736000.0
    },
    "2023-09-30": {
        "Tax Effect Of Unusual Items": 0.0,
        "Tax Rate For Calcs": 0.21,
        "Normalized EBITDA": -20227000.0,
        "Total Unusual Items": 0.0,
        "Total Unusual Items Excluding Goodwill": 0.0,
        "Net Income From Continuing Operation Net Minority Interest": 629000.0,
        "Reconciled Depreciation": 1971000.0,
        "Reconciled Cost Of Revenue": 27062000.0,
        "EBITDA": -20227000.0,
        "EBIT": -22198000.0,
        "Net Interest Income": 1611000.0,
        "Interest Expense": NaN,
        "Interest Income": NaN,
        "Normalized Income": 629000.0,
        "Net Income From Continuing And Discontinued Operation": 629000.0,
        "Total Expenses": 64344000.0,
        "Total Operating Income As Reported": -375000.0,
        "Diluted Average Shares": 38863000.0,
        "Basic Average Shares": 38601000.0,
        "Diluted EPS": 0.02,
        "Basic EPS": 0.02,
        "Diluted NI Availto Com Stockholders": 629000.0,
        "Net Income Common Stockholders": 629000.0,
        "Net Income": 629000.0,
        "Net Income Including Noncontrolling Interests": 629000.0,
        "Net Income Continuous Operations": 629000.0,
        "Tax Provision": 770000.0,
        "Pretax Income": 1399000.0,
        "Other Income Expense": 163000.0,
        "Other Non Operating Income Expenses": 163000.0,
        "Special Income Charges": 0.0,
        "Other Special Charges": 0.0,
        "Net Non Operating Interest Income Expense": 1611000.0,
        "Total Other Finance Cost": 2341000.0,
        "Interest Expense Non Operating": NaN,
        "Interest Income Non Operating": NaN,
        "Operating Income": -375000.0,
        "Operating Expense": 37282000.0,
        "Research And Development": 11924000.0,
        "Selling General And Administration": 25358000.0,
        "Selling And Marketing Expense": 13479000.0,
        "General And Administrative Expense": 11879000.0,
        "Other Gand A": 11879000.0,
        "Gross Profit": 36907000.0,
        "Cost Of Revenue": 27062000.0,
        "Total Revenue": 63969000.0,
        "Operating Revenue": 63969000.0
    },
    "2023-12-31": {
        "Tax Effect Of Unusual Items": 0.0,
        "Tax Rate For Calcs": 0.21,
        "Normalized EBITDA": 2716000.0,
        "Total Unusual Items": NaN,
        "Total Unusual Items Excluding Goodwill": NaN,
        "Net Income From Continuing Operation Net Minority Interest": -1798000.0,
        "Reconciled Depreciation": 1960000.0,
        "Reconciled Cost Of Revenue": 27869000.0,
        "EBITDA": 2716000.0,
        "EBIT": 756000.0,
        "Net Interest Income": 1706000.0,
        "Interest Expense": 1834000.0,
        "Interest Income": 3540000.0,
        "Normalized Income": -1798000.0,
        "Net Income From Continuing And Discontinued Operation": -1798000.0,
        "Total Expenses": 66158000.0,
        "Total Operating Income As Reported": -2667000.0,
        "Diluted Average Shares": 38901000.0,
        "Basic Average Shares": 38901000.0,
        "Diluted EPS": -0.05,
        "Basic EPS": -0.05,
        "Diluted NI Availto Com Stockholders": -1798000.0,
        "Net Income Common Stockholders": -1798000.0,
        "Net Income": -1798000.0,
        "Net Income Including Noncontrolling Interests": -1798000.0,
        "Net Income Continuous Operations": -1798000.0,
        "Tax Provision": 720000.0,
        "Pretax Income": -1078000.0,
        "Other Income Expense": -117000.0,
        "Other Non Operating Income Expenses": -117000.0,
        "Special Income Charges": NaN,
        "Other Special Charges": NaN,
        "Net Non Operating Interest Income Expense": 1706000.0,
        "Total Other Finance Cost": NaN,
        "Interest Expense Non Operating": 1834000.0,
        "Interest Income Non Operating": 3540000.0,
        "Operating Income": -2667000.0,
        "Operating Expense": 38289000.0,
        "Research And Development": 12680000.0,
        "Selling General And Administration": 25609000.0,
        "Selling And Marketing Expense": 13960000.0,
        "General And Administrative Expense": 11649000.0,
        "Other Gand A": 11649000.0,
        "Gross Profit": 35622000.0,
        "Cost Of Revenue": 27869000.0,
        "Total Revenue": 63491000.0,
        "Operating Revenue": 63491000.0
    },
    "2024-03-31": {
        "Tax Effect Of Unusual Items": 0.0,
        "Tax Rate For Calcs": 0.4,
        "Normalized EBITDA": 2659000.0,
        "Total Unusual Items": 0.0,
        "Total Unusual Items Excluding Goodwill": 0.0,
        "Net Income From Continuing Operation Net Minority Interest": -1387000.0,
        "Reconciled Depreciation": 1856000.0,
        "Reconciled Cost Of Revenue": 27873000.0,
        "EBITDA": 2659000.0,
        "EBIT": 803000.0,
        "Net Interest Income": 2006000.0,
        "Interest Expense": 1412000.0,
        "Interest Income": 3842000.0,
        "Normalized Income": -1387000.0,
        "Net Income From Continuing And Discontinued Operation": -1387000.0,
        "Total Expenses": 67736000.0,
        "Total Operating Income As Reported": -2625000.0,
        "Diluted Average Shares": 39225000.0,
        "Basic Average Shares": 39225000.0,
        "Diluted EPS": -0.04,
        "Basic EPS": -0.04,
        "Diluted NI Availto Com Stockholders": -1387000.0,
        "Net Income Common Stockholders": -1387000.0,
        "Net Income": -1387000.0,
        "Net Income Including Noncontrolling Interests": -1387000.0,
        "Net Income Continuous Operations": -1387000.0,
        "Tax Provision": 778000.0,
        "Pretax Income": -609000.0,
        "Other Income Expense": 10000.0,
        "Other Non Operating Income Expenses": 10000.0,
        "Special Income Charges": 0.0,
        "Other Special Charges": NaN,
        "Net Non Operating Interest Income Expense": 2006000.0,
        "Total Other Finance Cost": 424000.0,
        "Interest Expense Non Operating": 1412000.0,
        "Interest Income Non Operating": 3842000.0,
        "Operating Income": -2625000.0,
        "Operating Expense": 39863000.0,
        "Research And Development": 12588000.0,
        "Selling General And Administration": 27275000.0,
        "Selling And Marketing Expense": 15157000.0,
        "General And Administrative Expense": 12118000.0,
        "Other Gand A": 12118000.0,
        "Gross Profit": 37238000.0,
        "Cost Of Revenue": 27873000.0,
        "Total Revenue": 65111000.0,
        "Operating Revenue": 65111000.0
    }
}