{
    "2023-03-31": {
        "Tax Effect Of Unusual Items": 0.0,
        "Tax Rate For Calcs": 0.214,
        "Net Income From Continuing Operation Net Minority Interest": 1397000.0,
        "Reconciled Depreciation": 2891000.0,
        "Net Interest Income": 40076000.0,
        "Interest Expense": 19229000.0,
        "Interest Income": 59305000.0,
        "Normalized Income": 1397000.0,
        "Net Income From Continuing And Discontinued Operation": 1397000.0,
        "Diluted Average Shares": 15691168.0,
        "Basic Average Shares": 15649651.0,
        "Diluted EPS": 0.09,
        "Basic EPS": 0.09,
        "Diluted NI Availto Com Stockholders": 1397000.0,
        "Net Income Common Stockholders": 1397000.0,
        "Net Income": 1397000.0,
        "Net Income Including Noncontrolling Interests": 1397000.0,
        "Net Income Continuous Operations": 1397000.0,
        "Tax Provision": 381000.0,
        "Pretax Income": 1778000.0,
        "Gain On Sale Of Security": -13170000.0,
        "Depreciation Amortization Depletion Income Statement": 1752000.0,
        "Depreciation And Amortization In Income Statement": 1752000.0,
        "Amortization": 1752000.0,
        "Amortization Of Intangibles Income Statement": 1752000.0,
        "Selling General And Administration": 21342000.0,
        "Selling And Marketing Expense": 986000.0,
        "General And Administrative Expense": 20356000.0,
        "Insurance And Claims": 749000.0,
        "Salaries And Wages": 19607000.0,
        "Total Revenue": 36030000.0,
        "Operating Revenue": 36030000.0,
        "Occupancy And Equipment": 4917000.0,
        "Professional Expense And Contract Services Expense": 1736000.0,
        "Other Non Interest Expense": 3572000.0
    },
    "2022-12-31": {
        "Tax Effect Of Unusual Items": 0.0,
        "Tax Rate For Calcs": 0.179048,
        "Net Income From Continuing Operation Net Minority Interest": 16002000.0,
        "Reconciled Depreciation": 2651000.0,
        "Net Interest Income": 43564000.0,
        "Interest Expense": 13193000.0,
        "Interest Income": 56757000.0,
        "Normalized Income": 16002000.0,
        "Net Income From Continuing And Discontinued Operation": 16002000.0,
        "Diluted Average Shares": 15693000.0,
        "Basic Average Shares": 15624000.0,
        "Diluted EPS": 1.02,
        "Basic EPS": 1.02,
        "Diluted NI Availto Com Stockholders": 16002000.0,
        "Net Income Common Stockholders": 16002000.0,
        "Net Income": 16002000.0,
        "Net Income Including Noncontrolling Interests": 16002000.0,
        "Net Income Continuous Operations": 16002000.0,
        "Tax Provision": 3490000.0,
        "Pretax Income": 19492000.0,
        "Gain On Sale Of Security": -1000.0,
        "Depreciation Amortization Depletion Income Statement": 1770000.0,
        "Depreciation And Amortization In Income Statement": 1770000.0,
        "Amortization": 1770000.0,
        "Amortization Of Intangibles Income Statement": 1770000.0,
        "Selling General And Administration": 16751000.0,
        "Selling And Marketing Expense": 947000.0,
        "General And Administrative Expense": 15804000.0,
        "Insurance And Claims": 405000.0,
        "Salaries And Wages": 20438000.0,
        "Total Revenue": 54504000.0,
        "Operating Revenue": 54504000.0
    },
    "2022-09-30": {
        "Tax Effect Of Unusual Items": NaN,
        "Tax Rate For Calcs": NaN,
        "Net Income From Continuing Operation Net Minority Interest": NaN,
        "Reconciled Depreciation": NaN,
        "Net Interest Income": NaN,
        "Interest Expense": NaN,
        "Interest Income": NaN,
        "Normalized Income": NaN,
        "Net Income From Continuing And Discontinued Operation": NaN,
        "Diluted Average Shares": NaN,
        "Basic Average Shares": NaN,
        "Diluted EPS": NaN,
        "Basic EPS": NaN,
        "Diluted NI Availto Com Stockholders": NaN,
        "Net Income Common Stockholders": NaN,
        "Net Income": NaN,
        "Net Income Including Noncontrolling Interests": NaN,
        "Net Income Continuous Operations": NaN,
        "Tax Provision": NaN,
        "Pretax Income": NaN,
        "Gain On Sale Of Security": NaN,
        "Depreciation Amortization Depletion Income Statement": NaN,
        "Depreciation And Amortization In Income Statement": NaN,
        "Amortization": NaN,
        "Amortization Of Intangibles Income Statement": NaN,
        "Selling General And Administration": NaN,
        "Selling And Marketing Expense": NaN,
        "General And Administrative Expense": NaN,
        "Other Gand A": 2033000.0,
        "Insurance And Claims": NaN,
        "Salaries And Wages": NaN,
        "Total Revenue": NaN,
        "Operating Revenue": NaN
    },
    "2022-06-30": {
        "Tax Effect Of Unusual Items": 0.0,
        "Tax Rate For Calcs": 0.245,
        "Net Income From Continuing Operation Net Minority Interest": 12621000.0,
        "Reconciled Depreciation": 1283000.0,
        "Net Interest Income": 39725000.0,
        "Interest Expense": 5004000.0,
        "Interest Income": 44729000.0,
        "Normalized Income": 12621000.0,
        "Net Income From Continuing And Discontinued Operation": 12621000.0,
        "Diluted Average Shares": 15688460.0,
        "Basic Average Shares": 15667773.0,
        "Diluted EPS": 0.8,
        "Basic EPS": 0.81,
        "Diluted NI Availto Com Stockholders": 12621000.0,
        "Net Income Common Stockholders": 12621000.0,
        "Net Income": 12621000.0,
        "Net Income Including Noncontrolling Interests": 12621000.0,
        "Net Income Continuous Operations": 12621000.0,
        "Tax Provision": 4087000.0,
        "Pretax Income": 16708000.0,
        "Gain On Sale Of Security": 395000.0,
        "Depreciation Amortization Depletion Income Statement": 1283000.0,
        "Depreciation And Amortization In Income Statement": 1283000.0,
        "Amortization": 1283000.0,
        "Amortization Of Intangibles Income Statement": 1283000.0,
        "Selling General And Administration": 22035000.0,
        "Selling And Marketing Expense": 1157000.0,
        "General And Administrative Expense": 20878000.0,
        "Other Gand A": 1503000.0,
        "Insurance And Claims": 420000.0,
        "Salaries And Wages": 18955000.0,
        "Total Revenue": 52072000.0,
        "Operating Revenue": 52072000.0
    },
    "2023-06-30": {
        "Tax Effect Of Unusual Items": 0.0,
        "Tax Rate For Calcs": 0.174,
        "Net Income From Continuing Operation Net Minority Interest": 7594000.0,
        "Reconciled Depreciation": 3316000.0,
        "Net Interest Income": 36962000.0,
        "Interest Expense": 24388000.0,
        "Interest Income": 61350000.0,
        "Normalized Income": 7594000.0,
        "Net Income From Continuing And Discontinued Operation": 7594000.0,
        "Diluted Average Shares": 15689000.0,
        "Basic Average Shares": 15680000.0,
        "Diluted EPS": 0.48,
        "Basic EPS": 0.48,
        "Diluted NI Availto Com Stockholders": 7594000.0,
        "Net Income Common Stockholders": 7594000.0,
        "Net Income": 7594000.0,
        "Net Income Including Noncontrolling Interests": 7594000.0,
        "Net Income Continuous Operations": 7594000.0,
        "Tax Provision": 1598000.0,
        "Pretax Income": 9192000.0,
        "Gain On Sale Of Security": -2000.0,
        "Depreciation Amortization Depletion Income Statement": 1594000.0,
        "Depreciation And Amortization In Income Statement": 1594000.0,
        "Amortization": 1594000.0,
        "Amortization Of Intangibles Income Statement": 1594000.0,
        "Selling General And Administration": 22390000.0,
        "Selling And Marketing Expense": 1142000.0,
        "General And Administrative Expense": 21248000.0,
        "Insurance And Claims": 862000.0,
        "Salaries And Wages": 20386000.0,
        "Total Revenue": 45708000.0,
        "Operating Revenue": 45708000.0,
        "Occupancy And Equipment": 5009000.0,
        "Professional Expense And Contract Services Expense": 1682000.0,
        "Other Non Interest Expense": 4244000.0
    },
    "2022-03-31": {
        "Diluted EPS": 0.88,
        "Total Revenue": 53,
        "Gross Profit": 49,
        "Operating Income": 17,
        "EBIT": NaN,
        "Net Income": 14
    },
    "2021-12-31": {
        "Diluted EPS": 0.91,
        "Total Revenue": 55,
        "Gross Profit": 50,
        "Operating Income": 19,
        "EBIT": NaN,
        "Net Income": 14
    },
    "2021-09-30": {
        "Diluted EPS": 1.03,
        "Total Revenue": 54,
        "Gross Profit": 50,
        "Operating Income": 21,
        "EBIT": NaN,
        "Net Income": 16
    },
    "2021-06-30": {
        "Diluted EPS": 1.08,
        "Total Revenue": 54,
        "Gross Profit": 49,
        "Operating Income": 22,
        "EBIT": NaN,
        "Net Income": 17
    },
    "2021-03-31": {
        "Diluted EPS": 1.35,
        "Total Revenue": 56,
        "Gross Profit": 50,
        "Operating Income": 27,
        "EBIT": NaN,
        "Net Income": 22
    },
    "2020-12-31": {
        "Diluted EPS": 1.03,
        "Total Revenue": 56,
        "Gross Profit": 50,
        "Operating Income": 21,
        "EBIT": NaN,
        "Net Income": 17
    },
    "2020-09-30": {
        "Diluted EPS": -1.23,
        "Total Revenue": 55,
        "Gross Profit": 47,
        "Operating Income": -18,
        "EBIT": NaN,
        "Net Income": -20
    },
    "2020-06-30": {
        "Diluted EPS": 0.73,
        "Total Revenue": 55,
        "Gross Profit": 47,
        "Operating Income": 14,
        "EBIT": NaN,
        "Net Income": 12
    },
    "2020-03-31": {
        "Diluted EPS": -0.12,
        "Total Revenue": 58,
        "Gross Profit": 48,
        "Operating Income": -4,
        "EBIT": NaN,
        "Net Income": -2
    },
    "2019-12-31": {
        "Diluted EPS": 0.85,
        "Total Revenue": 59,
        "Gross Profit": 49,
        "Operating Income": 12,
        "EBIT": NaN,
        "Net Income": 13
    },
    "2019-09-30": {
        "Diluted EPS": 0.76,
        "Total Revenue": 62,
        "Gross Profit": 51,
        "Operating Income": 16,
        "EBIT": NaN,
        "Net Income": 12
    },
    "2019-06-30": {
        "Diluted EPS": 0.72,
        "Total Revenue": 54,
        "Gross Profit": 44,
        "Operating Income": 14,
        "EBIT": NaN,
        "Net Income": 11
    },
    "2019-03-31": {
        "Diluted EPS": 0.6,
        "Total Revenue": 39,
        "Gross Profit": 31,
        "Operating Income": 9,
        "EBIT": NaN,
        "Net Income": 7
    },
    "2018-12-31": {
        "Diluted EPS": 0.62,
        "Total Revenue": 39,
        "Gross Profit": 32,
        "Operating Income": 9,
        "EBIT": NaN,
        "Net Income": 8
    },
    "2018-09-30": {
        "Diluted EPS": 0.55,
        "Total Revenue": 38,
        "Gross Profit": 32,
        "Operating Income": 9,
        "EBIT": NaN,
        "Net Income": 7
    },
    "2018-06-30": {
        "Diluted EPS": 0.67,
        "Total Revenue": 38,
        "Gross Profit": 32,
        "Operating Income": 10,
        "EBIT": NaN,
        "Net Income": 8
    },
    "2018-03-31": {
        "Diluted EPS": 0.64,
        "Total Revenue": 37,
        "Gross Profit": 32,
        "Operating Income": 10,
        "EBIT": NaN,
        "Net Income": 8
    },
    "2017-12-31": {
        "Diluted EPS": -0.14,
        "Total Revenue": 36,
        "Gross Profit": 32,
        "Operating Income": 1,
        "EBIT": NaN,
        "Net Income": -2
    },
    "2017-09-30": {
        "Diluted EPS": 0.52,
        "Total Revenue": 36,
        "Gross Profit": 32,
        "Operating Income": 8,
        "EBIT": NaN,
        "Net Income": 6
    },
    "2017-06-30": {
        "Diluted EPS": 0.59,
        "Total Revenue": 35,
        "Gross Profit": 32,
        "Operating Income": 10,
        "EBIT": NaN,
        "Net Income": 7
    },
    "2017-03-31": {
        "Diluted EPS": 0.58,
        "Total Revenue": 34,
        "Gross Profit": 31,
        "Operating Income": 9,
        "EBIT": NaN,
        "Net Income": 7
    },
    "2016-12-31": {
        "Diluted EPS": 0.34,
        "Total Revenue": 34,
        "Gross Profit": 30,
        "Operating Income": 4,
        "EBIT": NaN,
        "Net Income": 4
    },
    "2016-09-30": {
        "Diluted EPS": 0.54,
        "Total Revenue": 34,
        "Gross Profit": 30,
        "Operating Income": 9,
        "EBIT": NaN,
        "Net Income": 6
    },
    "2016-06-30": {
        "Diluted EPS": 0.42,
        "Total Revenue": 34,
        "Gross Profit": 31,
        "Operating Income": 7,
        "EBIT": NaN,
        "Net Income": 5
    },
    "2016-03-31": {
        "Diluted EPS": 0.48,
        "Total Revenue": 35,
        "Gross Profit": 32,
        "Operating Income": 7,
        "EBIT": NaN,
        "Net Income": 6
    },
    "2015-12-31": {
        "Diluted EPS": 0.76,
        "Total Revenue": 36,
        "Gross Profit": 33,
        "Operating Income": 10,
        "EBIT": NaN,
        "Net Income": 8
    },
    "2015-09-30": {
        "Diluted EPS": 0.67,
        "Total Revenue": 35,
        "Gross Profit": 32,
        "Operating Income": 10,
        "EBIT": NaN,
        "Net Income": 8
    },
    "2015-06-30": {
        "Diluted EPS": 0.42,
        "Total Revenue": 30,
        "Gross Profit": 28,
        "Operating Income": 7,
        "EBIT": NaN,
        "Net Income": 4
    },
    "2015-03-31": {
        "Diluted EPS": 0.57,
        "Total Revenue": 20,
        "Gross Profit": 18,
        "Operating Income": 6,
        "EBIT": NaN,
        "Net Income": 5
    },
    "2014-12-31": {
        "Diluted EPS": 0.46,
        "Total Revenue": 20,
        "Gross Profit": 17,
        "Operating Income": 6,
        "EBIT": NaN,
        "Net Income": 4
    },
    "2014-09-30": {
        "Diluted EPS": 0.59,
        "Total Revenue": 20,
        "Gross Profit": 18,
        "Operating Income": 7,
        "EBIT": NaN,
        "Net Income": 5
    },
    "2014-06-30": {
        "Diluted EPS": 0.56,
        "Total Revenue": 20,
        "Gross Profit": 17,
        "Operating Income": 6,
        "EBIT": NaN,
        "Net Income": 5
    },
    "2014-03-31": {
        "Diluted EPS": 0.58,
        "Total Revenue": 20,
        "Gross Profit": 18,
        "Operating Income": 7,
        "EBIT": NaN,
        "Net Income": 5
    },
    "2013-12-31": {
        "Diluted EPS": 0.52,
        "Total Revenue": 19,
        "Gross Profit": 17,
        "Operating Income": 6,
        "EBIT": NaN,
        "Net Income": 4
    },
    "2013-09-30": {
        "Diluted EPS": 0.57,
        "Total Revenue": 20,
        "Gross Profit": 17,
        "Operating Income": 7,
        "EBIT": NaN,
        "Net Income": 5
    },
    "2013-06-30": {
        "Diluted EPS": 0.53,
        "Total Revenue": 20,
        "Gross Profit": 17,
        "Operating Income": 6,
        "EBIT": NaN,
        "Net Income": 5
    },
    "2013-03-31": {
        "Diluted EPS": 0.56,
        "Total Revenue": 21,
        "Gross Profit": 18,
        "Operating Income": 7,
        "EBIT": NaN,
        "Net Income": 5
    },
    "2012-12-31": {
        "Diluted EPS": 0.51,
        "Total Revenue": 21,
        "Gross Profit": 17,
        "Operating Income": 6,
        "EBIT": NaN,
        "Net Income": 4
    },
    "2012-09-30": {
        "Diluted EPS": 0.5,
        "Total Revenue": 21,
        "Gross Profit": 17,
        "Operating Income": 6,
        "EBIT": NaN,
        "Net Income": 4
    },
    "2012-06-30": {
        "Diluted EPS": 0.41,
        "Total Revenue": 25,
        "Gross Profit": 21,
        "Operating Income": 4,
        "EBIT": NaN,
        "Net Income": 4
    },
    "2012-03-31": {
        "Diluted EPS": 0.52,
        "Total Revenue": 22,
        "Gross Profit": 17,
        "Operating Income": 6,
        "EBIT": NaN,
        "Net Income": 4
    },
    "2011-12-31": {
        "Diluted EPS": 0.39,
        "Total Revenue": 21,
        "Gross Profit": 16,
        "Operating Income": 4,
        "EBIT": NaN,
        "Net Income": 3
    },
    "2011-09-30": {
        "Diluted EPS": 0.42,
        "Total Revenue": 21,
        "Gross Profit": 16,
        "Operating Income": 5,
        "EBIT": NaN,
        "Net Income": 4
    },
    "2011-06-30": {
        "Diluted EPS": 0.35,
        "Total Revenue": 21,
        "Gross Profit": 16,
        "Operating Income": 4,
        "EBIT": NaN,
        "Net Income": 3
    },
    "2011-03-31": {
        "Diluted EPS": 0.31,
        "Total Revenue": 21,
        "Gross Profit": 15,
        "Operating Income": 4,
        "EBIT": NaN,
        "Net Income": 3
    },
    "2010-12-31": {
        "Diluted EPS": 0.29,
        "Total Revenue": 22,
        "Gross Profit": 16,
        "Operating Income": 5,
        "EBIT": NaN,
        "Net Income": 3
    },
    "2010-09-30": {
        "Diluted EPS": 0.3,
        "Total Revenue": 21,
        "Gross Profit": 16,
        "Operating Income": 4,
        "EBIT": NaN,
        "Net Income": 3
    },
    "2010-06-30": {
        "Diluted EPS": 0.27,
        "Total Revenue": 22,
        "Gross Profit": 16,
        "Operating Income": 4,
        "EBIT": NaN,
        "Net Income": 2
    },
    "2010-03-31": {
        "Diluted EPS": 0.21,
        "Total Revenue": 21,
        "Gross Profit": 15,
        "Operating Income": 3,
        "EBIT": NaN,
        "Net Income": 2
    },
    "2009-12-31": {
        "Diluted EPS": 0.16,
        "Total Revenue": 21,
        "Gross Profit": 15,
        "Operating Income": 3,
        "EBIT": NaN,
        "Net Income": 1
    },
    "2009-09-30": {
        "Diluted EPS": 0.07,
        "Total Revenue": 21,
        "Gross Profit": 13,
        "Operating Income": 0,
        "EBIT": NaN,
        "Net Income": 1
    },
    "2009-06-30": {
        "Diluted EPS": 0.07,
        "Total Revenue": 22,
        "Gross Profit": 14,
        "Operating Income": 1,
        "EBIT": NaN,
        "Net Income": 1
    },
    "2009-03-31": {
        "Diluted EPS": 0.12,
        "Total Revenue": 22,
        "Gross Profit": 15,
        "Operating Income": 1,
        "EBIT": NaN,
        "Net Income": 1
    },
    "2023-09-30": {
        "Tax Effect Of Unusual Items": NaN,
        "Tax Rate For Calcs": NaN,
        "Net Income From Continuing Operation Net Minority Interest": NaN,
        "Reconciled Depreciation": NaN,
        "Net Interest Income": NaN,
        "Interest Expense": NaN,
        "Interest Income": NaN,
        "Normalized Income": NaN,
        "Net Income From Continuing And Discontinued Operation": NaN,
        "Diluted Average Shares": 15711000.0,
        "Basic Average Shares": 15689000.0,
        "Diluted EPS": 0.58,
        "Basic EPS": 0.58,
        "Diluted NI Availto Com Stockholders": NaN,
        "Net Income Common Stockholders": NaN,
        "Net Income": NaN,
        "Net Income Including Noncontrolling Interests": NaN,
        "Net Income Continuous Operations": NaN,
        "Tax Provision": NaN,
        "Pretax Income": NaN,
        "Gain On Sale Of Security": NaN,
        "Depreciation Amortization Depletion Income Statement": NaN,
        "Depreciation And Amortization In Income Statement": NaN,
        "Amortization": NaN,
        "Amortization Of Intangibles Income Statement": NaN,
        "Selling General And Administration": NaN,
        "Selling And Marketing Expense": NaN,
        "General And Administrative Expense": NaN,
        "Insurance And Claims": NaN,
        "Salaries And Wages": NaN,
        "Total Revenue": NaN,
        "Operating Revenue": NaN,
        "Occupancy And Equipment": NaN,
        "Professional Expense And Contract Services Expense": NaN,
        "Other Non Interest Expense": NaN
    },
    "2023-12-31": {
        "Tax Effect Of Unusual Items": 0.0,
        "Tax Rate For Calcs": 0.21,
        "Net Income From Continuing Operation Net Minority Interest": 2730000.0,
        "Reconciled Depreciation": 3152000.0,
        "Net Interest Income": 32559000.0,
        "Interest Expense": 32827000.0,
        "Interest Income": 65386000.0,
        "Normalized Income": 2730000.0,
        "Net Income From Continuing And Discontinued Operation": 2730000.0,
        "Diluted Average Shares": 15756000.0,
        "Basic Average Shares": 15693000.0,
        "Diluted EPS": 0.17,
        "Basic EPS": 0.17,
        "Diluted NI Availto Com Stockholders": 2730000.0,
        "Net Income Common Stockholders": 2730000.0,
        "Net Income": 2730000.0,
        "Net Income Including Noncontrolling Interests": 2730000.0,
        "Net Income Continuous Operations": 2730000.0,
        "Tax Provision": -208000.0,
        "Pretax Income": 2522000.0,
        "Gain On Sale Of Security": -5696000.0,
        "Depreciation Amortization Depletion Income Statement": 1441000.0,
        "Depreciation And Amortization In Income Statement": 1441000.0,
        "Amortization": 1441000.0,
        "Amortization Of Intangibles Income Statement": 1441000.0,
        "Selling General And Administration": 19459000.0,
        "Selling And Marketing Expense": 700000.0,
        "General And Administrative Expense": 18759000.0,
        "Insurance And Claims": 900000.0,
        "Salaries And Wages": 17859000.0,
        "Total Revenue": 36421000.0,
        "Operating Revenue": 36421000.0,
        "Occupancy And Equipment": 4775000.0,
        "Professional Expense And Contract Services Expense": 2269000.0,
        "Other Non Interest Expense": 4187000.0
    },
    "2024-03-31": {
        "Tax Effect Of Unusual Items": 0.0,
        "Tax Rate For Calcs": 0.227,
        "Net Income From Continuing Operation Net Minority Interest": 3269000.0,
        "Reconciled Depreciation": 2992000.0,
        "Net Interest Income": 34731000.0,
        "Interest Expense": 34804000.0,
        "Interest Income": 69535000.0,
        "Normalized Income": 3269000.0,
        "Net Income From Continuing And Discontinued Operation": 3269000.0,
        "Diluted Average Shares": 15773521.0,
        "Basic Average Shares": 15722697.0,
        "Diluted EPS": 0.21,
        "Basic EPS": 0.21,
        "Diluted NI Availto Com Stockholders": 3269000.0,
        "Net Income Common Stockholders": 3269000.0,
        "Net Income": 3269000.0,
        "Net Income Including Noncontrolling Interests": 3269000.0,
        "Net Income Continuous Operations": 3269000.0,
        "Tax Provision": 958000.0,
        "Pretax Income": 4227000.0,
        "Gain On Sale Of Security": 36000.0,
        "Depreciation Amortization Depletion Income Statement": 1637000.0,
        "Depreciation And Amortization In Income Statement": 1637000.0,
        "Amortization": 1637000.0,
        "Amortization Of Intangibles Income Statement": 1637000.0,
        "Selling General And Administration": 22470000.0,
        "Selling And Marketing Expense": 598000.0,
        "General And Administrative Expense": 21872000.0,
        "Insurance And Claims": 942000.0,
        "Salaries And Wages": 20930000.0,
        "Total Revenue": 44481000.0,
        "Operating Revenue": 44481000.0,
        "Occupancy And Equipment": 5413000.0,
        "Professional Expense And Contract Services Expense": 2059000.0,
        "Other Non Interest Expense": 3986000.0
    },
    "2024-06-30": {
        "Tax Effect Of Unusual Items": 0.0,
        "Tax Rate For Calcs": 0.242,
        "Net Income From Continuing Operation Net Minority Interest": 15819000.0,
        "Reconciled Depreciation": 2760000.0,
        "Net Interest Income": 36347000.0,
        "Interest Expense": 36429000.0,
        "Interest Income": 72776000.0,
        "Normalized Income": 15819000.0,
        "Net Income From Continuing And Discontinued Operation": 15819000.0,
        "Diluted Average Shares": 15780935.0,
        "Basic Average Shares": 15763414.0,
        "Diluted EPS": 1.0,
        "Basic EPS": 1.0,
        "Diluted NI Availto Com Stockholders": 15819000.0,
        "Net Income Common Stockholders": 15819000.0,
        "Net Income": 15819000.0,
        "Net Income Including Noncontrolling Interests": 15819000.0,
        "Net Income Continuous Operations": 15819000.0,
        "Tax Provision": 5054000.0,
        "Pretax Income": 20873000.0,
        "Gain On Sale Of Security": 33000.0,
        "Depreciation Amortization Depletion Income Statement": 1593000.0,
        "Depreciation And Amortization In Income Statement": 1593000.0,
        "Amortization": 1593000.0,
        "Amortization Of Intangibles Income Statement": 1593000.0,
        "Selling General And Administration": 22672000.0,
        "Selling And Marketing Expense": 636000.0,
        "General And Administrative Expense": 22036000.0,
        "Insurance And Claims": 1051000.0,
        "Salaries And Wages": 20985000.0,
        "Total Revenue": 57901000.0,
        "Operating Revenue": 57901000.0,
        "Occupancy And Equipment": 4965000.0,
        "Professional Expense And Contract Services Expense": 2253000.0,
        "Other Non Interest Expense": 4278000.0
    },
    "2024-09-30": {
        "Tax Effect Of Unusual Items": 0.0,
        "Tax Rate For Calcs": 0.265,
        "Net Income From Continuing Operation Net Minority Interest": -95707000.0,
        "Reconciled Depreciation": 2517000.0,
        "Net Interest Income": 37521000.0,
        "Interest Expense": 36175000.0,
        "Interest Income": 73696000.0,
        "Normalized Income": -95707000.0,
        "Net Income From Continuing And Discontinued Operation": -95707000.0,
        "Diluted Average Shares": 15829032.0,
        "Basic Average Shares": 15829032.0,
        "Diluted EPS": -6.05,
        "Basic EPS": -6.05,
        "Diluted NI Availto Com Stockholders": -95707000.0,
        "Net Income Common Stockholders": -95707000.0,
        "Net Income": -95707000.0,
        "Net Income Including Noncontrolling Interests": -95707000.0,
        "Net Income Continuous Operations": -95707000.0,
        "Tax Provision": -34493000.0,
        "Pretax Income": -130200000.0,
        "Gain On Sale Of Security": -140182000.0,
        "Depreciation Amortization Depletion Income Statement": 1470000.0,
        "Depreciation And Amortization In Income Statement": 1470000.0,
        "Amortization": 1470000.0,
        "Amortization Of Intangibles Income Statement": 1470000.0,
        "Selling General And Administration": 21485000.0,
        "Selling And Marketing Expense": 619000.0,
        "General And Administrative Expense": 20866000.0,
        "Insurance And Claims": 923000.0,
        "Salaries And Wages": 19943000.0,
        "Total Revenue": -92867000.0,
        "Operating Revenue": -92867000.0,
        "Occupancy And Equipment": 4929000.0,
        "Professional Expense And Contract Services Expense": 2261000.0,
        "Other Non Interest Expense": 5653000.0
    },
    "2024-12-31": {
        "Tax Effect Of Unusual Items": 0.0,
        "Tax Rate For Calcs": 0.226506,
        "Net Income From Continuing Operation Net Minority Interest": 16330000.0,
        "Reconciled Depreciation": -572000.0,
        "Net Interest Income": 48938000.0,
        "Interest Expense": 29329000.0,
        "Interest Income": 78267000.0,
        "Normalized Income": 16330000.0,
        "Net Income From Continuing And Discontinued Operation": 16330000.0,
        "Diluted Average Shares": NaN,
        "Basic Average Shares": NaN,
        "Diluted EPS": NaN,
        "Basic EPS": NaN,
        "Diluted NI Availto Com Stockholders": 16330000.0,
        "Net Income Common Stockholders": 16330000.0,
        "Net Income": 16330000.0,
        "Net Income Including Noncontrolling Interests": 16330000.0,
        "Net Income Continuous Operations": 16330000.0,
        "Tax Provision": 4782000.0,
        "Pretax Income": 21112000.0,
        "Gain On Sale Of Security": 161000.0,
        "Depreciation Amortization Depletion Income Statement": 1449000.0,
        "Depreciation And Amortization In Income Statement": 1449000.0,
        "Amortization": 1449000.0,
        "Amortization Of Intangibles Income Statement": 1449000.0,
        "Selling General And Administration": 22457000.0,
        "Selling And Marketing Expense": 793000.0,
        "General And Administrative Expense": 21664000.0,
        "Insurance And Claims": 980000.0,
        "Salaries And Wages": 20684000.0,
        "Total Revenue": 59775000.0,
        "Operating Revenue": 59775000.0,
        "Occupancy And Equipment": 5460000.0,
        "Professional Expense And Contract Services Expense": 2534000.0,
        "Other Non Interest Expense": 5472000.0
    }
}