{
    "2023-03-31": {
        "Tax Effect Of Unusual Items": NaN,
        "Tax Rate For Calcs": NaN,
        "Normalized EBITDA": NaN,
        "Total Unusual Items": NaN,
        "Total Unusual Items Excluding Goodwill": NaN,
        "Net Income From Continuing Operation Net Minority Interest": NaN,
        "Reconciled Depreciation": NaN,
        "Reconciled Cost Of Revenue": NaN,
        "EBITDA": NaN,
        "EBIT": NaN,
        "Net Interest Income": NaN,
        "Interest Expense": NaN,
        "Normalized Income": NaN,
        "Net Income From Continuing And Discontinued Operation": NaN,
        "Total Expenses": NaN,
        "Total Operating Income As Reported": NaN,
        "Diluted Average Shares": NaN,
        "Basic Average Shares": NaN,
        "Diluted EPS": NaN,
        "Basic EPS": NaN,
        "Diluted NI Availto Com Stockholders": NaN,
        "Net Income Common Stockholders": NaN,
        "Net Income": NaN,
        "Net Income Including Noncontrolling Interests": NaN,
        "Net Income Continuous Operations": NaN,
        "Tax Provision": NaN,
        "Pretax Income": NaN,
        "Other Income Expense": NaN,
        "Other Non Operating Income Expenses": -773000.0,
        "Special Income Charges": NaN,
        "Write Off": NaN,
        "Restructuring And Mergern Acquisition": NaN,
        "Earnings From Equity Interest": NaN,
        "Gain On Sale Of Security": NaN,
        "Net Non Operating Interest Income Expense": NaN,
        "Total Other Finance Cost": NaN,
        "Interest Expense Non Operating": NaN,
        "Operating Income": NaN,
        "Operating Expense": NaN,
        "Other Operating Expenses": NaN,
        "Depreciation Amortization Depletion Income Statement": NaN,
        "Depreciation And Amortization In Income Statement": NaN,
        "Research And Development": NaN,
        "Selling General And Administration": NaN,
        "Selling And Marketing Expense": NaN,
        "General And Administrative Expense": NaN,
        "Other Gand A": NaN,
        "Salaries And Wages": NaN,
        "Gross Profit": NaN,
        "Cost Of Revenue": NaN,
        "Total Revenue": NaN,
        "Operating Revenue": NaN
    },
    "2022-12-31": {
        "Tax Effect Of Unusual Items": NaN,
        "Tax Rate For Calcs": NaN,
        "Normalized EBITDA": NaN,
        "Total Unusual Items": NaN,
        "Total Unusual Items Excluding Goodwill": NaN,
        "Net Income From Continuing Operation Net Minority Interest": NaN,
        "Reconciled Depreciation": NaN,
        "Reconciled Cost Of Revenue": NaN,
        "EBITDA": NaN,
        "EBIT": NaN,
        "Net Interest Income": NaN,
        "Interest Expense": NaN,
        "Normalized Income": NaN,
        "Net Income From Continuing And Discontinued Operation": NaN,
        "Total Expenses": NaN,
        "Total Operating Income As Reported": NaN,
        "Diluted Average Shares": NaN,
        "Basic Average Shares": NaN,
        "Diluted EPS": NaN,
        "Basic EPS": NaN,
        "Diluted NI Availto Com Stockholders": NaN,
        "Net Income Common Stockholders": NaN,
        "Net Income": NaN,
        "Net Income Including Noncontrolling Interests": NaN,
        "Net Income Continuous Operations": NaN,
        "Tax Provision": NaN,
        "Pretax Income": NaN,
        "Other Income Expense": NaN,
        "Other Non Operating Income Expenses": 1362000.0,
        "Special Income Charges": NaN,
        "Write Off": 31514000.0,
        "Restructuring And Mergern Acquisition": NaN,
        "Earnings From Equity Interest": NaN,
        "Gain On Sale Of Security": NaN,
        "Net Non Operating Interest Income Expense": NaN,
        "Total Other Finance Cost": NaN,
        "Interest Expense Non Operating": NaN,
        "Operating Income": NaN,
        "Operating Expense": NaN,
        "Other Operating Expenses": NaN,
        "Depreciation Amortization Depletion Income Statement": NaN,
        "Depreciation And Amortization In Income Statement": NaN,
        "Research And Development": NaN,
        "Selling General And Administration": NaN,
        "Selling And Marketing Expense": NaN,
        "General And Administrative Expense": NaN,
        "Other Gand A": NaN,
        "Salaries And Wages": NaN,
        "Gross Profit": NaN,
        "Cost Of Revenue": NaN,
        "Total Revenue": NaN,
        "Operating Revenue": NaN
    },
    "2022-09-30": {
        "Tax Effect Of Unusual Items": NaN,
        "Tax Rate For Calcs": NaN,
        "Normalized EBITDA": NaN,
        "Total Unusual Items": NaN,
        "Total Unusual Items Excluding Goodwill": NaN,
        "Net Income From Continuing Operation Net Minority Interest": NaN,
        "Reconciled Depreciation": NaN,
        "Reconciled Cost Of Revenue": NaN,
        "EBITDA": NaN,
        "EBIT": NaN,
        "Net Interest Income": NaN,
        "Interest Expense": NaN,
        "Normalized Income": NaN,
        "Net Income From Continuing And Discontinued Operation": NaN,
        "Total Expenses": NaN,
        "Total Operating Income As Reported": NaN,
        "Diluted Average Shares": 25318000.0,
        "Basic Average Shares": 25318000.0,
        "Diluted EPS": -0.79,
        "Basic EPS": -0.79,
        "Diluted NI Availto Com Stockholders": NaN,
        "Net Income Common Stockholders": NaN,
        "Net Income": NaN,
        "Net Income Including Noncontrolling Interests": NaN,
        "Net Income Continuous Operations": NaN,
        "Tax Provision": NaN,
        "Pretax Income": NaN,
        "Other Income Expense": NaN,
        "Other Non Operating Income Expenses": NaN,
        "Special Income Charges": NaN,
        "Write Off": 0.0,
        "Restructuring And Mergern Acquisition": NaN,
        "Earnings From Equity Interest": NaN,
        "Gain On Sale Of Security": NaN,
        "Net Non Operating Interest Income Expense": NaN,
        "Total Other Finance Cost": NaN,
        "Interest Expense Non Operating": NaN,
        "Operating Income": NaN,
        "Operating Expense": NaN,
        "Other Operating Expenses": NaN,
        "Depreciation Amortization Depletion Income Statement": NaN,
        "Depreciation And Amortization In Income Statement": NaN,
        "Research And Development": NaN,
        "Selling General And Administration": NaN,
        "Selling And Marketing Expense": NaN,
        "General And Administrative Expense": NaN,
        "Other Gand A": NaN,
        "Salaries And Wages": NaN,
        "Gross Profit": NaN,
        "Cost Of Revenue": NaN,
        "Total Revenue": NaN,
        "Operating Revenue": NaN
    },
    "2022-06-30": {
        "Tax Effect Of Unusual Items": -50435.569243,
        "Tax Rate For Calcs": 0.001617,
        "Normalized EBITDA": -15418000.0,
        "Total Unusual Items": -31195000.0,
        "Total Unusual Items Excluding Goodwill": -31195000.0,
        "Net Income From Continuing Operation Net Minority Interest": -51871000.0,
        "Reconciled Depreciation": 3146000.0,
        "Reconciled Cost Of Revenue": 5949000.0,
        "EBITDA": -46613000.0,
        "EBIT": -49759000.0,
        "Net Interest Income": -2196000.0,
        "Interest Expense": 2196000.0,
        "Normalized Income": -20726435.569243,
        "Net Income From Continuing And Discontinued Operation": -51871000.0,
        "Total Expenses": 27088000.0,
        "Total Operating Income As Reported": -9854000.0,
        "Diluted Average Shares": 25580999.0,
        "Basic Average Shares": 25580999.0,
        "Diluted EPS": -2.04,
        "Basic EPS": -2.04,
        "Diluted NI Availto Com Stockholders": -51871000.0,
        "Net Income Common Stockholders": -51871000.0,
        "Net Income": -51871000.0,
        "Net Income Including Noncontrolling Interests": -51871000.0,
        "Net Income Continuous Operations": -51871000.0,
        "Tax Provision": -84000.0,
        "Pretax Income": -51955000.0,
        "Other Income Expense": -39961000.0,
        "Other Non Operating Income Expenses": NaN,
        "Special Income Charges": -27798000.0,
        "Write Off": 26749000.0,
        "Restructuring And Mergern Acquisition": 1049000.0,
        "Earnings From Equity Interest": -8766000.0,
        "Gain On Sale Of Security": -3397000.0,
        "Net Non Operating Interest Income Expense": -2196000.0,
        "Total Other Finance Cost": NaN,
        "Interest Expense Non Operating": 2196000.0,
        "Operating Income": -9798000.0,
        "Operating Expense": 21139000.0,
        "Other Operating Expenses": 3527000.0,
        "Depreciation Amortization Depletion Income Statement": 3146000.0,
        "Depreciation And Amortization In Income Statement": 3146000.0,
        "Research And Development": 3301000.0,
        "Selling General And Administration": 11165000.0,
        "Selling And Marketing Expense": 3436000.0,
        "General And Administrative Expense": 7729000.0,
        "Other Gand A": 5155000.0,
        "Salaries And Wages": 2574000.0,
        "Gross Profit": 11341000.0,
        "Cost Of Revenue": 5949000.0,
        "Total Revenue": 17290000.0,
        "Operating Revenue": 17290000.0
    },
    "2022-03-31": {
        "Diluted EPS": -0.2,
        "Total Revenue": 14,
        "Gross Profit": 10,
        "Operating Income": -10,
        "EBIT": -7,
        "Net Income": -15
    },
    "2021-12-31": {
        "Diluted EPS": -0.38,
        "Total Revenue": 13,
        "Gross Profit": 10,
        "Operating Income": -9,
        "EBIT": -6,
        "Net Income": -24
    },
    "2021-09-30": {
        "Diluted EPS": -0.11,
        "Total Revenue": 12,
        "Gross Profit": 10,
        "Operating Income": -8,
        "EBIT": -5,
        "Net Income": -8
    },
    "2021-06-30": {
        "Diluted EPS": 0.11,
        "Total Revenue": 11,
        "Gross Profit": 10,
        "Operating Income": -8,
        "EBIT": -6,
        "Net Income": 7
    },
    "2021-03-31": {
        "Diluted EPS": -0.05,
        "Total Revenue": 9,
        "Gross Profit": 7,
        "Operating Income": -3,
        "EBIT": -1,
        "Net Income": -2
    },
    "2020-12-31": {
        "Diluted EPS": -0.07,
        "Total Revenue": 8,
        "Gross Profit": 6,
        "Operating Income": -1,
        "EBIT": 0,
        "Net Income": -2
    },
    "2020-09-30": {
        "Diluted EPS": 0.03,
        "Total Revenue": 7,
        "Gross Profit": 7,
        "Operating Income": 1,
        "EBIT": 3,
        "Net Income": 1
    },
    "2020-06-30": {
        "Diluted EPS": -0.04,
        "Total Revenue": 8,
        "Gross Profit": 7,
        "Operating Income": 1,
        "EBIT": 3,
        "Net Income": -1
    },
    "2020-03-31": {
        "Diluted EPS": -0.27,
        "Total Revenue": 10,
        "Gross Profit": 6,
        "Operating Income": -1,
        "EBIT": 0,
        "Net Income": -8
    },
    "2019-12-31": {
        "Diluted EPS": -0.22,
        "Total Revenue": 8,
        "Gross Profit": 7,
        "Operating Income": -1,
        "EBIT": 0,
        "Net Income": -5
    },
    "2019-09-30": {
        "Diluted EPS": -0.17,
        "Total Revenue": 13,
        "Gross Profit": 8,
        "Operating Income": -1,
        "EBIT": 1,
        "Net Income": -5
    },
    "2019-06-30": {
        "Diluted EPS": 0.23,
        "Total Revenue": 12,
        "Gross Profit": 8,
        "Operating Income": -1,
        "EBIT": 0,
        "Net Income": 6
    },
    "2019-03-31": {
        "Diluted EPS": -0.16,
        "Total Revenue": 12,
        "Gross Profit": 8,
        "Operating Income": 0,
        "EBIT": 2,
        "Net Income": -4
    },
    "2018-12-31": {
        "Diluted EPS": -0.17,
        "Total Revenue": 12,
        "Gross Profit": 8,
        "Operating Income": 0,
        "EBIT": 1,
        "Net Income": -4
    },
    "2018-09-30": {
        "Diluted EPS": -0.24,
        "Total Revenue": 12,
        "Gross Profit": 7,
        "Operating Income": -1,
        "EBIT": 1,
        "Net Income": -5
    },
    "2018-06-30": {
        "Diluted EPS": -0.21,
        "Total Revenue": 12,
        "Gross Profit": 8,
        "Operating Income": -1,
        "EBIT": 1,
        "Net Income": -5
    },
    "2018-03-31": {
        "Diluted EPS": -0.14,
        "Total Revenue": 11,
        "Gross Profit": 7,
        "Operating Income": -1,
        "EBIT": 0,
        "Net Income": -3
    },
    "2017-09-30": {
        "Diluted EPS": -0.16,
        "Total Revenue": 10,
        "Gross Profit": 7,
        "Operating Income": 0,
        "EBIT": 1,
        "Net Income": -3
    },
    "2017-06-30": {
        "Diluted EPS": -0.22,
        "Total Revenue": 9,
        "Gross Profit": 6,
        "Operating Income": -1,
        "EBIT": 0,
        "Net Income": -4
    },
    "2017-03-31": {
        "Diluted EPS": -0.19,
        "Total Revenue": 9,
        "Gross Profit": 6,
        "Operating Income": -1,
        "EBIT": 0,
        "Net Income": -3
    },
    "2016-12-31": {
        "Diluted EPS": -0.13,
        "Total Revenue": 9,
        "Gross Profit": 9,
        "Operating Income": 9,
        "EBIT": 9,
        "Net Income": -2
    },
    "2023-06-30": {
        "Tax Effect Of Unusual Items": NaN,
        "Tax Rate For Calcs": NaN,
        "Normalized EBITDA": NaN,
        "Total Unusual Items": NaN,
        "Total Unusual Items Excluding Goodwill": NaN,
        "Net Income From Continuing Operation Net Minority Interest": NaN,
        "Reconciled Depreciation": NaN,
        "Reconciled Cost Of Revenue": NaN,
        "EBITDA": NaN,
        "EBIT": NaN,
        "Net Interest Income": NaN,
        "Interest Expense": NaN,
        "Normalized Income": NaN,
        "Net Income From Continuing And Discontinued Operation": NaN,
        "Total Expenses": NaN,
        "Total Operating Income As Reported": NaN,
        "Diluted Average Shares": 24990000.0,
        "Basic Average Shares": 24990000.0,
        "Diluted EPS": -0.4,
        "Basic EPS": -0.4,
        "Diluted NI Availto Com Stockholders": NaN,
        "Net Income Common Stockholders": NaN,
        "Net Income": NaN,
        "Net Income Including Noncontrolling Interests": NaN,
        "Net Income Continuous Operations": NaN,
        "Tax Provision": NaN,
        "Pretax Income": NaN,
        "Other Income Expense": NaN,
        "Other Non Operating Income Expenses": 224000.0,
        "Special Income Charges": NaN,
        "Write Off": 5295000.0,
        "Restructuring And Mergern Acquisition": NaN,
        "Earnings From Equity Interest": NaN,
        "Gain On Sale Of Security": NaN,
        "Net Non Operating Interest Income Expense": NaN,
        "Total Other Finance Cost": NaN,
        "Interest Expense Non Operating": NaN,
        "Operating Income": NaN,
        "Operating Expense": NaN,
        "Other Operating Expenses": NaN,
        "Depreciation Amortization Depletion Income Statement": NaN,
        "Depreciation And Amortization In Income Statement": NaN,
        "Research And Development": NaN,
        "Selling General And Administration": NaN,
        "Selling And Marketing Expense": NaN,
        "General And Administrative Expense": NaN,
        "Other Gand A": NaN,
        "Salaries And Wages": NaN,
        "Gross Profit": NaN,
        "Cost Of Revenue": NaN,
        "Total Revenue": NaN,
        "Operating Revenue": NaN
    },
    "2023-09-30": {
        "Tax Effect Of Unusual Items": NaN,
        "Tax Rate For Calcs": NaN,
        "Normalized EBITDA": NaN,
        "Total Unusual Items": NaN,
        "Total Unusual Items Excluding Goodwill": NaN,
        "Net Income From Continuing Operation Net Minority Interest": NaN,
        "Reconciled Depreciation": NaN,
        "Reconciled Cost Of Revenue": NaN,
        "EBITDA": NaN,
        "EBIT": NaN,
        "Net Interest Income": NaN,
        "Interest Expense": NaN,
        "Normalized Income": NaN,
        "Net Income From Continuing And Discontinued Operation": NaN,
        "Total Expenses": NaN,
        "Total Operating Income As Reported": NaN,
        "Diluted Average Shares": 24789000.0,
        "Basic Average Shares": 24789000.0,
        "Diluted EPS": -0.38,
        "Basic EPS": -0.38,
        "Diluted NI Availto Com Stockholders": NaN,
        "Net Income Common Stockholders": NaN,
        "Net Income": NaN,
        "Net Income Including Noncontrolling Interests": NaN,
        "Net Income Continuous Operations": NaN,
        "Tax Provision": NaN,
        "Pretax Income": NaN,
        "Other Income Expense": NaN,
        "Other Non Operating Income Expenses": -80000.0,
        "Special Income Charges": NaN,
        "Write Off": 0.0,
        "Restructuring And Mergern Acquisition": NaN,
        "Earnings From Equity Interest": NaN,
        "Gain On Sale Of Security": NaN,
        "Net Non Operating Interest Income Expense": NaN,
        "Total Other Finance Cost": NaN,
        "Interest Expense Non Operating": NaN,
        "Operating Income": NaN,
        "Operating Expense": NaN,
        "Other Operating Expenses": NaN,
        "Depreciation Amortization Depletion Income Statement": NaN,
        "Depreciation And Amortization In Income Statement": NaN,
        "Research And Development": NaN,
        "Selling General And Administration": NaN,
        "Selling And Marketing Expense": NaN,
        "General And Administrative Expense": NaN,
        "Other Gand A": NaN,
        "Salaries And Wages": NaN,
        "Gross Profit": NaN,
        "Cost Of Revenue": NaN,
        "Total Revenue": NaN,
        "Operating Revenue": NaN
    },
    "2023-12-31": {
        "Tax Effect Of Unusual Items": NaN,
        "Tax Rate For Calcs": NaN,
        "Normalized EBITDA": NaN,
        "Total Unusual Items": NaN,
        "Total Unusual Items Excluding Goodwill": NaN,
        "Net Income From Continuing Operation Net Minority Interest": NaN,
        "Reconciled Depreciation": NaN,
        "Reconciled Cost Of Revenue": NaN,
        "EBITDA": NaN,
        "EBIT": NaN,
        "Net Interest Income": NaN,
        "Interest Expense": NaN,
        "Normalized Income": NaN,
        "Net Income From Continuing And Discontinued Operation": NaN,
        "Total Expenses": NaN,
        "Total Operating Income As Reported": NaN,
        "Diluted Average Shares": NaN,
        "Basic Average Shares": NaN,
        "Diluted EPS": NaN,
        "Basic EPS": NaN,
        "Diluted NI Availto Com Stockholders": NaN,
        "Net Income Common Stockholders": NaN,
        "Net Income": NaN,
        "Net Income Including Noncontrolling Interests": NaN,
        "Net Income Continuous Operations": NaN,
        "Tax Provision": NaN,
        "Pretax Income": NaN,
        "Other Income Expense": NaN,
        "Other Non Operating Income Expenses": NaN,
        "Special Income Charges": NaN,
        "Other Special Charges": NaN,
        "Restructuring And Mergern Acquisition": NaN,
        "Earnings From Equity Interest": -5295000.0,
        "Gain On Sale Of Security": NaN,
        "Net Non Operating Interest Income Expense": NaN,
        "Total Other Finance Cost": NaN,
        "Interest Expense Non Operating": NaN,
        "Operating Income": NaN,
        "Operating Expense": NaN,
        "Other Operating Expenses": NaN,
        "Depreciation Amortization Depletion Income Statement": NaN,
        "Depreciation And Amortization In Income Statement": NaN,
        "Research And Development": NaN,
        "Selling General And Administration": NaN,
        "Selling And Marketing Expense": NaN,
        "General And Administrative Expense": NaN,
        "Other Gand A": NaN,
        "Salaries And Wages": NaN,
        "Gross Profit": NaN,
        "Cost Of Revenue": NaN,
        "Total Revenue": NaN,
        "Operating Revenue": NaN
    },
    "2024-03-31": {
        "Tax Effect Of Unusual Items": NaN,
        "Tax Rate For Calcs": NaN,
        "Normalized EBITDA": NaN,
        "Total Unusual Items": NaN,
        "Total Unusual Items Excluding Goodwill": NaN,
        "Net Income From Continuing Operation Net Minority Interest": NaN,
        "Reconciled Depreciation": NaN,
        "Reconciled Cost Of Revenue": NaN,
        "EBITDA": NaN,
        "EBIT": NaN,
        "Net Interest Income": NaN,
        "Interest Expense": NaN,
        "Normalized Income": NaN,
        "Net Income From Continuing And Discontinued Operation": NaN,
        "Total Expenses": NaN,
        "Total Operating Income As Reported": NaN,
        "Diluted Average Shares": 24426000.0,
        "Basic Average Shares": 24426000.0,
        "Diluted EPS": -0.15,
        "Basic EPS": -0.15,
        "Diluted NI Availto Com Stockholders": NaN,
        "Net Income Common Stockholders": NaN,
        "Net Income": NaN,
        "Net Income Including Noncontrolling Interests": NaN,
        "Net Income Continuous Operations": NaN,
        "Tax Provision": NaN,
        "Pretax Income": NaN,
        "Other Income Expense": NaN,
        "Other Non Operating Income Expenses": 84000.0,
        "Special Income Charges": NaN,
        "Other Special Charges": NaN,
        "Restructuring And Mergern Acquisition": NaN,
        "Earnings From Equity Interest": 0.0,
        "Gain On Sale Of Security": NaN,
        "Net Non Operating Interest Income Expense": NaN,
        "Total Other Finance Cost": NaN,
        "Interest Expense Non Operating": NaN,
        "Operating Income": NaN,
        "Operating Expense": NaN,
        "Other Operating Expenses": NaN,
        "Depreciation Amortization Depletion Income Statement": NaN,
        "Depreciation And Amortization In Income Statement": NaN,
        "Research And Development": NaN,
        "Selling General And Administration": NaN,
        "Selling And Marketing Expense": NaN,
        "General And Administrative Expense": NaN,
        "Other Gand A": NaN,
        "Salaries And Wages": NaN,
        "Gross Profit": NaN,
        "Cost Of Revenue": NaN,
        "Total Revenue": NaN,
        "Operating Revenue": NaN
    },
    "2024-06-30": {
        "Tax Effect Of Unusual Items": -61375.231054,
        "Tax Rate For Calcs": 0.007394,
        "Normalized EBITDA": -156000.0,
        "Total Unusual Items": -8301000.0,
        "Total Unusual Items Excluding Goodwill": -8301000.0,
        "Net Income From Continuing Operation Net Minority Interest": -12351000.0,
        "Reconciled Depreciation": 2084000.0,
        "Reconciled Cost Of Revenue": 5707000.0,
        "EBITDA": -8457000.0,
        "EBIT": -10541000.0,
        "Net Interest Income": -2855000.0,
        "Interest Expense": 1902000.0,
        "Normalized Income": -4111375.231054,
        "Net Income From Continuing And Discontinued Operation": -12351000.0,
        "Total Expenses": 18849000.0,
        "Total Operating Income As Reported": -1296000.0,
        "Diluted Average Shares": 24410000.0,
        "Basic Average Shares": 24410000.0,
        "Diluted EPS": -0.51,
        "Basic EPS": -0.51,
        "Diluted NI Availto Com Stockholders": -12351000.0,
        "Net Income Common Stockholders": -12351000.0,
        "Net Income": -12351000.0,
        "Net Income Including Noncontrolling Interests": -12351000.0,
        "Net Income Continuous Operations": -12351000.0,
        "Tax Provision": -92000.0,
        "Pretax Income": -12443000.0,
        "Other Income Expense": -8292000.0,
        "Other Non Operating Income Expenses": 9000.0,
        "Special Income Charges": 0.0,
        "Other Special Charges": NaN,
        "Restructuring And Mergern Acquisition": 0.0,
        "Earnings From Equity Interest": 0.0,
        "Gain On Sale Of Security": -8301000.0,
        "Net Non Operating Interest Income Expense": -2855000.0,
        "Total Other Finance Cost": 953000.0,
        "Interest Expense Non Operating": 1902000.0,
        "Operating Income": -1296000.0,
        "Operating Expense": 13142000.0,
        "Other Operating Expenses": 2682000.0,
        "Depreciation Amortization Depletion Income Statement": 2084000.0,
        "Depreciation And Amortization In Income Statement": 2084000.0,
        "Research And Development": 2953000.0,
        "Selling General And Administration": 5423000.0,
        "Selling And Marketing Expense": 1018000.0,
        "General And Administrative Expense": 4405000.0,
        "Other Gand A": 3821000.0,
        "Salaries And Wages": 584000.0,
        "Gross Profit": 11846000.0,
        "Cost Of Revenue": 5707000.0,
        "Total Revenue": 17553000.0,
        "Operating Revenue": 17553000.0
    },
    "2024-09-30": {
        "Tax Effect Of Unusual Items": -49589.84375,
        "Tax Rate For Calcs": 0.009766,
        "Normalized EBITDA": 748000.0,
        "Total Unusual Items": -5078000.0,
        "Total Unusual Items Excluding Goodwill": -5078000.0,
        "Net Income From Continuing Operation Net Minority Interest": -8112000.0,
        "Reconciled Depreciation": 1966000.0,
        "Reconciled Cost Of Revenue": 5787000.0,
        "EBITDA": -4330000.0,
        "EBIT": -6296000.0,
        "Net Interest Income": -2687000.0,
        "Interest Expense": 1896000.0,
        "Normalized Income": -3083589.84375,
        "Net Income From Continuing And Discontinued Operation": -8112000.0,
        "Total Expenses": 18083000.0,
        "Total Operating Income As Reported": -398000.0,
        "Diluted Average Shares": 24383000.0,
        "Basic Average Shares": 24383000.0,
        "Diluted EPS": -0.33,
        "Basic EPS": -0.33,
        "Diluted NI Availto Com Stockholders": -8112000.0,
        "Net Income Common Stockholders": -8112000.0,
        "Net Income": -8112000.0,
        "Net Income Including Noncontrolling Interests": -8112000.0,
        "Net Income Continuous Operations": -8112000.0,
        "Tax Provision": -80000.0,
        "Pretax Income": -8192000.0,
        "Other Income Expense": -5107000.0,
        "Other Non Operating Income Expenses": -29000.0,
        "Special Income Charges": 177000.0,
        "Other Special Charges": NaN,
        "Restructuring And Mergern Acquisition": -177000.0,
        "Earnings From Equity Interest": 0.0,
        "Gain On Sale Of Security": -5255000.0,
        "Net Non Operating Interest Income Expense": -2687000.0,
        "Total Other Finance Cost": 791000.0,
        "Interest Expense Non Operating": 1896000.0,
        "Operating Income": -398000.0,
        "Operating Expense": 12296000.0,
        "Other Operating Expenses": 2867000.0,
        "Depreciation Amortization Depletion Income Statement": 1966000.0,
        "Depreciation And Amortization In Income Statement": 1966000.0,
        "Research And Development": 2367000.0,
        "Selling General And Administration": 5096000.0,
        "Selling And Marketing Expense": 982000.0,
        "General And Administrative Expense": 4114000.0,
        "Other Gand A": 3535000.0,
        "Salaries And Wages": 579000.0,
        "Gross Profit": 11898000.0,
        "Cost Of Revenue": 5787000.0,
        "Total Revenue": 17685000.0,
        "Operating Revenue": 17685000.0
    },
    "2024-12-31": {
        "Tax Effect Of Unusual Items": 1999350.0,
        "Tax Rate For Calcs": 0.15,
        "Normalized EBITDA": 731000.0,
        "Total Unusual Items": 13329000.0,
        "Total Unusual Items Excluding Goodwill": 13329000.0,
        "Net Income From Continuing Operation Net Minority Interest": 10393000.0,
        "Reconciled Depreciation": 1993000.0,
        "Reconciled Cost Of Revenue": 6662000.0,
        "EBITDA": 14060000.0,
        "EBIT": 12067000.0,
        "Net Interest Income": -2532000.0,
        "Interest Expense": 1758000.0,
        "Normalized Income": -936650.0,
        "Net Income From Continuing And Discontinued Operation": 10393000.0,
        "Total Expenses": 18167000.0,
        "Total Operating Income As Reported": -124000.0,
        "Diluted Average Shares": NaN,
        "Basic Average Shares": NaN,
        "Diluted EPS": NaN,
        "Basic EPS": NaN,
        "Diluted NI Availto Com Stockholders": 10393000.0,
        "Net Income Common Stockholders": 10393000.0,
        "Net Income": 10393000.0,
        "Net Income Including Noncontrolling Interests": 10393000.0,
        "Net Income Continuous Operations": 10393000.0,
        "Tax Provision": -84000.0,
        "Pretax Income": 10309000.0,
        "Other Income Expense": 12965000.0,
        "Other Non Operating Income Expenses": NaN,
        "Special Income Charges": -854000.0,
        "Other Special Charges": NaN,
        "Restructuring And Mergern Acquisition": 257000.0,
        "Earnings From Equity Interest": 0.0,
        "Gain On Sale Of Security": 14183000.0,
        "Net Non Operating Interest Income Expense": -2532000.0,
        "Total Other Finance Cost": 774000.0,
        "Interest Expense Non Operating": 1758000.0,
        "Operating Income": -124000.0,
        "Operating Expense": 11505000.0,
        "Other Operating Expenses": 2523000.0,
        "Depreciation Amortization Depletion Income Statement": 1993000.0,
        "Depreciation And Amortization In Income Statement": 1993000.0,
        "Research And Development": 2698000.0,
        "Selling General And Administration": 4291000.0,
        "Selling And Marketing Expense": 838000.0,
        "General And Administrative Expense": 3453000.0,
        "Other Gand A": 3239000.0,
        "Salaries And Wages": 214000.0,
        "Gross Profit": 11381000.0,
        "Cost Of Revenue": 6662000.0,
        "Total Revenue": 18043000.0,
        "Operating Revenue": 18043000.0
    },
    "2025-03-31": {
        "Tax Effect Of Unusual Items": -78116.541353,
        "Tax Rate For Calcs": 0.008271,
        "Normalized EBITDA": 1029000.0,
        "Total Unusual Items": -9445000.0,
        "Total Unusual Items Excluding Goodwill": -9445000.0,
        "Net Income From Continuing Operation Net Minority Interest": -11871000.0,
        "Reconciled Depreciation": 1954000.0,
        "Reconciled Cost Of Revenue": 5718000.0,
        "EBITDA": -8416000.0,
        "EBIT": -10370000.0,
        "Net Interest Income": -2513000.0,
        "Interest Expense": 1600000.0,
        "Normalized Income": -2504116.541353,
        "Net Income From Continuing And Discontinued Operation": -11871000.0,
        "Total Expenses": 18709000.0,
        "Total Operating Income As Reported": -1379000.0,
        "Diluted Average Shares": 24383000.0,
        "Basic Average Shares": 24383000.0,
        "Diluted EPS": -0.49,
        "Basic EPS": -0.49,
        "Diluted NI Availto Com Stockholders": -11871000.0,
        "Net Income Common Stockholders": -11871000.0,
        "Net Income": -11871000.0,
        "Net Income Including Noncontrolling Interests": -11871000.0,
        "Net Income Continuous Operations": -11871000.0,
        "Tax Provision": -99000.0,
        "Pretax Income": -11970000.0,
        "Other Income Expense": -8078000.0,
        "Other Non Operating Income Expenses": 1367000.0,
        "Special Income Charges": -416000.0,
        "Other Special Charges": NaN,
        "Restructuring And Mergern Acquisition": 416000.0,
        "Earnings From Equity Interest": NaN,
        "Gain On Sale Of Security": -9029000.0,
        "Net Non Operating Interest Income Expense": -2513000.0,
        "Total Other Finance Cost": 913000.0,
        "Interest Expense Non Operating": 1600000.0,
        "Operating Income": -1379000.0,
        "Operating Expense": 12991000.0,
        "Other Operating Expenses": 2603000.0,
        "Depreciation Amortization Depletion Income Statement": 1954000.0,
        "Depreciation And Amortization In Income Statement": 1954000.0,
        "Research And Development": 2782000.0,
        "Selling General And Administration": 5652000.0,
        "Selling And Marketing Expense": 1147000.0,
        "General And Administrative Expense": 4505000.0,
        "Other Gand A": 4030000.0,
        "Salaries And Wages": 475000.0,
        "Gross Profit": 11612000.0,
        "Cost Of Revenue": 5718000.0,
        "Total Revenue": 17330000.0,
        "Operating Revenue": 17330000.0
    },
    "2025-06-30": {
        "Tax Effect Of Unusual Items": 2512350.0,
        "Tax Rate For Calcs": 0.15,
        "Normalized EBITDA": 273000.0,
        "Total Unusual Items": 16749000.0,
        "Total Unusual Items Excluding Goodwill": 16749000.0,
        "Net Income From Continuing Operation Net Minority Interest": 13509000.0,
        "Reconciled Depreciation": 2029000.0,
        "Reconciled Cost Of Revenue": 4746000.0,
        "EBITDA": 17022000.0,
        "EBIT": 14993000.0,
        "Net Interest Income": -2337000.0,
        "Interest Expense": 1524000.0,
        "Normalized Income": -727650.0,
        "Net Income From Continuing And Discontinued Operation": 13509000.0,
        "Total Expenses": 17536000.0,
        "Total Operating Income As Reported": -603000.0,
        "Diluted Average Shares": 24221000.0,
        "Basic Average Shares": 24221000.0,
        "Diluted EPS": 0.56,
        "Basic EPS": 0.56,
        "Diluted NI Availto Com Stockholders": 13509000.0,
        "Net Income Common Stockholders": 13509000.0,
        "Net Income": 13509000.0,
        "Net Income Including Noncontrolling Interests": 13509000.0,
        "Net Income Continuous Operations": 13509000.0,
        "Tax Provision": -40000.0,
        "Pretax Income": 13469000.0,
        "Other Income Expense": 16410000.0,
        "Other Non Operating Income Expenses": -339000.0,
        "Special Income Charges": 2878000.0,
        "Other Special Charges": -3000000.0,
        "Restructuring And Mergern Acquisition": 122000.0,
        "Earnings From Equity Interest": NaN,
        "Gain On Sale Of Security": 13871000.0,
        "Net Non Operating Interest Income Expense": -2337000.0,
        "Total Other Finance Cost": 813000.0,
        "Interest Expense Non Operating": 1524000.0,
        "Operating Income": -603000.0,
        "Operating Expense": 12790000.0,
        "Other Operating Expenses": 2835000.0,
        "Depreciation Amortization Depletion Income Statement": 2029000.0,
        "Depreciation And Amortization In Income Statement": 2029000.0,
        "Research And Development": 2777000.0,
        "Selling General And Administration": 5149000.0,
        "Selling And Marketing Expense": 1049000.0,
        "General And Administrative Expense": 4100000.0,
        "Other Gand A": 3593000.0,
        "Salaries And Wages": 507000.0,
        "Gross Profit": 12187000.0,
        "Cost Of Revenue": 4746000.0,
        "Total Revenue": 16933000.0,
        "Operating Revenue": 16933000.0
    }
}