{
    "2023-03-31": {
        "Tax Effect Of Unusual Items": 0.0,
        "Tax Rate For Calcs": 0.233305,
        "Normalized EBITDA": 560087000.0,
        "Net Income From Continuing Operation Net Minority Interest": 390289000.0,
        "Reconciled Depreciation": 24123000.0,
        "Reconciled Cost Of Revenue": 1664188000.0,
        "EBITDA": 560087000.0,
        "EBIT": 535964000.0,
        "Net Interest Income": 89372000.0,
        "Interest Expense": 10415000.0,
        "Interest Income": 99787000.0,
        "Normalized Income": 390289000.0,
        "Net Income From Continuing And Discontinued Operation": 390289000.0,
        "Total Expenses": 2382681000.0,
        "Total Operating Income As Reported": 436177000.0,
        "Diluted Average Shares": 204551138.0,
        "Basic Average Shares": 188508540.0,
        "Diluted EPS": 1.96,
        "Basic EPS": 2.08,
        "Diluted NI Availto Com Stockholders": 390289000.0,
        "Net Income Common Stockholders": 390289000.0,
        "Net Income": 390289000.0,
        "Minority Interests": 828000.0,
        "Net Income Including Noncontrolling Interests": 389461000.0,
        "Net Income Continuous Operations": 389461000.0,
        "Earnings From Equity Interest Net Of Tax": -13475000.0,
        "Tax Provision": 122613000.0,
        "Pretax Income": 525549000.0,
        "Other Income Expense": NaN,
        "Other Non Operating Income Expenses": NaN,
        "Net Non Operating Interest Income Expense": 89372000.0,
        "Interest Expense Non Operating": 10415000.0,
        "Interest Income Non Operating": 99787000.0,
        "Operating Income": 436177000.0,
        "Operating Expense": 718493000.0,
        "Other Operating Expenses": -36394000.0,
        "Research And Development": 236803000.0,
        "Selling General And Administration": 518084000.0,
        "Selling And Marketing Expense": 379786000.0,
        "General And Administrative Expense": 138298000.0,
        "Other Gand A": 138298000.0,
        "Gross Profit": 1154670000.0,
        "Cost Of Revenue": 1664188000.0,
        "Total Revenue": 2818858000.0,
        "Operating Revenue": 2818858000.0
    },
    "2022-12-31": {
        "Tax Effect Of Unusual Items": NaN,
        "Tax Rate For Calcs": NaN,
        "Normalized EBITDA": NaN,
        "Net Income From Continuing Operation Net Minority Interest": NaN,
        "Reconciled Depreciation": NaN,
        "Reconciled Cost Of Revenue": NaN,
        "EBITDA": NaN,
        "EBIT": NaN,
        "Net Interest Income": NaN,
        "Interest Expense": NaN,
        "Interest Income": NaN,
        "Normalized Income": NaN,
        "Net Income From Continuing And Discontinued Operation": NaN,
        "Total Expenses": NaN,
        "Total Operating Income As Reported": NaN,
        "Diluted Average Shares": NaN,
        "Basic Average Shares": NaN,
        "Diluted EPS": NaN,
        "Basic EPS": NaN,
        "Diluted NI Availto Com Stockholders": NaN,
        "Net Income Common Stockholders": NaN,
        "Net Income": NaN,
        "Minority Interests": NaN,
        "Net Income Including Noncontrolling Interests": NaN,
        "Net Income Continuous Operations": NaN,
        "Earnings From Equity Interest Net Of Tax": NaN,
        "Tax Provision": NaN,
        "Pretax Income": NaN,
        "Other Income Expense": 0.0,
        "Other Non Operating Income Expenses": 0.0,
        "Net Non Operating Interest Income Expense": NaN,
        "Interest Expense Non Operating": NaN,
        "Interest Income Non Operating": NaN,
        "Operating Income": NaN,
        "Operating Expense": NaN,
        "Other Operating Expenses": NaN,
        "Research And Development": NaN,
        "Selling General And Administration": NaN,
        "Selling And Marketing Expense": NaN,
        "General And Administrative Expense": NaN,
        "Other Gand A": NaN,
        "Gross Profit": NaN,
        "Cost Of Revenue": NaN,
        "Total Revenue": NaN,
        "Operating Revenue": NaN
    },
    "2022-09-30": {
        "Tax Effect Of Unusual Items": NaN,
        "Tax Rate For Calcs": NaN,
        "Normalized EBITDA": NaN,
        "Net Income From Continuing Operation Net Minority Interest": NaN,
        "Reconciled Depreciation": NaN,
        "Reconciled Cost Of Revenue": NaN,
        "EBITDA": NaN,
        "EBIT": NaN,
        "Net Interest Income": NaN,
        "Interest Expense": NaN,
        "Interest Income": NaN,
        "Normalized Income": NaN,
        "Net Income From Continuing And Discontinued Operation": NaN,
        "Total Expenses": NaN,
        "Total Operating Income As Reported": NaN,
        "Diluted Average Shares": NaN,
        "Basic Average Shares": NaN,
        "Diluted EPS": NaN,
        "Basic EPS": NaN,
        "Diluted NI Availto Com Stockholders": NaN,
        "Net Income Common Stockholders": NaN,
        "Net Income": NaN,
        "Minority Interests": NaN,
        "Net Income Including Noncontrolling Interests": NaN,
        "Net Income Continuous Operations": NaN,
        "Earnings From Equity Interest Net Of Tax": NaN,
        "Tax Provision": NaN,
        "Pretax Income": NaN,
        "Other Income Expense": 40403000.0,
        "Other Non Operating Income Expenses": 40403000.0,
        "Net Non Operating Interest Income Expense": NaN,
        "Interest Expense Non Operating": NaN,
        "Interest Income Non Operating": NaN,
        "Operating Income": NaN,
        "Operating Expense": NaN,
        "Other Operating Expenses": NaN,
        "Research And Development": NaN,
        "Selling General And Administration": NaN,
        "Selling And Marketing Expense": NaN,
        "General And Administrative Expense": NaN,
        "Other Gand A": NaN,
        "Gross Profit": NaN,
        "Cost Of Revenue": NaN,
        "Total Revenue": NaN,
        "Operating Revenue": NaN
    },
    "2022-06-30": {
        "Tax Effect Of Unusual Items": 0.0,
        "Tax Rate For Calcs": 0.30561,
        "Normalized EBITDA": 535471000.0,
        "Total Unusual Items": NaN,
        "Total Unusual Items Excluding Goodwill": NaN,
        "Net Income From Continuing Operation Net Minority Interest": 345569000.0,
        "Reconciled Depreciation": 29360000.0,
        "Reconciled Cost Of Revenue": 1797846000.0,
        "EBITDA": 535471000.0,
        "EBIT": 506111000.0,
        "Net Interest Income": 65399000.0,
        "Interest Expense": 28231000.0,
        "Interest Income": 93630000.0,
        "Normalized Income": 345569000.0,
        "Net Income From Continuing And Discontinued Operation": 345569000.0,
        "Total Expenses": 2764237000.0,
        "Total Operating Income As Reported": 346178000.0,
        "Diluted Average Shares": 217106206.0,
        "Basic Average Shares": 198388748.0,
        "Diluted EPS": 1.68,
        "Basic EPS": 1.74,
        "Diluted NI Availto Com Stockholders": 345569000.0,
        "Net Income Common Stockholders": 345569000.0,
        "Net Income": 345569000.0,
        "Minority Interests": 1221000.0,
        "Net Income Including Noncontrolling Interests": 344348000.0,
        "Net Income Continuous Operations": 344348000.0,
        "Earnings From Equity Interest Net Of Tax": 12513000.0,
        "Tax Provision": 146045000.0,
        "Pretax Income": 477880000.0,
        "Other Income Expense": 66303000.0,
        "Other Non Operating Income Expenses": 66303000.0,
        "Special Income Charges": NaN,
        "Impairment Of Capital Assets": NaN,
        "Net Non Operating Interest Income Expense": 65399000.0,
        "Interest Expense Non Operating": 28231000.0,
        "Interest Income Non Operating": 93630000.0,
        "Operating Income": 346178000.0,
        "Operating Expense": 966391000.0,
        "Other Operating Expenses": -40570000.0,
        "Research And Development": 238262000.0,
        "Selling General And Administration": 768699000.0,
        "Selling And Marketing Expense": 610953000.0,
        "General And Administrative Expense": 157746000.0,
        "Other Gand A": 157746000.0,
        "Gross Profit": 1312569000.0,
        "Cost Of Revenue": 1797846000.0,
        "Total Revenue": 3110415000.0,
        "Operating Revenue": 3110415000.0
    },
    "2022-03-31": {
        "Diluted EPS": 0.23,
        "Total Revenue": 497,
        "Gross Profit": 209,
        "Operating Income": 56,
        "EBIT": 60,
        "Net Income": 46
    },
    "2021-12-31": {
        "Diluted EPS": -3.21,
        "Total Revenue": 605,
        "Gross Profit": 245,
        "Operating Income": -626,
        "EBIT": -620,
        "Net Income": -662
    },
    "2021-09-30": {
        "Diluted EPS": 0.3,
        "Total Revenue": 583,
        "Gross Profit": 245,
        "Operating Income": 71,
        "EBIT": 83,
        "Net Income": 63
    },
    "2021-06-30": {
        "Diluted EPS": 0.34,
        "Total Revenue": 569,
        "Gross Profit": 248,
        "Operating Income": 106,
        "EBIT": 118,
        "Net Income": 72
    },
    "2021-03-31": {
        "Diluted EPS": 0.31,
        "Total Revenue": 530,
        "Gross Profit": 234,
        "Operating Income": 73,
        "EBIT": 85,
        "Net Income": 70
    },
    "2020-12-31": {
        "Diluted EPS": 0.54,
        "Total Revenue": 693,
        "Gross Profit": 321,
        "Operating Income": 111,
        "EBIT": 127,
        "Net Income": 114
    },
    "2020-09-30": {
        "Diluted EPS": 0.3,
        "Total Revenue": 555,
        "Gross Profit": 257,
        "Operating Income": 78,
        "EBIT": 92,
        "Net Income": 67
    },
    "2020-06-30": {
        "Diluted EPS": 0.3,
        "Total Revenue": 548,
        "Gross Profit": 259,
        "Operating Income": 115,
        "EBIT": 128,
        "Net Income": 65
    },
    "2020-03-31": {
        "Diluted EPS": 0.34,
        "Total Revenue": 508,
        "Gross Profit": 243,
        "Operating Income": 84,
        "EBIT": 97,
        "Net Income": 76
    },
    "2019-12-31": {
        "Diluted EPS": 0.7,
        "Total Revenue": 662,
        "Gross Profit": 330,
        "Operating Income": 179,
        "EBIT": 193,
        "Net Income": 152
    },
    "2019-09-30": {
        "Diluted EPS": 0.56,
        "Total Revenue": 623,
        "Gross Profit": 315,
        "Operating Income": 139,
        "EBIT": 151,
        "Net Income": 125
    },
    "2019-06-30": {
        "Diluted EPS": 0.48,
        "Total Revenue": 605,
        "Gross Profit": 304,
        "Operating Income": 135,
        "EBIT": 148,
        "Net Income": 107
    },
    "2019-03-31": {
        "Diluted EPS": 0.2,
        "Total Revenue": 555,
        "Gross Profit": 276,
        "Operating Income": 57,
        "EBIT": 70,
        "Net Income": 43
    },
    "2018-12-31": {
        "Diluted EPS": 0.34,
        "Total Revenue": 485,
        "Gross Profit": 218,
        "Operating Income": 92,
        "EBIT": 103,
        "Net Income": 77
    },
    "2018-09-30": {
        "Diluted EPS": 0.4,
        "Total Revenue": 536,
        "Gross Profit": 237,
        "Operating Income": 95,
        "EBIT": 106,
        "Net Income": 85
    },
    "2018-06-30": {
        "Diluted EPS": 0.56,
        "Total Revenue": 494,
        "Gross Profit": 225,
        "Operating Income": 141,
        "EBIT": 148,
        "Net Income": 118
    },
    "2018-03-31": {
        "Diluted EPS": 0.62,
        "Total Revenue": 435,
        "Gross Profit": 226,
        "Operating Income": 148,
        "EBIT": 153,
        "Net Income": 130
    },
    "2017-12-31": {
        "Diluted EPS": 0.46,
        "Total Revenue": 386,
        "Gross Profit": 186,
        "Operating Income": 107,
        "EBIT": 111,
        "Net Income": 98
    },
    "2017-09-30": {
        "Diluted EPS": 0.38,
        "Total Revenue": 354,
        "Gross Profit": 176,
        "Operating Income": 89,
        "EBIT": 92,
        "Net Income": 79
    },
    "2017-06-30": {
        "Diluted EPS": 0.3,
        "Total Revenue": 312,
        "Gross Profit": 162,
        "Operating Income": 74,
        "EBIT": 76,
        "Net Income": 61
    },
    "2017-03-31": {
        "Diluted EPS": 0.4,
        "Total Revenue": 265,
        "Gross Profit": 145,
        "Operating Income": 91,
        "EBIT": 93,
        "Net Income": 81
    },
    "2016-12-31": {
        "Diluted EPS": 0.4,
        "Total Revenue": 246,
        "Gross Profit": 136,
        "Operating Income": 88,
        "EBIT": 91,
        "Net Income": 84
    },
    "2016-09-30": {
        "Diluted EPS": 0.2,
        "Total Revenue": 157,
        "Gross Profit": 88,
        "Operating Income": 37,
        "EBIT": 39,
        "Net Income": 39
    },
    "2016-06-30": {
        "Diluted EPS": 0.08,
        "Total Revenue": 99,
        "Gross Profit": 57,
        "Operating Income": 14,
        "EBIT": 16,
        "Net Income": 15
    },
    "2016-03-31": {
        "Diluted EPS": 0.04,
        "Total Revenue": 51,
        "Gross Profit": 31,
        "Operating Income": 5,
        "EBIT": 7,
        "Net Income": 7
    },
    "2015-12-31": {
        "Diluted EPS": 0.02,
        "Total Revenue": 39,
        "Gross Profit": 30,
        "Operating Income": 3,
        "EBIT": 6,
        "Net Income": 6
    },
    "2015-09-30": {
        "Diluted EPS": 0.0,
        "Total Revenue": 37,
        "Gross Profit": 29,
        "Operating Income": -2,
        "EBIT": -1,
        "Net Income": -1
    },
    "2015-06-30": {
        "Diluted EPS": 0.0,
        "Total Revenue": 31,
        "Gross Profit": 24,
        "Operating Income": 0,
        "EBIT": 1,
        "Net Income": 2
    },
    "2015-03-31": {
        "Diluted EPS": 0.04,
        "Total Revenue": 26,
        "Gross Profit": 21,
        "Operating Income": 5,
        "EBIT": 6,
        "Net Income": 7
    },
    "2014-12-31": {
        "Diluted EPS": -0.2,
        "Total Revenue": 19,
        "Gross Profit": 13,
        "Operating Income": -3,
        "EBIT": -2,
        "Net Income": -3
    },
    "2014-09-30": {
        "Diluted EPS": -0.74,
        "Total Revenue": 12,
        "Gross Profit": 8,
        "Operating Income": -15,
        "EBIT": -14,
        "Net Income": -24
    },
    "2014-06-30": {
        "Diluted EPS": -1.16,
        "Total Revenue": 8,
        "Gross Profit": 5,
        "Operating Income": -7,
        "EBIT": -6,
        "Net Income": -45
    },
    "2014-03-31": {
        "Diluted EPS": -0.08,
        "Total Revenue": 5,
        "Gross Profit": 3,
        "Operating Income": -1,
        "EBIT": -1,
        "Net Income": -4
    },
    "2013-12-31": {
        "Diluted EPS": 0.0,
        "Total Revenue": NaN,
        "Gross Profit": NaN,
        "Operating Income": NaN,
        "EBIT": NaN,
        "Net Income": NaN
    },
    "2012-12-31": {
        "Diluted EPS": 0.0,
        "Total Revenue": NaN,
        "Gross Profit": NaN,
        "Operating Income": NaN,
        "EBIT": NaN,
        "Net Income": NaN
    },
    "2023-06-30": {
        "Tax Effect Of Unusual Items": NaN,
        "Tax Rate For Calcs": NaN,
        "Normalized EBITDA": NaN,
        "Net Income From Continuing Operation Net Minority Interest": NaN,
        "Reconciled Depreciation": NaN,
        "Reconciled Cost Of Revenue": NaN,
        "EBITDA": NaN,
        "EBIT": NaN,
        "Net Interest Income": NaN,
        "Interest Expense": NaN,
        "Interest Income": NaN,
        "Normalized Income": NaN,
        "Net Income From Continuing And Discontinued Operation": NaN,
        "Total Expenses": NaN,
        "Total Operating Income As Reported": NaN,
        "Diluted Average Shares": NaN,
        "Basic Average Shares": NaN,
        "Diluted EPS": NaN,
        "Basic EPS": NaN,
        "Diluted NI Availto Com Stockholders": NaN,
        "Net Income Common Stockholders": NaN,
        "Net Income": NaN,
        "Minority Interests": NaN,
        "Net Income Including Noncontrolling Interests": NaN,
        "Net Income Continuous Operations": NaN,
        "Earnings From Equity Interest Net Of Tax": NaN,
        "Tax Provision": NaN,
        "Pretax Income": NaN,
        "Other Income Expense": 4565000.0,
        "Other Non Operating Income Expenses": 4565000.0,
        "Net Non Operating Interest Income Expense": NaN,
        "Interest Expense Non Operating": NaN,
        "Interest Income Non Operating": NaN,
        "Operating Income": NaN,
        "Operating Expense": NaN,
        "Other Operating Expenses": NaN,
        "Research And Development": NaN,
        "Selling General And Administration": NaN,
        "Selling And Marketing Expense": NaN,
        "General And Administrative Expense": NaN,
        "Other Gand A": NaN,
        "Gross Profit": NaN,
        "Cost Of Revenue": NaN,
        "Total Revenue": NaN,
        "Operating Revenue": NaN
    },
    "2023-09-30": {
        "Tax Effect Of Unusual Items": NaN,
        "Tax Rate For Calcs": NaN,
        "Normalized EBITDA": NaN,
        "Net Income From Continuing Operation Net Minority Interest": NaN,
        "Reconciled Depreciation": NaN,
        "Reconciled Cost Of Revenue": NaN,
        "EBITDA": NaN,
        "EBIT": NaN,
        "Net Interest Income": NaN,
        "Interest Expense": NaN,
        "Interest Income": NaN,
        "Normalized Income": NaN,
        "Net Income From Continuing And Discontinued Operation": NaN,
        "Total Expenses": NaN,
        "Total Operating Income As Reported": NaN,
        "Diluted Average Shares": 199148345.0,
        "Basic Average Shares": NaN,
        "Diluted EPS": 2.74,
        "Basic EPS": NaN,
        "Diluted NI Availto Com Stockholders": NaN,
        "Net Income Common Stockholders": NaN,
        "Net Income": NaN,
        "Minority Interests": NaN,
        "Net Income Including Noncontrolling Interests": NaN,
        "Net Income Continuous Operations": NaN,
        "Earnings From Equity Interest Net Of Tax": NaN,
        "Tax Provision": NaN,
        "Pretax Income": NaN,
        "Other Income Expense": NaN,
        "Other Non Operating Income Expenses": NaN,
        "Net Non Operating Interest Income Expense": NaN,
        "Interest Expense Non Operating": NaN,
        "Interest Income Non Operating": NaN,
        "Operating Income": NaN,
        "Operating Expense": NaN,
        "Other Operating Expenses": NaN,
        "Research And Development": NaN,
        "Selling General And Administration": NaN,
        "Selling And Marketing Expense": NaN,
        "General And Administrative Expense": NaN,
        "Other Gand A": NaN,
        "Gross Profit": NaN,
        "Cost Of Revenue": NaN,
        "Total Revenue": NaN,
        "Operating Revenue": NaN
    },
    "2023-12-31": {
        "Tax Effect Of Unusual Items": NaN,
        "Tax Rate For Calcs": NaN,
        "Normalized EBITDA": NaN,
        "Net Income From Continuing Operation Net Minority Interest": NaN,
        "Reconciled Depreciation": NaN,
        "Reconciled Cost Of Revenue": NaN,
        "EBITDA": NaN,
        "EBIT": NaN,
        "Net Interest Income": NaN,
        "Interest Expense": NaN,
        "Interest Income": NaN,
        "Normalized Income": NaN,
        "Net Income From Continuing And Discontinued Operation": NaN,
        "Total Expenses": NaN,
        "Total Operating Income As Reported": NaN,
        "Diluted Average Shares": NaN,
        "Basic Average Shares": NaN,
        "Diluted EPS": NaN,
        "Basic EPS": NaN,
        "Diluted NI Availto Com Stockholders": NaN,
        "Net Income Common Stockholders": NaN,
        "Net Income": NaN,
        "Minority Interests": NaN,
        "Net Income Including Noncontrolling Interests": NaN,
        "Net Income Continuous Operations": NaN,
        "Earnings From Equity Interest Net Of Tax": NaN,
        "Tax Provision": NaN,
        "Pretax Income": NaN,
        "Other Income Expense": -31250000.0,
        "Other Non Operating Income Expenses": -31250000.0,
        "Net Non Operating Interest Income Expense": NaN,
        "Interest Expense Non Operating": NaN,
        "Interest Income Non Operating": NaN,
        "Operating Income": NaN,
        "Operating Expense": NaN,
        "Other Operating Expenses": NaN,
        "Research And Development": NaN,
        "Selling General And Administration": NaN,
        "Selling And Marketing Expense": NaN,
        "General And Administrative Expense": NaN,
        "Other Gand A": NaN,
        "Gross Profit": NaN,
        "Cost Of Revenue": NaN,
        "Total Revenue": NaN,
        "Operating Revenue": NaN
    },
    "2024-03-31": {
        "Tax Effect Of Unusual Items": NaN,
        "Tax Rate For Calcs": NaN,
        "Normalized EBITDA": NaN,
        "Net Income From Continuing Operation Net Minority Interest": NaN,
        "Reconciled Depreciation": NaN,
        "Reconciled Cost Of Revenue": NaN,
        "EBITDA": NaN,
        "EBIT": NaN,
        "Net Interest Income": NaN,
        "Interest Expense": NaN,
        "Interest Income": NaN,
        "Normalized Income": NaN,
        "Net Income From Continuing And Discontinued Operation": NaN,
        "Total Expenses": NaN,
        "Total Operating Income As Reported": NaN,
        "Diluted Average Shares": NaN,
        "Basic Average Shares": NaN,
        "Diluted EPS": NaN,
        "Basic EPS": NaN,
        "Diluted NI Availto Com Stockholders": NaN,
        "Net Income Common Stockholders": NaN,
        "Net Income": NaN,
        "Minority Interests": NaN,
        "Net Income Including Noncontrolling Interests": NaN,
        "Net Income Continuous Operations": NaN,
        "Earnings From Equity Interest Net Of Tax": NaN,
        "Tax Provision": NaN,
        "Pretax Income": NaN,
        "Other Income Expense": -9245000.0,
        "Other Non Operating Income Expenses": -9245000.0,
        "Net Non Operating Interest Income Expense": NaN,
        "Interest Expense Non Operating": NaN,
        "Interest Income Non Operating": NaN,
        "Operating Income": NaN,
        "Operating Expense": NaN,
        "Other Operating Expenses": NaN,
        "Research And Development": NaN,
        "Selling General And Administration": NaN,
        "Selling And Marketing Expense": NaN,
        "General And Administrative Expense": NaN,
        "Other Gand A": NaN,
        "Gross Profit": NaN,
        "Cost Of Revenue": NaN,
        "Total Revenue": NaN,
        "Operating Revenue": NaN
    },
    "2024-06-30": {
        "Tax Effect Of Unusual Items": NaN,
        "Tax Rate For Calcs": NaN,
        "Normalized EBITDA": NaN,
        "Net Income From Continuing Operation Net Minority Interest": NaN,
        "Reconciled Depreciation": NaN,
        "Reconciled Cost Of Revenue": NaN,
        "EBITDA": NaN,
        "EBIT": NaN,
        "Net Interest Income": NaN,
        "Interest Expense": NaN,
        "Interest Income": NaN,
        "Normalized Income": NaN,
        "Net Income From Continuing And Discontinued Operation": NaN,
        "Total Expenses": NaN,
        "Total Operating Income As Reported": NaN,
        "Diluted Average Shares": NaN,
        "Basic Average Shares": NaN,
        "Diluted EPS": NaN,
        "Basic EPS": NaN,
        "Diluted NI Availto Com Stockholders": NaN,
        "Net Income Common Stockholders": NaN,
        "Net Income": NaN,
        "Minority Interests": NaN,
        "Net Income Including Noncontrolling Interests": NaN,
        "Net Income Continuous Operations": NaN,
        "Earnings From Equity Interest Net Of Tax": NaN,
        "Tax Provision": NaN,
        "Pretax Income": NaN,
        "Other Income Expense": -34625000.0,
        "Other Non Operating Income Expenses": -34625000.0,
        "Net Non Operating Interest Income Expense": NaN,
        "Interest Expense Non Operating": NaN,
        "Interest Income Non Operating": NaN,
        "Operating Income": NaN,
        "Operating Expense": NaN,
        "Other Operating Expenses": NaN,
        "Research And Development": NaN,
        "Selling General And Administration": NaN,
        "Selling And Marketing Expense": NaN,
        "General And Administrative Expense": NaN,
        "Other Gand A": NaN,
        "Gross Profit": NaN,
        "Cost Of Revenue": NaN,
        "Total Revenue": NaN,
        "Operating Revenue": NaN
    },
    "2024-09-30": {
        "Tax Effect Of Unusual Items": 0.0,
        "Tax Rate For Calcs": 0.186569,
        "Normalized EBITDA": 560023000.0,
        "Net Income From Continuing Operation Net Minority Interest": 449369000.0,
        "Reconciled Depreciation": 14423000.0,
        "Reconciled Cost Of Revenue": 1623723000.0,
        "EBITDA": 560023000.0,
        "EBIT": 545600000.0,
        "Net Interest Income": 100066000.0,
        "Interest Expense": 34809000.0,
        "Interest Income": 134875000.0,
        "Normalized Income": 449369000.0,
        "Net Income From Continuing And Discontinued Operation": 449369000.0,
        "Total Expenses": 2263939000.0,
        "Total Operating Income As Reported": 410725000.0,
        "Diluted Average Shares": 182971202.0,
        "Basic Average Shares": 173971926.0,
        "Diluted EPS": 2.46,
        "Basic EPS": 2.58,
        "Diluted NI Availto Com Stockholders": 449369000.0,
        "Net Income Common Stockholders": 449369000.0,
        "Net Income": 449369000.0,
        "Minority Interests": 0.0,
        "Net Income Including Noncontrolling Interests": 449369000.0,
        "Net Income Continuous Operations": 449369000.0,
        "Earnings From Equity Interest Net Of Tax": 33876000.0,
        "Tax Provision": 95298000.0,
        "Pretax Income": 510791000.0,
        "Other Income Expense": NaN,
        "Other Non Operating Income Expenses": NaN,
        "Net Non Operating Interest Income Expense": 100066000.0,
        "Interest Expense Non Operating": 34809000.0,
        "Interest Income Non Operating": 134875000.0,
        "Operating Income": 410725000.0,
        "Operating Expense": 640216000.0,
        "Other Operating Expenses": -22221000.0,
        "Research And Development": 196382000.0,
        "Selling General And Administration": 466055000.0,
        "Selling And Marketing Expense": 354881000.0,
        "General And Administrative Expense": 111174000.0,
        "Other Gand A": 111174000.0,
        "Gross Profit": 1050941000.0,
        "Cost Of Revenue": 1623723000.0,
        "Total Revenue": 2674664000.0,
        "Operating Revenue": 2674664000.0
    },
    "2024-12-31": {
        "Tax Effect Of Unusual Items": 0.0,
        "Tax Rate For Calcs": 0.322807,
        "Normalized EBITDA": 328009000.0,
        "Net Income From Continuing Operation Net Minority Interest": 187235000.0,
        "Reconciled Depreciation": 13917000.0,
        "Reconciled Cost Of Revenue": 1724821000.0,
        "EBITDA": 328009000.0,
        "EBIT": 314092000.0,
        "Net Interest Income": 87199000.0,
        "Interest Expense": 36846000.0,
        "Interest Income": 124045000.0,
        "Normalized Income": 187235000.0,
        "Net Income From Continuing And Discontinued Operation": 187235000.0,
        "Total Expenses": 2399810000.0,
        "Total Operating Income As Reported": 236686000.0,
        "Diluted Average Shares": 177662960.0,
        "Basic Average Shares": 174700592.0,
        "Diluted EPS": 1.06,
        "Basic EPS": 1.08,
        "Diluted NI Availto Com Stockholders": 187235000.0,
        "Net Income Common Stockholders": 187235000.0,
        "Net Income": 187235000.0,
        "Minority Interests": 0.0,
        "Net Income Including Noncontrolling Interests": 187235000.0,
        "Net Income Continuous Operations": 187235000.0,
        "Earnings From Equity Interest Net Of Tax": -514000.0,
        "Tax Provision": 89497000.0,
        "Pretax Income": 277246000.0,
        "Other Income Expense": -46639000.0,
        "Other Non Operating Income Expenses": -46639000.0,
        "Net Non Operating Interest Income Expense": 87199000.0,
        "Interest Expense Non Operating": 36846000.0,
        "Interest Income Non Operating": 124045000.0,
        "Operating Income": 236686000.0,
        "Operating Expense": 674989000.0,
        "Other Operating Expenses": -8015000.0,
        "Research And Development": 222684000.0,
        "Selling General And Administration": 460320000.0,
        "Selling And Marketing Expense": 316699000.0,
        "General And Administrative Expense": 143621000.0,
        "Other Gand A": 143621000.0,
        "Gross Profit": 911675000.0,
        "Cost Of Revenue": 1724821000.0,
        "Total Revenue": 2636496000.0,
        "Operating Revenue": 2636496000.0
    },
    "2025-03-31": {
        "Tax Effect Of Unusual Items": 0.0,
        "Tax Rate For Calcs": 0.180916,
        "Normalized EBITDA": 438405000.0,
        "Net Income From Continuing Operation Net Minority Interest": 357994000.0,
        "Reconciled Depreciation": 18582000.0,
        "Reconciled Cost Of Revenue": 1569074000.0,
        "EBITDA": 438405000.0,
        "EBIT": 419823000.0,
        "Net Interest Income": 89679000.0,
        "Interest Expense": 30659000.0,
        "Interest Income": 120338000.0,
        "Normalized Income": 357994000.0,
        "Net Income From Continuing And Discontinued Operation": 357994000.0,
        "Total Expenses": 2221350000.0,
        "Total Operating Income As Reported": 299485000.0,
        "Diluted Average Shares": 172952637.0,
        "Basic Average Shares": 169702674.0,
        "Diluted EPS": 2.08,
        "Basic EPS": 2.1,
        "Diluted NI Availto Com Stockholders": 357994000.0,
        "Net Income Common Stockholders": 357994000.0,
        "Net Income": 357994000.0,
        "Minority Interests": -495000.0,
        "Net Income Including Noncontrolling Interests": 358489000.0,
        "Net Income Continuous Operations": 358489000.0,
        "Earnings From Equity Interest Net Of Tax": 39731000.0,
        "Tax Provision": 70406000.0,
        "Pretax Income": 389164000.0,
        "Other Income Expense": NaN,
        "Other Non Operating Income Expenses": NaN,
        "Net Non Operating Interest Income Expense": 89679000.0,
        "Interest Expense Non Operating": 30659000.0,
        "Interest Income Non Operating": 120338000.0,
        "Operating Income": 299485000.0,
        "Operating Expense": 652276000.0,
        "Other Operating Expenses": -13182000.0,
        "Research And Development": 195769000.0,
        "Selling General And Administration": 469689000.0,
        "Selling And Marketing Expense": 329178000.0,
        "General And Administrative Expense": 140511000.0,
        "Other Gand A": 140511000.0,
        "Gross Profit": 951761000.0,
        "Cost Of Revenue": 1569074000.0,
        "Total Revenue": 2520835000.0,
        "Operating Revenue": 2520835000.0
    },
    "2025-06-30": {
        "Tax Effect Of Unusual Items": 0.0,
        "Tax Rate For Calcs": 0.25,
        "Normalized EBITDA": 527853000.0,
        "Net Income From Continuing Operation Net Minority Interest": -140204000.0,
        "Reconciled Depreciation": 18884000.0,
        "Reconciled Cost Of Revenue": 1607712000.0,
        "EBITDA": 527853000.0,
        "EBIT": 508969000.0,
        "Net Interest Income": 82096000.0,
        "Interest Expense": 23417000.0,
        "Interest Income": 105513000.0,
        "Normalized Income": -140204000.0,
        "Net Income From Continuing And Discontinued Operation": -140204000.0,
        "Total Expenses": 2216872000.0,
        "Total Operating Income As Reported": 403496000.0,
        "Diluted Average Shares": 166493207.0,
        "Basic Average Shares": 166493207.0,
        "Diluted EPS": -0.84,
        "Basic EPS": -0.84,
        "Diluted NI Availto Com Stockholders": -140204000.0,
        "Net Income Common Stockholders": -140204000.0,
        "Net Income": -140204000.0,
        "Minority Interests": -793000.0,
        "Net Income Including Noncontrolling Interests": -139411000.0,
        "Net Income Continuous Operations": -139411000.0,
        "Earnings From Equity Interest Net Of Tax": 13427000.0,
        "Tax Provision": 638390000.0,
        "Pretax Income": 485552000.0,
        "Other Income Expense": -40000.0,
        "Other Non Operating Income Expenses": -40000.0,
        "Net Non Operating Interest Income Expense": 82096000.0,
        "Interest Expense Non Operating": 23417000.0,
        "Interest Income Non Operating": 105513000.0,
        "Operating Income": 403496000.0,
        "Operating Expense": 609160000.0,
        "Other Operating Expenses": -10865000.0,
        "Research And Development": 183859000.0,
        "Selling General And Administration": 436166000.0,
        "Selling And Marketing Expense": 347327000.0,
        "General And Administrative Expense": 88839000.0,
        "Other Gand A": 88839000.0,
        "Gross Profit": 1012656000.0,
        "Cost Of Revenue": 1607712000.0,
        "Total Revenue": 2620368000.0,
        "Operating Revenue": 2620368000.0
    },
    "2025-09-30": {
        "Tax Effect Of Unusual Items": 0.0,
        "Tax Rate For Calcs": 0.155693,
        "Normalized EBITDA": 456588000.0,
        "Net Income From Continuing Operation Net Minority Interest": 348888000.0,
        "Reconciled Depreciation": 19933000.0,
        "Reconciled Cost Of Revenue": 1658331000.0,
        "EBITDA": 456588000.0,
        "EBIT": 436655000.0,
        "Net Interest Income": 71976000.0,
        "Interest Expense": 18333000.0,
        "Interest Income": 90309000.0,
        "Normalized Income": 348888000.0,
        "Net Income From Continuing And Discontinued Operation": 348888000.0,
        "Total Expenses": 2305598000.0,
        "Total Operating Income As Reported": 344526000.0,
        "Diluted Average Shares": 169710192.0,
        "Basic Average Shares": 166240232.0,
        "Diluted EPS": 2.06,
        "Basic EPS": 2.1,
        "Diluted NI Availto Com Stockholders": 348888000.0,
        "Net Income Common Stockholders": 348888000.0,
        "Net Income": 348888000.0,
        "Minority Interests": -725000.0,
        "Net Income Including Noncontrolling Interests": 349613000.0,
        "Net Income Continuous Operations": 349613000.0,
        "Earnings From Equity Interest Net Of Tax": -3579000.0,
        "Tax Provision": 65130000.0,
        "Pretax Income": 418322000.0,
        "Other Income Expense": 1820000.0,
        "Other Non Operating Income Expenses": 1820000.0,
        "Net Non Operating Interest Income Expense": 71976000.0,
        "Interest Expense Non Operating": 18333000.0,
        "Interest Income Non Operating": 90309000.0,
        "Operating Income": 344526000.0,
        "Operating Expense": 647267000.0,
        "Other Operating Expenses": -3842000.0,
        "Research And Development": 183263000.0,
        "Selling General And Administration": 467846000.0,
        "Selling And Marketing Expense": 343854000.0,
        "General And Administrative Expense": 123992000.0,
        "Other Gand A": 123992000.0,
        "Gross Profit": 991793000.0,
        "Cost Of Revenue": 1658331000.0,
        "Total Revenue": 2650124000.0,
        "Operating Revenue": 2650124000.0
    }
}