{
    "2023-06-30": {
        "Tax Effect Of Unusual Items": NaN,
        "Tax Rate For Calcs": NaN,
        "Normalized EBITDA": NaN,
        "Total Unusual Items": NaN,
        "Total Unusual Items Excluding Goodwill": NaN,
        "Net Income From Continuing Operation Net Minority Interest": NaN,
        "Reconciled Depreciation": NaN,
        "Reconciled Cost Of Revenue": NaN,
        "EBITDA": NaN,
        "EBIT": NaN,
        "Net Interest Income": NaN,
        "Interest Expense": NaN,
        "Interest Income": NaN,
        "Normalized Income": NaN,
        "Net Income From Continuing And Discontinued Operation": NaN,
        "Total Expenses": NaN,
        "Total Operating Income As Reported": NaN,
        "Diluted Average Shares": NaN,
        "Basic Average Shares": NaN,
        "Diluted EPS": NaN,
        "Basic EPS": NaN,
        "Diluted NI Availto Com Stockholders": NaN,
        "Net Income Common Stockholders": NaN,
        "Net Income": NaN,
        "Net Income Including Noncontrolling Interests": NaN,
        "Net Income Continuous Operations": NaN,
        "Earnings From Equity Interest Net Of Tax": NaN,
        "Tax Provision": NaN,
        "Pretax Income": NaN,
        "Other Income Expense": NaN,
        "Other Non Operating Income Expenses": NaN,
        "Special Income Charges": NaN,
        "Gain On Sale Of Business": NaN,
        "Earnings From Equity Interest": NaN,
        "Gain On Sale Of Security": NaN,
        "Net Non Operating Interest Income Expense": NaN,
        "Interest Expense Non Operating": NaN,
        "Interest Income Non Operating": NaN,
        "Operating Income": NaN,
        "Operating Expense": NaN,
        "Depreciation Amortization Depletion Income Statement": NaN,
        "Depreciation And Amortization In Income Statement": NaN,
        "Selling General And Administration": NaN,
        "Selling And Marketing Expense": NaN,
        "General And Administrative Expense": NaN,
        "Other Gand A": NaN,
        "Salaries And Wages": 7600000.0,
        "Gross Profit": NaN,
        "Cost Of Revenue": NaN,
        "Total Revenue": NaN,
        "Operating Revenue": NaN
    },
    "2023-03-31": {
        "Tax Effect Of Unusual Items": NaN,
        "Tax Rate For Calcs": NaN,
        "Normalized EBITDA": NaN,
        "Total Unusual Items": NaN,
        "Total Unusual Items Excluding Goodwill": NaN,
        "Net Income From Continuing Operation Net Minority Interest": NaN,
        "Reconciled Depreciation": NaN,
        "Reconciled Cost Of Revenue": NaN,
        "EBITDA": NaN,
        "EBIT": NaN,
        "Net Interest Income": NaN,
        "Interest Expense": NaN,
        "Interest Income": NaN,
        "Normalized Income": NaN,
        "Net Income From Continuing And Discontinued Operation": NaN,
        "Total Expenses": NaN,
        "Total Operating Income As Reported": NaN,
        "Diluted Average Shares": NaN,
        "Basic Average Shares": NaN,
        "Diluted EPS": NaN,
        "Basic EPS": NaN,
        "Diluted NI Availto Com Stockholders": NaN,
        "Net Income Common Stockholders": NaN,
        "Net Income": NaN,
        "Net Income Including Noncontrolling Interests": NaN,
        "Net Income Continuous Operations": NaN,
        "Earnings From Equity Interest Net Of Tax": NaN,
        "Tax Provision": NaN,
        "Pretax Income": NaN,
        "Other Income Expense": NaN,
        "Other Non Operating Income Expenses": NaN,
        "Special Income Charges": NaN,
        "Gain On Sale Of Business": NaN,
        "Earnings From Equity Interest": NaN,
        "Gain On Sale Of Security": NaN,
        "Net Non Operating Interest Income Expense": NaN,
        "Interest Expense Non Operating": NaN,
        "Interest Income Non Operating": NaN,
        "Operating Income": NaN,
        "Operating Expense": NaN,
        "Depreciation Amortization Depletion Income Statement": NaN,
        "Depreciation And Amortization In Income Statement": NaN,
        "Selling General And Administration": NaN,
        "Selling And Marketing Expense": NaN,
        "General And Administrative Expense": NaN,
        "Other Gand A": NaN,
        "Salaries And Wages": 7200000.0,
        "Gross Profit": NaN,
        "Cost Of Revenue": NaN,
        "Total Revenue": NaN,
        "Operating Revenue": NaN
    },
    "2022-12-31": {
        "Tax Effect Of Unusual Items": NaN,
        "Tax Rate For Calcs": NaN,
        "Normalized EBITDA": NaN,
        "Total Unusual Items": NaN,
        "Total Unusual Items Excluding Goodwill": NaN,
        "Net Income From Continuing Operation Net Minority Interest": NaN,
        "Reconciled Depreciation": NaN,
        "Reconciled Cost Of Revenue": NaN,
        "EBITDA": NaN,
        "EBIT": NaN,
        "Net Interest Income": NaN,
        "Interest Expense": NaN,
        "Interest Income": NaN,
        "Normalized Income": NaN,
        "Net Income From Continuing And Discontinued Operation": NaN,
        "Total Expenses": NaN,
        "Total Operating Income As Reported": NaN,
        "Diluted Average Shares": NaN,
        "Basic Average Shares": NaN,
        "Diluted EPS": NaN,
        "Basic EPS": NaN,
        "Diluted NI Availto Com Stockholders": NaN,
        "Net Income Common Stockholders": NaN,
        "Net Income": NaN,
        "Net Income Including Noncontrolling Interests": NaN,
        "Net Income Continuous Operations": NaN,
        "Earnings From Equity Interest Net Of Tax": NaN,
        "Tax Provision": NaN,
        "Pretax Income": NaN,
        "Other Income Expense": NaN,
        "Other Non Operating Income Expenses": NaN,
        "Earnings From Equity Interest": NaN,
        "Gain On Sale Of Security": NaN,
        "Net Non Operating Interest Income Expense": NaN,
        "Interest Expense Non Operating": NaN,
        "Interest Income Non Operating": NaN,
        "Operating Income": NaN,
        "Operating Expense": NaN,
        "Depreciation Amortization Depletion Income Statement": NaN,
        "Depreciation And Amortization In Income Statement": NaN,
        "Selling General And Administration": NaN,
        "Selling And Marketing Expense": NaN,
        "General And Administrative Expense": NaN,
        "Other Gand A": NaN,
        "Salaries And Wages": 19500000.0,
        "Gross Profit": NaN,
        "Cost Of Revenue": NaN,
        "Total Revenue": NaN,
        "Operating Revenue": NaN
    },
    "2022-09-30": {
        "Tax Effect Of Unusual Items": NaN,
        "Tax Rate For Calcs": NaN,
        "Normalized EBITDA": NaN,
        "Total Unusual Items": NaN,
        "Total Unusual Items Excluding Goodwill": NaN,
        "Net Income From Continuing Operation Net Minority Interest": NaN,
        "Reconciled Depreciation": NaN,
        "Reconciled Cost Of Revenue": NaN,
        "EBITDA": NaN,
        "EBIT": NaN,
        "Net Interest Income": NaN,
        "Interest Expense": NaN,
        "Interest Income": NaN,
        "Normalized Income": NaN,
        "Net Income From Continuing And Discontinued Operation": NaN,
        "Total Expenses": NaN,
        "Total Operating Income As Reported": NaN,
        "Diluted Average Shares": NaN,
        "Basic Average Shares": NaN,
        "Diluted EPS": NaN,
        "Basic EPS": NaN,
        "Diluted NI Availto Com Stockholders": NaN,
        "Net Income Common Stockholders": NaN,
        "Net Income": NaN,
        "Net Income Including Noncontrolling Interests": NaN,
        "Net Income Continuous Operations": NaN,
        "Earnings From Equity Interest Net Of Tax": NaN,
        "Tax Provision": NaN,
        "Pretax Income": NaN,
        "Other Income Expense": NaN,
        "Other Non Operating Income Expenses": NaN,
        "Earnings From Equity Interest": 0.0,
        "Gain On Sale Of Security": NaN,
        "Net Non Operating Interest Income Expense": NaN,
        "Interest Expense Non Operating": NaN,
        "Interest Income Non Operating": NaN,
        "Operating Income": NaN,
        "Operating Expense": NaN,
        "Depreciation Amortization Depletion Income Statement": NaN,
        "Depreciation And Amortization In Income Statement": NaN,
        "Selling General And Administration": NaN,
        "Selling And Marketing Expense": NaN,
        "General And Administrative Expense": NaN,
        "Other Gand A": NaN,
        "Salaries And Wages": 15300000.0,
        "Gross Profit": NaN,
        "Cost Of Revenue": NaN,
        "Total Revenue": NaN,
        "Operating Revenue": NaN
    },
    "2022-06-30": {
        "Tax Effect Of Unusual Items": 0.0,
        "Tax Rate For Calcs": 0.197,
        "Normalized EBITDA": 83700000.0,
        "Total Unusual Items": -3100000.0,
        "Total Unusual Items Excluding Goodwill": -3100000.0,
        "Net Income From Continuing Operation Net Minority Interest": 30100000.0,
        "Reconciled Depreciation": 40000000.0,
        "Reconciled Cost Of Revenue": 197600000.0,
        "EBITDA": 83700000.0,
        "EBIT": 43700000.0,
        "Net Interest Income": -4400000.0,
        "Interest Expense": 4400000.0,
        "Interest Income": 100000.0,
        "Normalized Income": 30100000.0,
        "Net Income From Continuing And Discontinued Operation": 30100000.0,
        "Total Expenses": 416500000.0,
        "Total Operating Income As Reported": 53900000.0,
        "Diluted Average Shares": 42900000.0,
        "Basic Average Shares": 42600000.0,
        "Diluted EPS": 0.7,
        "Basic EPS": 0.71,
        "Diluted NI Availto Com Stockholders": 30100000.0,
        "Net Income Common Stockholders": 30100000.0,
        "Net Income": 30100000.0,
        "Net Income Including Noncontrolling Interests": 30100000.0,
        "Net Income Continuous Operations": 30100000.0,
        "Earnings From Equity Interest Net Of Tax": -1800000.0,
        "Tax Provision": 7400000.0,
        "Pretax Income": 39300000.0,
        "Other Income Expense": -10200000.0,
        "Other Non Operating Income Expenses": -10200000.0,
        "Special Income Charges": NaN,
        "Gain On Sale Of Business": NaN,
        "Earnings From Equity Interest": NaN,
        "Gain On Sale Of Security": -3100000.0,
        "Net Non Operating Interest Income Expense": -4400000.0,
        "Interest Expense Non Operating": 4400000.0,
        "Interest Income Non Operating": 100000.0,
        "Operating Income": 53900000.0,
        "Operating Expense": 218900000.0,
        "Depreciation Amortization Depletion Income Statement": 40000000.0,
        "Depreciation And Amortization In Income Statement": 40000000.0,
        "Selling General And Administration": 178900000.0,
        "Selling And Marketing Expense": 91800000.0,
        "General And Administrative Expense": 87100000.0,
        "Other Gand A": 87100000.0,
        "Salaries And Wages": NaN,
        "Gross Profit": 272800000.0,
        "Cost Of Revenue": 197600000.0,
        "Total Revenue": 470400000.0,
        "Operating Revenue": 470400000.0
    },
    "2022-03-31": {
        "Diluted EPS": 1.06,
        "Total Revenue": 457,
        "Gross Profit": 266,
        "Operating Income": 56,
        "EBIT": 94,
        "Net Income": 46
    },
    "2021-12-31": {
        "Diluted EPS": 1.29,
        "Total Revenue": 462,
        "Gross Profit": 273,
        "Operating Income": 75,
        "EBIT": 113,
        "Net Income": 57
    },
    "2021-09-30": {
        "Diluted EPS": 1.13,
        "Total Revenue": 429,
        "Gross Profit": 246,
        "Operating Income": 68,
        "EBIT": 106,
        "Net Income": 49
    },
    "2021-06-30": {
        "Diluted EPS": 0.76,
        "Total Revenue": 415,
        "Gross Profit": 247,
        "Operating Income": 47,
        "EBIT": 85,
        "Net Income": 33
    },
    "2021-03-31": {
        "Diluted EPS": 1.27,
        "Total Revenue": 393,
        "Gross Profit": 236,
        "Operating Income": 67,
        "EBIT": 104,
        "Net Income": 55
    },
    "2020-12-31": {
        "Diluted EPS": 1.75,
        "Total Revenue": 380,
        "Gross Profit": 231,
        "Operating Income": 65,
        "EBIT": 101,
        "Net Income": 75
    },
    "2020-09-30": {
        "Diluted EPS": 1.76,
        "Total Revenue": 357,
        "Gross Profit": 219,
        "Operating Income": 44,
        "EBIT": 80,
        "Net Income": 76
    },
    "2020-06-30": {
        "Diluted EPS": 1.12,
        "Total Revenue": 328,
        "Gross Profit": 197,
        "Operating Income": 61,
        "EBIT": 95,
        "Net Income": 48
    },
    "2020-03-31": {
        "Diluted EPS": 0.55,
        "Total Revenue": 324,
        "Gross Profit": 187,
        "Operating Income": 45,
        "EBIT": 79,
        "Net Income": 24
    },
    "2019-12-31": {
        "Diluted EPS": 0.63,
        "Total Revenue": 332,
        "Gross Profit": 190,
        "Operating Income": 40,
        "EBIT": 73,
        "Net Income": 28
    },
    "2019-09-30": {
        "Diluted EPS": 1.14,
        "Total Revenue": 314,
        "Gross Profit": 185,
        "Operating Income": 50,
        "EBIT": 84,
        "Net Income": 49
    },
    "2019-06-30": {
        "Diluted EPS": 0.98,
        "Total Revenue": 274,
        "Gross Profit": 166,
        "Operating Income": 51,
        "EBIT": 77,
        "Net Income": 42
    },
    "2019-03-31": {
        "Diluted EPS": 0.77,
        "Total Revenue": 259,
        "Gross Profit": 154,
        "Operating Income": 50,
        "EBIT": 73,
        "Net Income": 33
    },
    "2018-12-31": {
        "Diluted EPS": 0.98,
        "Total Revenue": 263,
        "Gross Profit": 154,
        "Operating Income": 49,
        "EBIT": 75,
        "Net Income": 42
    },
    "2018-09-30": {
        "Diluted EPS": 1.32,
        "Total Revenue": 261,
        "Gross Profit": 161,
        "Operating Income": 65,
        "EBIT": 90,
        "Net Income": 57
    },
    "2018-06-30": {
        "Diluted EPS": 0.97,
        "Total Revenue": 252,
        "Gross Profit": 153,
        "Operating Income": 54,
        "EBIT": 77,
        "Net Income": 42
    },
    "2018-03-31": {
        "Diluted EPS": 0.98,
        "Total Revenue": 244,
        "Gross Profit": 141,
        "Operating Income": 48,
        "EBIT": 70,
        "Net Income": 42
    },
    "2017-12-31": {
        "Diluted EPS": 0.9,
        "Total Revenue": 243,
        "Gross Profit": 140,
        "Operating Income": 43,
        "EBIT": 69,
        "Net Income": 39
    },
    "2017-09-30": {
        "Diluted EPS": 0.79,
        "Total Revenue": 230,
        "Gross Profit": 139,
        "Operating Income": 53,
        "EBIT": 75,
        "Net Income": 34
    },
    "2017-06-30": {
        "Diluted EPS": 1.07,
        "Total Revenue": 229,
        "Gross Profit": 134,
        "Operating Income": 46,
        "EBIT": 68,
        "Net Income": 46
    },
    "2017-03-31": {
        "Diluted EPS": 0.42,
        "Total Revenue": 210,
        "Gross Profit": 113,
        "Operating Income": 28,
        "EBIT": 50,
        "Net Income": 18
    },
    "2016-12-31": {
        "Diluted EPS": 1.62,
        "Total Revenue": 212,
        "Gross Profit": 124,
        "Operating Income": 50,
        "EBIT": 69,
        "Net Income": 70
    },
    "2016-09-30": {
        "Diluted EPS": 0.7,
        "Total Revenue": 196,
        "Gross Profit": 111,
        "Operating Income": 44,
        "EBIT": 62,
        "Net Income": 30
    },
    "2016-06-30": {
        "Diluted EPS": 0.73,
        "Total Revenue": 198,
        "Gross Profit": 112,
        "Operating Income": 44,
        "EBIT": 62,
        "Net Income": 32
    },
    "2016-03-31": {
        "Diluted EPS": 0.67,
        "Total Revenue": 192,
        "Gross Profit": 107,
        "Operating Income": 42,
        "EBIT": 59,
        "Net Income": 29
    },
    "2015-12-31": {
        "Diluted EPS": 0.85,
        "Total Revenue": 202,
        "Gross Profit": 117,
        "Operating Income": 50,
        "EBIT": 67,
        "Net Income": 37
    },
    "2015-09-30": {
        "Diluted EPS": 0.76,
        "Total Revenue": 195,
        "Gross Profit": 112,
        "Operating Income": 46,
        "EBIT": 63,
        "Net Income": 34
    },
    "2015-06-30": {
        "Diluted EPS": 0.72,
        "Total Revenue": 202,
        "Gross Profit": 119,
        "Operating Income": 50,
        "EBIT": 66,
        "Net Income": 32
    },
    "2015-03-31": {
        "Diluted EPS": 0.67,
        "Total Revenue": 190,
        "Gross Profit": 111,
        "Operating Income": 45,
        "EBIT": 60,
        "Net Income": 30
    },
    "2014-12-31": {
        "Diluted EPS": 0.71,
        "Total Revenue": 196,
        "Gross Profit": 115,
        "Operating Income": 47,
        "EBIT": 61,
        "Net Income": 32
    },
    "2014-09-30": {
        "Diluted EPS": 0.67,
        "Total Revenue": 193,
        "Gross Profit": 113,
        "Operating Income": 45,
        "EBIT": 60,
        "Net Income": 30
    },
    "2014-06-30": {
        "Diluted EPS": -0.22,
        "Total Revenue": 189,
        "Gross Profit": 108,
        "Operating Income": -25,
        "EBIT": -11,
        "Net Income": -10
    },
    "2014-03-31": {
        "Diluted EPS": 0.58,
        "Total Revenue": 181,
        "Gross Profit": 105,
        "Operating Income": 39,
        "EBIT": 51,
        "Net Income": 26
    },
    "2013-12-31": {
        "Diluted EPS": 0.69,
        "Total Revenue": 181,
        "Gross Profit": 108,
        "Operating Income": 42,
        "EBIT": 54,
        "Net Income": 31
    },
    "2013-09-30": {
        "Diluted EPS": 0.68,
        "Total Revenue": 173,
        "Gross Profit": 101,
        "Operating Income": 45,
        "EBIT": 56,
        "Net Income": 31
    },
    "2013-06-30": {
        "Diluted EPS": 0.66,
        "Total Revenue": 175,
        "Gross Profit": 111,
        "Operating Income": 44,
        "EBIT": 55,
        "Net Income": 31
    },
    "2013-03-31": {
        "Diluted EPS": 0.63,
        "Total Revenue": 169,
        "Gross Profit": 107,
        "Operating Income": 41,
        "EBIT": 52,
        "Net Income": 30
    },
    "2012-12-31": {
        "Diluted EPS": 0.68,
        "Total Revenue": 171,
        "Gross Profit": 84,
        "Operating Income": 39,
        "EBIT": 51,
        "Net Income": 33
    },
    "2012-09-30": {
        "Diluted EPS": 0.56,
        "Total Revenue": 161,
        "Gross Profit": 100,
        "Operating Income": 40,
        "EBIT": 51,
        "Net Income": 27
    },
    "2012-06-30": {
        "Diluted EPS": 0.56,
        "Total Revenue": 166,
        "Gross Profit": 117,
        "Operating Income": 41,
        "EBIT": 52,
        "Net Income": 28
    },
    "2012-03-31": {
        "Diluted EPS": 0.4,
        "Total Revenue": 161,
        "Gross Profit": 110,
        "Operating Income": 30,
        "EBIT": 41,
        "Net Income": 20
    },
    "2011-12-31": {
        "Diluted EPS": 0.54,
        "Total Revenue": 159,
        "Gross Profit": 57,
        "Operating Income": 34,
        "EBIT": 45,
        "Net Income": 28
    },
    "2011-09-30": {
        "Diluted EPS": 0.42,
        "Total Revenue": 160,
        "Gross Profit": 112,
        "Operating Income": 34,
        "EBIT": 45,
        "Net Income": 21
    },
    "2011-06-30": {
        "Diluted EPS": 0.52,
        "Total Revenue": 161,
        "Gross Profit": 116,
        "Operating Income": 39,
        "EBIT": 49,
        "Net Income": 26
    },
    "2011-03-31": {
        "Diluted EPS": 0.44,
        "Total Revenue": 152,
        "Gross Profit": 111,
        "Operating Income": 32,
        "EBIT": 42,
        "Net Income": 23
    },
    "2010-12-31": {
        "Diluted EPS": 0.45,
        "Total Revenue": 151,
        "Gross Profit": 109,
        "Operating Income": 32,
        "EBIT": 44,
        "Net Income": 24
    },
    "2010-09-30": {
        "Diluted EPS": 0.49,
        "Total Revenue": 140,
        "Gross Profit": 99,
        "Operating Income": 30,
        "EBIT": 40,
        "Net Income": 25
    },
    "2010-06-30": {
        "Diluted EPS": 0.36,
        "Total Revenue": 136,
        "Gross Profit": 96,
        "Operating Income": 28,
        "EBIT": 37,
        "Net Income": 18
    },
    "2010-03-31": {
        "Diluted EPS": 0.4,
        "Total Revenue": 128,
        "Gross Profit": 94,
        "Operating Income": 31,
        "EBIT": 40,
        "Net Income": 20
    },
    "2009-12-31": {
        "Diluted EPS": 0.28,
        "Total Revenue": 123,
        "Gross Profit": 87,
        "Operating Income": 24,
        "EBIT": 32,
        "Net Income": 14
    },
    "2009-09-30": {
        "Diluted EPS": 0.45,
        "Total Revenue": 120,
        "Gross Profit": 88,
        "Operating Income": 34,
        "EBIT": 40,
        "Net Income": 23
    },
    "2009-06-30": {
        "Diluted EPS": 0.41,
        "Total Revenue": 120,
        "Gross Profit": 89,
        "Operating Income": 33,
        "EBIT": 42,
        "Net Income": 21
    },
    "2009-03-31": {
        "Diluted EPS": 0.51,
        "Total Revenue": 117,
        "Gross Profit": 86,
        "Operating Income": 35,
        "EBIT": 42,
        "Net Income": 25
    },
    "2023-09-30": {
        "Tax Effect Of Unusual Items": NaN,
        "Tax Rate For Calcs": NaN,
        "Normalized EBITDA": NaN,
        "Total Unusual Items": NaN,
        "Total Unusual Items Excluding Goodwill": NaN,
        "Net Income From Continuing Operation Net Minority Interest": NaN,
        "Reconciled Depreciation": NaN,
        "Reconciled Cost Of Revenue": NaN,
        "EBITDA": NaN,
        "EBIT": NaN,
        "Net Interest Income": NaN,
        "Interest Expense": NaN,
        "Interest Income": NaN,
        "Normalized Income": NaN,
        "Net Income From Continuing And Discontinued Operation": NaN,
        "Total Expenses": NaN,
        "Total Operating Income As Reported": NaN,
        "Diluted Average Shares": NaN,
        "Basic Average Shares": NaN,
        "Diluted EPS": NaN,
        "Basic EPS": NaN,
        "Diluted NI Availto Com Stockholders": NaN,
        "Net Income Common Stockholders": NaN,
        "Net Income": NaN,
        "Net Income Including Noncontrolling Interests": NaN,
        "Net Income Continuous Operations": NaN,
        "Earnings From Equity Interest Net Of Tax": NaN,
        "Tax Provision": NaN,
        "Pretax Income": NaN,
        "Other Income Expense": NaN,
        "Other Non Operating Income Expenses": NaN,
        "Special Income Charges": 0.0,
        "Gain On Sale Of Business": 0.0,
        "Earnings From Equity Interest": NaN,
        "Gain On Sale Of Security": NaN,
        "Net Non Operating Interest Income Expense": NaN,
        "Interest Expense Non Operating": NaN,
        "Interest Income Non Operating": NaN,
        "Operating Income": NaN,
        "Operating Expense": NaN,
        "Depreciation Amortization Depletion Income Statement": NaN,
        "Depreciation And Amortization In Income Statement": NaN,
        "Selling General And Administration": NaN,
        "Selling And Marketing Expense": NaN,
        "General And Administrative Expense": NaN,
        "Other Gand A": NaN,
        "Gross Profit": NaN,
        "Cost Of Revenue": NaN,
        "Total Revenue": NaN,
        "Operating Revenue": NaN
    },
    "2023-12-31": {
        "Tax Effect Of Unusual Items": NaN,
        "Tax Rate For Calcs": NaN,
        "Normalized EBITDA": NaN,
        "Total Unusual Items": NaN,
        "Total Unusual Items Excluding Goodwill": NaN,
        "Net Income From Continuing Operation Net Minority Interest": NaN,
        "Reconciled Depreciation": NaN,
        "Reconciled Cost Of Revenue": NaN,
        "EBITDA": NaN,
        "EBIT": NaN,
        "Net Interest Income": NaN,
        "Interest Expense": NaN,
        "Interest Income": NaN,
        "Normalized Income": NaN,
        "Net Income From Continuing And Discontinued Operation": NaN,
        "Total Expenses": NaN,
        "Total Operating Income As Reported": NaN,
        "Diluted Average Shares": NaN,
        "Basic Average Shares": NaN,
        "Diluted EPS": NaN,
        "Basic EPS": NaN,
        "Diluted NI Availto Com Stockholders": NaN,
        "Net Income Common Stockholders": NaN,
        "Net Income": NaN,
        "Net Income Including Noncontrolling Interests": NaN,
        "Net Income Continuous Operations": NaN,
        "Earnings From Equity Interest Net Of Tax": NaN,
        "Tax Provision": NaN,
        "Pretax Income": NaN,
        "Other Income Expense": NaN,
        "Other Non Operating Income Expenses": NaN,
        "Special Income Charges": NaN,
        "Gain On Sale Of Business": NaN,
        "Earnings From Equity Interest": 0.0,
        "Gain On Sale Of Security": NaN,
        "Net Non Operating Interest Income Expense": NaN,
        "Interest Expense Non Operating": NaN,
        "Interest Income Non Operating": NaN,
        "Operating Income": NaN,
        "Operating Expense": NaN,
        "Other Operating Expenses": NaN,
        "Depreciation Amortization Depletion Income Statement": NaN,
        "Depreciation And Amortization In Income Statement": NaN,
        "Selling General And Administration": NaN,
        "Selling And Marketing Expense": NaN,
        "General And Administrative Expense": NaN,
        "Other Gand A": NaN,
        "Gross Profit": NaN,
        "Cost Of Revenue": NaN,
        "Total Revenue": NaN,
        "Operating Revenue": NaN
    },
    "2024-03-31": {
        "Tax Effect Of Unusual Items": NaN,
        "Tax Rate For Calcs": NaN,
        "Normalized EBITDA": NaN,
        "Total Unusual Items": NaN,
        "Total Unusual Items Excluding Goodwill": NaN,
        "Net Income From Continuing Operation Net Minority Interest": NaN,
        "Reconciled Depreciation": NaN,
        "Reconciled Cost Of Revenue": NaN,
        "EBITDA": NaN,
        "EBIT": NaN,
        "Net Interest Income": NaN,
        "Interest Expense": NaN,
        "Interest Income": NaN,
        "Normalized Income": NaN,
        "Net Income From Continuing And Discontinued Operation": NaN,
        "Total Expenses": NaN,
        "Total Operating Income As Reported": NaN,
        "Diluted Average Shares": NaN,
        "Basic Average Shares": NaN,
        "Diluted EPS": NaN,
        "Basic EPS": NaN,
        "Diluted NI Availto Com Stockholders": NaN,
        "Net Income Common Stockholders": NaN,
        "Net Income": NaN,
        "Net Income Including Noncontrolling Interests": NaN,
        "Net Income Continuous Operations": NaN,
        "Earnings From Equity Interest Net Of Tax": NaN,
        "Tax Provision": NaN,
        "Pretax Income": NaN,
        "Other Income Expense": NaN,
        "Other Non Operating Income Expenses": NaN,
        "Special Income Charges": NaN,
        "Gain On Sale Of Business": NaN,
        "Earnings From Equity Interest": 0.0,
        "Gain On Sale Of Security": NaN,
        "Net Non Operating Interest Income Expense": NaN,
        "Interest Expense Non Operating": NaN,
        "Interest Income Non Operating": NaN,
        "Operating Income": NaN,
        "Operating Expense": NaN,
        "Other Operating Expenses": NaN,
        "Depreciation Amortization Depletion Income Statement": NaN,
        "Depreciation And Amortization In Income Statement": NaN,
        "Selling General And Administration": NaN,
        "Selling And Marketing Expense": NaN,
        "General And Administrative Expense": NaN,
        "Other Gand A": NaN,
        "Gross Profit": NaN,
        "Cost Of Revenue": NaN,
        "Total Revenue": NaN,
        "Operating Revenue": NaN
    },
    "2024-06-30": {
        "Tax Effect Of Unusual Items": NaN,
        "Tax Rate For Calcs": NaN,
        "Normalized EBITDA": NaN,
        "Total Unusual Items": NaN,
        "Total Unusual Items Excluding Goodwill": NaN,
        "Net Income From Continuing Operation Net Minority Interest": NaN,
        "Reconciled Depreciation": NaN,
        "Reconciled Cost Of Revenue": NaN,
        "EBITDA": NaN,
        "EBIT": NaN,
        "Net Interest Income": NaN,
        "Interest Expense": NaN,
        "Interest Income": NaN,
        "Normalized Income": NaN,
        "Net Income From Continuing And Discontinued Operation": NaN,
        "Total Expenses": NaN,
        "Total Operating Income As Reported": NaN,
        "Diluted Average Shares": NaN,
        "Basic Average Shares": NaN,
        "Diluted EPS": NaN,
        "Basic EPS": NaN,
        "Diluted NI Availto Com Stockholders": NaN,
        "Net Income Common Stockholders": NaN,
        "Net Income": NaN,
        "Net Income Including Noncontrolling Interests": NaN,
        "Net Income Continuous Operations": NaN,
        "Earnings From Equity Interest Net Of Tax": NaN,
        "Tax Provision": NaN,
        "Pretax Income": NaN,
        "Other Income Expense": NaN,
        "Other Non Operating Income Expenses": NaN,
        "Special Income Charges": NaN,
        "Gain On Sale Of Business": NaN,
        "Earnings From Equity Interest": 0.0,
        "Gain On Sale Of Security": 200000.0,
        "Net Non Operating Interest Income Expense": NaN,
        "Interest Expense Non Operating": NaN,
        "Interest Income Non Operating": NaN,
        "Operating Income": NaN,
        "Operating Expense": NaN,
        "Other Operating Expenses": NaN,
        "Depreciation Amortization Depletion Income Statement": NaN,
        "Depreciation And Amortization In Income Statement": NaN,
        "Selling General And Administration": NaN,
        "Selling And Marketing Expense": NaN,
        "General And Administrative Expense": NaN,
        "Other Gand A": NaN,
        "Gross Profit": NaN,
        "Cost Of Revenue": NaN,
        "Total Revenue": NaN,
        "Operating Revenue": NaN
    },
    "2024-09-30": {
        "Tax Effect Of Unusual Items": 8969400.0,
        "Tax Rate For Calcs": 0.198,
        "Normalized EBITDA": 164400000.0,
        "Total Unusual Items": 45300000.0,
        "Total Unusual Items Excluding Goodwill": 45300000.0,
        "Net Income From Continuing Operation Net Minority Interest": 119700000.0,
        "Reconciled Depreciation": 45700000.0,
        "Reconciled Cost Of Revenue": 222700000.0,
        "EBITDA": 209700000.0,
        "EBIT": 164000000.0,
        "Net Interest Income": -8900000.0,
        "Interest Expense": 12100000.0,
        "Interest Income": 3200000.0,
        "Normalized Income": 83369400.0,
        "Net Income From Continuing And Discontinued Operation": 119700000.0,
        "Total Expenses": 453900000.0,
        "Total Operating Income As Reported": 115500000.0,
        "Diluted Average Shares": 43200000.0,
        "Basic Average Shares": 42900000.0,
        "Diluted EPS": 2.77,
        "Basic EPS": 2.79,
        "Diluted NI Availto Com Stockholders": 119700000.0,
        "Net Income Common Stockholders": 119700000.0,
        "Net Income": 119700000.0,
        "Net Income Including Noncontrolling Interests": 119700000.0,
        "Net Income Continuous Operations": 119700000.0,
        "Earnings From Equity Interest Net Of Tax": -2600000.0,
        "Tax Provision": 29600000.0,
        "Pretax Income": 151900000.0,
        "Other Income Expense": 45300000.0,
        "Other Non Operating Income Expenses": -500000.0,
        "Special Income Charges": 45300000.0,
        "Gain On Sale Of Business": 45300000.0,
        "Earnings From Equity Interest": 0.0,
        "Gain On Sale Of Security": 500000.0,
        "Net Non Operating Interest Income Expense": -8900000.0,
        "Interest Expense Non Operating": 12100000.0,
        "Interest Income Non Operating": 3200000.0,
        "Operating Income": 115500000.0,
        "Operating Expense": 231200000.0,
        "Other Operating Expenses": NaN,
        "Depreciation Amortization Depletion Income Statement": 45700000.0,
        "Depreciation And Amortization In Income Statement": 45700000.0,
        "Selling General And Administration": 185500000.0,
        "Selling And Marketing Expense": 107900000.0,
        "General And Administrative Expense": 77600000.0,
        "Other Gand A": 77600000.0,
        "Gross Profit": 346700000.0,
        "Cost Of Revenue": 222700000.0,
        "Total Revenue": 569400000.0,
        "Operating Revenue": 569400000.0
    },
    "2024-12-31": {
        "Tax Effect Of Unusual Items": 13422651.933702,
        "Tax Rate For Calcs": 0.208103,
        "Normalized EBITDA": 157500000.0,
        "Total Unusual Items": 64500000.0,
        "Total Unusual Items Excluding Goodwill": 64500000.0,
        "Net Income From Continuing Operation Net Minority Interest": 116900000.0,
        "Reconciled Depreciation": 48400000.0,
        "Reconciled Cost Of Revenue": 232200000.0,
        "EBITDA": 222000000.0,
        "EBIT": 173600000.0,
        "Net Interest Income": -7000000.0,
        "Interest Expense": 10700000.0,
        "Interest Income": 3700000.0,
        "Normalized Income": 65822651.933702,
        "Net Income From Continuing And Discontinued Operation": 116900000.0,
        "Total Expenses": 486800000.0,
        "Total Operating Income As Reported": 168200000.0,
        "Diluted Average Shares": 43100000.0,
        "Basic Average Shares": 42900000.0,
        "Diluted EPS": 2.71,
        "Basic EPS": 2.72,
        "Diluted NI Availto Com Stockholders": 116900000.0,
        "Net Income Common Stockholders": 116900000.0,
        "Net Income": 116900000.0,
        "Net Income Including Noncontrolling Interests": 116900000.0,
        "Net Income Continuous Operations": 116900000.0,
        "Earnings From Equity Interest Net Of Tax": -12100000.0,
        "Tax Provision": 33900000.0,
        "Pretax Income": 162900000.0,
        "Other Income Expense": 65700000.0,
        "Other Non Operating Income Expenses": 1200000.0,
        "Special Income Charges": 64000000.0,
        "Gain On Sale Of Business": 64000000.0,
        "Earnings From Equity Interest": 0.0,
        "Gain On Sale Of Security": 500000.0,
        "Net Non Operating Interest Income Expense": -7000000.0,
        "Interest Expense Non Operating": 10700000.0,
        "Interest Income Non Operating": 3700000.0,
        "Operating Income": 104200000.0,
        "Operating Expense": 254600000.0,
        "Other Operating Expenses": NaN,
        "Depreciation Amortization Depletion Income Statement": 48400000.0,
        "Depreciation And Amortization In Income Statement": 48400000.0,
        "Selling General And Administration": 206200000.0,
        "Selling And Marketing Expense": 117200000.0,
        "General And Administrative Expense": 89000000.0,
        "Other Gand A": 89000000.0,
        "Gross Profit": 358800000.0,
        "Cost Of Revenue": 232200000.0,
        "Total Revenue": 591000000.0,
        "Operating Revenue": 591000000.0
    },
    "2025-03-31": {
        "Tax Effect Of Unusual Items": 77700.0,
        "Tax Rate For Calcs": 0.259,
        "Normalized EBITDA": 164400000.0,
        "Total Unusual Items": 300000.0,
        "Total Unusual Items Excluding Goodwill": 300000.0,
        "Net Income From Continuing Operation Net Minority Interest": 78500000.0,
        "Reconciled Depreciation": 47300000.0,
        "Reconciled Cost Of Revenue": 231400000.0,
        "EBITDA": 164700000.0,
        "EBIT": 117400000.0,
        "Net Interest Income": -5400000.0,
        "Interest Expense": 8900000.0,
        "Interest Income": 3500000.0,
        "Normalized Income": 78277700.0,
        "Net Income From Continuing And Discontinued Operation": 78500000.0,
        "Total Expenses": 467800000.0,
        "Total Operating Income As Reported": 114100000.0,
        "Diluted Average Shares": 43100000.0,
        "Basic Average Shares": 42800000.0,
        "Diluted EPS": 1.82,
        "Basic EPS": 1.83,
        "Diluted NI Availto Com Stockholders": 78500000.0,
        "Net Income Common Stockholders": 78500000.0,
        "Net Income": 78500000.0,
        "Net Income Including Noncontrolling Interests": 78500000.0,
        "Net Income Continuous Operations": 78500000.0,
        "Earnings From Equity Interest Net Of Tax": -2600000.0,
        "Tax Provision": 27400000.0,
        "Pretax Income": 108500000.0,
        "Other Income Expense": -200000.0,
        "Other Non Operating Income Expenses": -500000.0,
        "Special Income Charges": NaN,
        "Gain On Sale Of Business": NaN,
        "Earnings From Equity Interest": NaN,
        "Gain On Sale Of Security": 300000.0,
        "Net Non Operating Interest Income Expense": -5400000.0,
        "Interest Expense Non Operating": 8900000.0,
        "Interest Income Non Operating": 3500000.0,
        "Operating Income": 114100000.0,
        "Operating Expense": 236400000.0,
        "Other Operating Expenses": NaN,
        "Depreciation Amortization Depletion Income Statement": 47300000.0,
        "Depreciation And Amortization In Income Statement": 47300000.0,
        "Selling General And Administration": 189100000.0,
        "Selling And Marketing Expense": 112600000.0,
        "General And Administrative Expense": 76500000.0,
        "Other Gand A": 76500000.0,
        "Gross Profit": 350500000.0,
        "Cost Of Revenue": 231400000.0,
        "Total Revenue": 581900000.0,
        "Operating Revenue": 581900000.0
    },
    "2025-06-30": {
        "Tax Effect Of Unusual Items": 433200.0,
        "Tax Rate For Calcs": 0.228,
        "Normalized EBITDA": 173400000.0,
        "Total Unusual Items": 1900000.0,
        "Total Unusual Items Excluding Goodwill": 1900000.0,
        "Net Income From Continuing Operation Net Minority Interest": 89000000.0,
        "Reconciled Depreciation": 48500000.0,
        "Reconciled Cost Of Revenue": 230600000.0,
        "EBITDA": 175300000.0,
        "EBIT": 126800000.0,
        "Net Interest Income": -7400000.0,
        "Interest Expense": 10300000.0,
        "Interest Income": 2900000.0,
        "Normalized Income": 87533200.0,
        "Net Income From Continuing And Discontinued Operation": 89000000.0,
        "Total Expenses": 480000000.0,
        "Total Operating Income As Reported": 125100000.0,
        "Diluted Average Shares": 42500000.0,
        "Basic Average Shares": 42200000.0,
        "Diluted EPS": 2.09,
        "Basic EPS": 2.11,
        "Diluted NI Availto Com Stockholders": 89000000.0,
        "Net Income Common Stockholders": 89000000.0,
        "Net Income": 89000000.0,
        "Net Income Including Noncontrolling Interests": 89000000.0,
        "Net Income Continuous Operations": 89000000.0,
        "Earnings From Equity Interest Net Of Tax": -1200000.0,
        "Tax Provision": 26300000.0,
        "Pretax Income": 116500000.0,
        "Other Income Expense": -1200000.0,
        "Other Non Operating Income Expenses": -3100000.0,
        "Special Income Charges": NaN,
        "Gain On Sale Of Business": NaN,
        "Earnings From Equity Interest": NaN,
        "Gain On Sale Of Security": 1900000.0,
        "Net Non Operating Interest Income Expense": -7400000.0,
        "Interest Expense Non Operating": 10300000.0,
        "Interest Income Non Operating": 2900000.0,
        "Operating Income": 125100000.0,
        "Operating Expense": 249400000.0,
        "Other Operating Expenses": -800000.0,
        "Depreciation Amortization Depletion Income Statement": 48500000.0,
        "Depreciation And Amortization In Income Statement": 48500000.0,
        "Selling General And Administration": 201700000.0,
        "Selling And Marketing Expense": 119700000.0,
        "General And Administrative Expense": 82000000.0,
        "Other Gand A": 82000000.0,
        "Gross Profit": 374500000.0,
        "Cost Of Revenue": 230600000.0,
        "Total Revenue": 605100000.0,
        "Operating Revenue": 605100000.0
    },
    "2025-09-30": {
        "Tax Effect Of Unusual Items": 0.0,
        "Tax Rate For Calcs": 0.255,
        "Normalized EBITDA": 179500000.0,
        "Total Unusual Items": 0.0,
        "Total Unusual Items Excluding Goodwill": 0.0,
        "Net Income From Continuing Operation Net Minority Interest": 91600000.0,
        "Reconciled Depreciation": 47000000.0,
        "Reconciled Cost Of Revenue": 241700000.0,
        "EBITDA": 179500000.0,
        "EBIT": 132500000.0,
        "Net Interest Income": -7000000.0,
        "Interest Expense": 9400000.0,
        "Interest Income": 2400000.0,
        "Normalized Income": 91600000.0,
        "Net Income From Continuing And Discontinued Operation": 91600000.0,
        "Total Expenses": 489600000.0,
        "Total Operating Income As Reported": 127800000.0,
        "Diluted Average Shares": 42300000.0,
        "Basic Average Shares": 42100000.0,
        "Diluted EPS": 2.17,
        "Basic EPS": 2.18,
        "Diluted NI Availto Com Stockholders": 91600000.0,
        "Net Income Common Stockholders": 91600000.0,
        "Net Income": 91600000.0,
        "Net Income Including Noncontrolling Interests": 91600000.0,
        "Net Income Continuous Operations": 91600000.0,
        "Earnings From Equity Interest Net Of Tax": -100000.0,
        "Tax Provision": 31400000.0,
        "Pretax Income": 123100000.0,
        "Other Income Expense": 2300000.0,
        "Other Non Operating Income Expenses": 2300000.0,
        "Special Income Charges": 0.0,
        "Gain On Sale Of Business": 0.0,
        "Earnings From Equity Interest": NaN,
        "Gain On Sale Of Security": NaN,
        "Net Non Operating Interest Income Expense": -7000000.0,
        "Interest Expense Non Operating": 9400000.0,
        "Interest Income Non Operating": 2400000.0,
        "Operating Income": 127800000.0,
        "Operating Expense": 247900000.0,
        "Other Operating Expenses": -500000.0,
        "Depreciation Amortization Depletion Income Statement": 47000000.0,
        "Depreciation And Amortization In Income Statement": 47000000.0,
        "Selling General And Administration": 201400000.0,
        "Selling And Marketing Expense": 115500000.0,
        "General And Administrative Expense": 85900000.0,
        "Other Gand A": 85900000.0,
        "Gross Profit": 375700000.0,
        "Cost Of Revenue": 241700000.0,
        "Total Revenue": 617400000.0,
        "Operating Revenue": 617400000.0
    }
}