{
    "2023-04-30": {
        "Tax Effect Of Unusual Items": NaN,
        "Tax Rate For Calcs": NaN,
        "Normalized EBITDA": NaN,
        "Net Income From Continuing Operation Net Minority Interest": NaN,
        "Reconciled Depreciation": NaN,
        "Reconciled Cost Of Revenue": NaN,
        "EBITDA": NaN,
        "EBIT": NaN,
        "Net Interest Income": NaN,
        "Interest Expense": NaN,
        "Normalized Income": NaN,
        "Net Income From Continuing And Discontinued Operation": NaN,
        "Total Expenses": NaN,
        "Total Operating Income As Reported": NaN,
        "Diluted Average Shares": 22672000.0,
        "Basic Average Shares": 22226000.0,
        "Diluted EPS": 0.4,
        "Basic EPS": 0.41,
        "Diluted NI Availto Com Stockholders": NaN,
        "Net Income Common Stockholders": NaN,
        "Net Income": NaN,
        "Minority Interests": NaN,
        "Net Income Including Noncontrolling Interests": NaN,
        "Net Income Continuous Operations": NaN,
        "Tax Provision": NaN,
        "Pretax Income": NaN,
        "Other Income Expense": NaN,
        "Other Non Operating Income Expenses": NaN,
        "Net Non Operating Interest Income Expense": NaN,
        "Interest Expense Non Operating": NaN,
        "Operating Income": NaN,
        "Operating Expense": NaN,
        "Selling General And Administration": NaN,
        "Gross Profit": NaN,
        "Cost Of Revenue": NaN,
        "Total Revenue": NaN,
        "Operating Revenue": NaN
    },
    "2023-01-31": {
        "Tax Effect Of Unusual Items": NaN,
        "Tax Rate For Calcs": NaN,
        "Normalized EBITDA": NaN,
        "Net Income From Continuing Operation Net Minority Interest": NaN,
        "Reconciled Depreciation": NaN,
        "Reconciled Cost Of Revenue": NaN,
        "EBITDA": NaN,
        "EBIT": NaN,
        "Net Interest Income": NaN,
        "Interest Expense": NaN,
        "Normalized Income": NaN,
        "Net Income From Continuing And Discontinued Operation": NaN,
        "Total Expenses": NaN,
        "Total Operating Income As Reported": NaN,
        "Diluted Average Shares": 22708000.0,
        "Basic Average Shares": 22136977.0,
        "Diluted EPS": 1.0,
        "Basic EPS": 1.026608,
        "Diluted NI Availto Com Stockholders": NaN,
        "Net Income Common Stockholders": NaN,
        "Net Income": NaN,
        "Minority Interests": NaN,
        "Net Income Including Noncontrolling Interests": NaN,
        "Net Income Continuous Operations": NaN,
        "Tax Provision": NaN,
        "Pretax Income": NaN,
        "Other Income Expense": NaN,
        "Other Non Operating Income Expenses": NaN,
        "Net Non Operating Interest Income Expense": NaN,
        "Interest Expense Non Operating": NaN,
        "Operating Income": NaN,
        "Operating Expense": NaN,
        "Selling General And Administration": NaN,
        "Gross Profit": NaN,
        "Cost Of Revenue": NaN,
        "Total Revenue": NaN,
        "Operating Revenue": NaN
    },
    "2022-10-31": {
        "Tax Effect Of Unusual Items": NaN,
        "Tax Rate For Calcs": NaN,
        "Normalized EBITDA": NaN,
        "Net Income From Continuing Operation Net Minority Interest": NaN,
        "Reconciled Depreciation": NaN,
        "Reconciled Cost Of Revenue": NaN,
        "EBITDA": NaN,
        "EBIT": NaN,
        "Net Interest Income": NaN,
        "Interest Expense": NaN,
        "Normalized Income": NaN,
        "Net Income From Continuing And Discontinued Operation": NaN,
        "Total Expenses": NaN,
        "Total Operating Income As Reported": NaN,
        "Diluted Average Shares": 22794000.0,
        "Basic Average Shares": 22379000.0,
        "Diluted EPS": 1.28,
        "Basic EPS": 1.31,
        "Diluted NI Availto Com Stockholders": NaN,
        "Net Income Common Stockholders": NaN,
        "Net Income": NaN,
        "Minority Interests": NaN,
        "Net Income Including Noncontrolling Interests": NaN,
        "Net Income Continuous Operations": NaN,
        "Tax Provision": NaN,
        "Pretax Income": NaN,
        "Other Income Expense": NaN,
        "Other Non Operating Income Expenses": NaN,
        "Net Non Operating Interest Income Expense": NaN,
        "Interest Expense Non Operating": NaN,
        "Operating Income": NaN,
        "Operating Expense": NaN,
        "Selling General And Administration": NaN,
        "Gross Profit": NaN,
        "Cost Of Revenue": NaN,
        "Total Revenue": NaN,
        "Operating Revenue": NaN
    },
    "2022-07-31": {
        "Tax Effect Of Unusual Items": 0.0,
        "Tax Rate For Calcs": 0.209,
        "Normalized EBITDA": 33559000.0,
        "Net Income From Continuing Operation Net Minority Interest": 24003000.0,
        "Reconciled Depreciation": 2703000.0,
        "Reconciled Cost Of Revenue": 75877000.0,
        "EBITDA": 33559000.0,
        "EBIT": 30856000.0,
        "Net Interest Income": -101000.0,
        "Interest Expense": 101000.0,
        "Normalized Income": 24003000.0,
        "Net Income From Continuing And Discontinued Operation": 24003000.0,
        "Total Expenses": 152147000.0,
        "Total Operating Income As Reported": 30657000.0,
        "Diluted Average Shares": 22966000.0,
        "Basic Average Shares": 22558000.0,
        "Diluted EPS": 1.05,
        "Basic EPS": 1.06,
        "Diluted NI Availto Com Stockholders": 24003000.0,
        "Net Income Common Stockholders": 24003000.0,
        "Net Income": 24003000.0,
        "Minority Interests": -334000.0,
        "Net Income Including Noncontrolling Interests": 24337000.0,
        "Net Income Continuous Operations": 24337000.0,
        "Tax Provision": 6418000.0,
        "Pretax Income": 30755000.0,
        "Other Income Expense": 199000.0,
        "Other Non Operating Income Expenses": 199000.0,
        "Net Non Operating Interest Income Expense": -101000.0,
        "Interest Expense Non Operating": 101000.0,
        "Operating Income": 30657000.0,
        "Operating Expense": 76270000.0,
        "Other Operating Expenses": NaN,
        "Selling General And Administration": 76270000.0,
        "Gross Profit": 106927000.0,
        "Cost Of Revenue": 75877000.0,
        "Total Revenue": 182804000.0,
        "Operating Revenue": 182804000.0
    },
    "2022-04-30": {
        "Diluted EPS": 0.79,
        "Total Revenue": 163,
        "Gross Profit": 97,
        "Operating Income": 25,
        "EBIT": 28,
        "Net Income": 19
    },
    "2022-01-31": {
        "Diluted EPS": 1.4,
        "Total Revenue": 206,
        "Gross Profit": 121,
        "Operating Income": 38,
        "EBIT": 41,
        "Net Income": 31
    },
    "2021-10-31": {
        "Diluted EPS": 1.33,
        "Total Revenue": 218,
        "Gross Profit": 126,
        "Operating Income": 41,
        "EBIT": 45,
        "Net Income": 31
    },
    "2021-07-31": {
        "Diluted EPS": 0.82,
        "Total Revenue": 174,
        "Gross Profit": 98,
        "Operating Income": 25,
        "EBIT": 28,
        "Net Income": 19
    },
    "2021-04-30": {
        "Diluted EPS": 0.4,
        "Total Revenue": 135,
        "Gross Profit": 74,
        "Operating Income": 13,
        "EBIT": 16,
        "Net Income": 9
    },
    "2021-01-31": {
        "Diluted EPS": 1.33,
        "Total Revenue": 178,
        "Gross Profit": 101,
        "Operating Income": 26,
        "EBIT": 29,
        "Net Income": 30
    },
    "2020-10-31": {
        "Diluted EPS": 0.63,
        "Total Revenue": 170,
        "Gross Profit": 92,
        "Operating Income": 23,
        "EBIT": 26,
        "Net Income": 15
    },
    "2020-07-31": {
        "Diluted EPS": -0.28,
        "Total Revenue": 89,
        "Gross Profit": 45,
        "Operating Income": -9,
        "EBIT": -6,
        "Net Income": -7
    },
    "2020-04-30": {
        "Diluted EPS": -6.48,
        "Total Revenue": 70,
        "Gross Profit": 32,
        "Operating Income": -182,
        "EBIT": -22,
        "Net Income": -150
    },
    "2020-01-31": {
        "Diluted EPS": 0.15,
        "Total Revenue": 191,
        "Gross Profit": 101,
        "Operating Income": 7,
        "EBIT": 11,
        "Net Income": 4
    },
    "2019-10-31": {
        "Diluted EPS": 0.76,
        "Total Revenue": 206,
        "Gross Profit": 110,
        "Operating Income": 23,
        "EBIT": 27,
        "Net Income": 18
    },
    "2019-07-31": {
        "Diluted EPS": 0.75,
        "Total Revenue": 158,
        "Gross Profit": 85,
        "Operating Income": 9,
        "EBIT": 13,
        "Net Income": 18
    },
    "2019-04-30": {
        "Diluted EPS": 0.17,
        "Total Revenue": 147,
        "Gross Profit": 79,
        "Operating Income": 5,
        "EBIT": 9,
        "Net Income": 4
    },
    "2019-01-31": {
        "Diluted EPS": 0.73,
        "Total Revenue": 199,
        "Gross Profit": 111,
        "Operating Income": 17,
        "EBIT": 21,
        "Net Income": 17
    },
    "2018-10-31": {
        "Diluted EPS": 1.14,
        "Total Revenue": 209,
        "Gross Profit": 113,
        "Operating Income": 24,
        "EBIT": 28,
        "Net Income": 27
    },
    "2018-07-31": {
        "Diluted EPS": 0.39,
        "Total Revenue": 144,
        "Gross Profit": 78,
        "Operating Income": 13,
        "EBIT": 16,
        "Net Income": 9
    },
    "2018-04-30": {
        "Diluted EPS": 0.35,
        "Total Revenue": 127,
        "Gross Profit": 68,
        "Operating Income": 8,
        "EBIT": 12,
        "Net Income": 8
    },
    "2018-01-31": {
        "Diluted EPS": -1.47,
        "Total Revenue": 149,
        "Gross Profit": 79,
        "Operating Income": 13,
        "EBIT": 17,
        "Net Income": -34
    },
    "2017-10-31": {
        "Diluted EPS": 0.75,
        "Total Revenue": 191,
        "Gross Profit": 104,
        "Operating Income": 25,
        "EBIT": 29,
        "Net Income": 17
    },
    "2017-07-31": {
        "Diluted EPS": 0.24,
        "Total Revenue": 129,
        "Gross Profit": 66,
        "Operating Income": 8,
        "EBIT": 11,
        "Net Income": 5
    },
    "2017-04-30": {
        "Diluted EPS": -0.18,
        "Total Revenue": 99,
        "Gross Profit": 49,
        "Operating Income": -4,
        "EBIT": -1,
        "Net Income": -4
    },
    "2017-01-31": {
        "Diluted EPS": 0.23,
        "Total Revenue": 131,
        "Gross Profit": 65,
        "Operating Income": 7,
        "EBIT": 10,
        "Net Income": 5
    },
    "2016-10-31": {
        "Diluted EPS": 0.87,
        "Total Revenue": 180,
        "Gross Profit": 99,
        "Operating Income": 31,
        "EBIT": 34,
        "Net Income": 20
    },
    "2016-07-31": {
        "Diluted EPS": 0.27,
        "Total Revenue": 128,
        "Gross Profit": 70,
        "Operating Income": 10,
        "EBIT": 13,
        "Net Income": 6
    },
    "2016-04-30": {
        "Diluted EPS": 0.14,
        "Total Revenue": 114,
        "Gross Profit": 61,
        "Operating Income": 5,
        "EBIT": 8,
        "Net Income": 3
    },
    "2016-01-31": {
        "Diluted EPS": 0.33,
        "Total Revenue": 143,
        "Gross Profit": 75,
        "Operating Income": 12,
        "EBIT": 15,
        "Net Income": 8
    },
    "2015-10-31": {
        "Diluted EPS": 0.92,
        "Total Revenue": 186,
        "Gross Profit": 100,
        "Operating Income": 33,
        "EBIT": 37,
        "Net Income": 22
    },
    "2015-07-31": {
        "Diluted EPS": 0.5,
        "Total Revenue": 146,
        "Gross Profit": 79,
        "Operating Income": 18,
        "EBIT": 21,
        "Net Income": 12
    },
    "2015-04-30": {
        "Diluted EPS": 0.15,
        "Total Revenue": 120,
        "Gross Profit": 62,
        "Operating Income": 7,
        "EBIT": 10,
        "Net Income": 4
    },
    "2015-01-31": {
        "Diluted EPS": 0.39,
        "Total Revenue": 134,
        "Gross Profit": 67,
        "Operating Income": 10,
        "EBIT": 13,
        "Net Income": 10
    },
    "2014-10-31": {
        "Diluted EPS": 0.87,
        "Total Revenue": 189,
        "Gross Profit": 100,
        "Operating Income": 33,
        "EBIT": 36,
        "Net Income": 22
    },
    "2014-07-31": {
        "Diluted EPS": 0.47,
        "Total Revenue": 144,
        "Gross Profit": 78,
        "Operating Income": 17,
        "EBIT": 20,
        "Net Income": 12
    },
    "2014-04-30": {
        "Diluted EPS": 0.29,
        "Total Revenue": 121,
        "Gross Profit": 65,
        "Operating Income": 11,
        "EBIT": 14,
        "Net Income": 7
    },
    "2014-01-31": {
        "Diluted EPS": 0.28,
        "Total Revenue": 132,
        "Gross Profit": 69,
        "Operating Income": 7,
        "EBIT": 10,
        "Net Income": 7
    },
    "2013-10-31": {
        "Diluted EPS": 0.89,
        "Total Revenue": 190,
        "Gross Profit": 101,
        "Operating Income": 34,
        "EBIT": 37,
        "Net Income": 23
    },
    "2013-07-31": {
        "Diluted EPS": 0.48,
        "Total Revenue": 138,
        "Gross Profit": 75,
        "Operating Income": 17,
        "EBIT": 20,
        "Net Income": 12
    },
    "2013-04-30": {
        "Diluted EPS": 0.32,
        "Total Revenue": 110,
        "Gross Profit": 60,
        "Operating Income": 10,
        "EBIT": 13,
        "Net Income": 8
    },
    "2013-01-31": {
        "Diluted EPS": 0.3,
        "Total Revenue": 124,
        "Gross Profit": 63,
        "Operating Income": 5,
        "EBIT": 8,
        "Net Income": 8
    },
    "2012-10-31": {
        "Diluted EPS": 1.34,
        "Total Revenue": 160,
        "Gross Profit": 90,
        "Operating Income": 25,
        "EBIT": 27,
        "Net Income": 34
    },
    "2012-07-31": {
        "Diluted EPS": 0.32,
        "Total Revenue": 118,
        "Gross Profit": 66,
        "Operating Income": 11,
        "EBIT": 13,
        "Net Income": 8
    },
    "2012-04-30": {
        "Diluted EPS": 0.26,
        "Total Revenue": 104,
        "Gross Profit": 59,
        "Operating Income": 8,
        "EBIT": 12,
        "Net Income": 7
    },
    "2012-01-31": {
        "Diluted EPS": 0.42,
        "Total Revenue": 122,
        "Gross Profit": 66,
        "Operating Income": 8,
        "EBIT": 10,
        "Net Income": 11
    },
    "2011-10-31": {
        "Diluted EPS": 0.65,
        "Total Revenue": 143,
        "Gross Profit": 81,
        "Operating Income": 19,
        "EBIT": 22,
        "Net Income": 16
    },
    "2011-07-31": {
        "Diluted EPS": 0.18,
        "Total Revenue": 113,
        "Gross Profit": 61,
        "Operating Income": 5,
        "EBIT": 8,
        "Net Income": 4
    },
    "2011-04-30": {
        "Diluted EPS": 0.02,
        "Total Revenue": 90,
        "Gross Profit": 49,
        "Operating Income": 2,
        "EBIT": 5,
        "Net Income": 0
    },
    "2011-01-31": {
        "Diluted EPS": -1.26,
        "Total Revenue": 101,
        "Gross Profit": 31,
        "Operating Income": -23,
        "EBIT": -20,
        "Net Income": -31
    },
    "2010-10-31": {
        "Diluted EPS": 0.69,
        "Total Revenue": 123,
        "Gross Profit": 69,
        "Operating Income": 18,
        "EBIT": 22,
        "Net Income": 17
    },
    "2010-07-31": {
        "Diluted EPS": -0.84,
        "Total Revenue": 85,
        "Gross Profit": 44,
        "Operating Income": -2,
        "EBIT": 2,
        "Net Income": -21
    },
    "2010-04-30": {
        "Diluted EPS": -0.5,
        "Total Revenue": 73,
        "Gross Profit": 38,
        "Operating Income": -5,
        "EBIT": -2,
        "Net Income": -12
    },
    "2010-01-31": {
        "Diluted EPS": -0.96,
        "Total Revenue": 76,
        "Gross Profit": 26,
        "Operating Income": -20,
        "EBIT": -16,
        "Net Income": -24
    },
    "2009-10-31": {
        "Diluted EPS": -0.85,
        "Total Revenue": 123,
        "Gross Profit": 57,
        "Operating Income": 6,
        "EBIT": 10,
        "Net Income": -21
    },
    "2009-07-31": {
        "Diluted EPS": -0.01,
        "Total Revenue": 83,
        "Gross Profit": 47,
        "Operating Income": 4,
        "EBIT": 8,
        "Net Income": 0
    },
    "2009-04-30": {
        "Diluted EPS": -0.41,
        "Total Revenue": 68,
        "Gross Profit": 36,
        "Operating Income": -12,
        "EBIT": -8,
        "Net Income": -10
    },
    "2009-01-31": {
        "Diluted EPS": -0.9,
        "Total Revenue": 59,
        "Gross Profit": 29,
        "Operating Income": -7,
        "EBIT": -7,
        "Net Income": -23
    },
    "2023-07-31": {
        "Tax Effect Of Unusual Items": NaN,
        "Tax Rate For Calcs": NaN,
        "Normalized EBITDA": NaN,
        "Net Income From Continuing Operation Net Minority Interest": NaN,
        "Reconciled Depreciation": NaN,
        "Reconciled Cost Of Revenue": NaN,
        "EBITDA": NaN,
        "EBIT": NaN,
        "Net Interest Income": NaN,
        "Interest Expense": NaN,
        "Normalized Income": NaN,
        "Net Income From Continuing And Discontinued Operation": NaN,
        "Total Expenses": NaN,
        "Total Operating Income As Reported": NaN,
        "Diluted Average Shares": 22616000.0,
        "Basic Average Shares": 22145450.0,
        "Diluted EPS": 0.36,
        "Basic EPS": 0.363461,
        "Diluted NI Availto Com Stockholders": NaN,
        "Net Income Common Stockholders": NaN,
        "Net Income": NaN,
        "Minority Interests": NaN,
        "Net Income Including Noncontrolling Interests": NaN,
        "Net Income Continuous Operations": NaN,
        "Tax Provision": NaN,
        "Pretax Income": NaN,
        "Other Income Expense": NaN,
        "Other Non Operating Income Expenses": NaN,
        "Net Non Operating Interest Income Expense": NaN,
        "Interest Expense Non Operating": NaN,
        "Operating Income": NaN,
        "Operating Expense": NaN,
        "Selling General And Administration": NaN,
        "Gross Profit": NaN,
        "Cost Of Revenue": NaN,
        "Total Revenue": NaN,
        "Operating Revenue": NaN
    },
    "2023-10-31": {
        "Tax Effect Of Unusual Items": NaN,
        "Tax Rate For Calcs": NaN,
        "Normalized EBITDA": NaN,
        "Net Income From Continuing Operation Net Minority Interest": NaN,
        "Reconciled Depreciation": NaN,
        "Reconciled Cost Of Revenue": NaN,
        "EBITDA": NaN,
        "EBIT": NaN,
        "Net Interest Income": NaN,
        "Interest Expense": NaN,
        "Normalized Income": NaN,
        "Net Income From Continuing And Discontinued Operation": NaN,
        "Total Expenses": NaN,
        "Total Operating Income As Reported": NaN,
        "Diluted Average Shares": 22677000.0,
        "Basic Average Shares": 22209000.0,
        "Diluted EPS": 0.77,
        "Basic EPS": 0.78,
        "Diluted NI Availto Com Stockholders": NaN,
        "Net Income Common Stockholders": NaN,
        "Net Income": NaN,
        "Minority Interests": NaN,
        "Net Income Including Noncontrolling Interests": NaN,
        "Net Income Continuous Operations": NaN,
        "Tax Provision": NaN,
        "Pretax Income": NaN,
        "Other Income Expense": NaN,
        "Other Non Operating Income Expenses": NaN,
        "Net Non Operating Interest Income Expense": NaN,
        "Interest Expense Non Operating": NaN,
        "Operating Income": NaN,
        "Operating Expense": NaN,
        "Selling General And Administration": NaN,
        "Gross Profit": NaN,
        "Cost Of Revenue": NaN,
        "Total Revenue": NaN,
        "Operating Revenue": NaN
    },
    "2024-01-31": {
        "Tax Effect Of Unusual Items": 0.0,
        "Tax Rate For Calcs": 0.179974,
        "Normalized EBITDA": 17632000.0,
        "Net Income From Continuing Operation Net Minority Interest": 12145000.0,
        "Reconciled Depreciation": 2366000.0,
        "Reconciled Cost Of Revenue": 82843000.0,
        "EBITDA": 17632000.0,
        "EBIT": 15266000.0,
        "Net Interest Income": -136000.0,
        "Interest Expense": 136000.0,
        "Normalized Income": 12145000.0,
        "Net Income From Continuing And Discontinued Operation": 12145000.0,
        "Total Expenses": 166154000.0,
        "Total Operating Income As Reported": NaN,
        "Diluted Average Shares": NaN,
        "Basic Average Shares": NaN,
        "Diluted EPS": NaN,
        "Basic EPS": NaN,
        "Diluted NI Availto Com Stockholders": 12145000.0,
        "Net Income Common Stockholders": 12145000.0,
        "Net Income": 12145000.0,
        "Minority Interests": -262000.0,
        "Net Income Including Noncontrolling Interests": NaN,
        "Net Income Continuous Operations": 12407000.0,
        "Tax Provision": 2723000.0,
        "Pretax Income": 15130000.0,
        "Other Income Expense": 1800000.0,
        "Other Non Operating Income Expenses": 1800000.0,
        "Net Non Operating Interest Income Expense": -136000.0,
        "Interest Expense Non Operating": 136000.0,
        "Operating Income": 13466000.0,
        "Operating Expense": 83311000.0,
        "Selling General And Administration": NaN,
        "Gross Profit": 96777000.0,
        "Cost Of Revenue": 82843000.0,
        "Total Revenue": 179620000.0,
        "Operating Revenue": 179620000.0
    },
    "2024-04-30": {
        "Tax Effect Of Unusual Items": 0.0,
        "Tax Rate For Calcs": 0.21,
        "Normalized EBITDA": 6578000.0,
        "Net Income From Continuing Operation Net Minority Interest": 2015000.0,
        "Reconciled Depreciation": 2288000.0,
        "Reconciled Cost Of Revenue": 61459000.0,
        "EBITDA": 6578000.0,
        "EBIT": 4290000.0,
        "Net Interest Income": -118000.0,
        "Interest Expense": 118000.0,
        "Normalized Income": 2015000.0,
        "Net Income From Continuing And Discontinued Operation": 2015000.0,
        "Total Expenses": 132261000.0,
        "Total Operating Income As Reported": 2118000.0,
        "Diluted Average Shares": 22673000.0,
        "Basic Average Shares": 22253000.0,
        "Diluted EPS": 0.09,
        "Basic EPS": 0.09,
        "Diluted NI Availto Com Stockholders": 2015000.0,
        "Net Income Common Stockholders": 2015000.0,
        "Net Income": 2015000.0,
        "Minority Interests": -124000.0,
        "Net Income Including Noncontrolling Interests": 2139000.0,
        "Net Income Continuous Operations": 2139000.0,
        "Tax Provision": 2033000.0,
        "Pretax Income": 4172000.0,
        "Other Income Expense": 2172000.0,
        "Other Non Operating Income Expenses": 2172000.0,
        "Net Non Operating Interest Income Expense": -118000.0,
        "Interest Expense Non Operating": 118000.0,
        "Operating Income": 2118000.0,
        "Operating Expense": 70802000.0,
        "Selling General And Administration": 70802000.0,
        "Gross Profit": 72920000.0,
        "Cost Of Revenue": 61459000.0,
        "Total Revenue": 134379000.0,
        "Operating Revenue": 134379000.0
    },
    "2024-07-31": {
        "Tax Effect Of Unusual Items": 0.0,
        "Tax Rate For Calcs": 0.1912,
        "Normalized EBITDA": 6813000.0,
        "Net Income From Continuing Operation Net Minority Interest": 3469000.0,
        "Reconciled Depreciation": 2294000.0,
        "Reconciled Cost Of Revenue": 71748000.0,
        "EBITDA": 6813000.0,
        "EBIT": 4519000.0,
        "Net Interest Income": -110000.0,
        "Interest Expense": 110000.0,
        "Normalized Income": 3469000.0,
        "Net Income From Continuing And Discontinued Operation": 3469000.0,
        "Total Expenses": 154358000.0,
        "Total Operating Income As Reported": 2642000.0,
        "Diluted Average Shares": 22658000.0,
        "Basic Average Shares": 22219994.0,
        "Diluted EPS": 0.16,
        "Basic EPS": 0.167462,
        "Diluted NI Availto Com Stockholders": 3469000.0,
        "Net Income Common Stockholders": 3469000.0,
        "Net Income": 3469000.0,
        "Minority Interests": -97000.0,
        "Net Income Including Noncontrolling Interests": 3566000.0,
        "Net Income Continuous Operations": 3566000.0,
        "Tax Provision": 843000.0,
        "Pretax Income": 4409000.0,
        "Other Income Expense": 1877000.0,
        "Other Non Operating Income Expenses": 1877000.0,
        "Net Non Operating Interest Income Expense": -110000.0,
        "Interest Expense Non Operating": 110000.0,
        "Operating Income": 2642000.0,
        "Operating Expense": 82610000.0,
        "Selling General And Administration": 82610000.0,
        "Gross Profit": 85252000.0,
        "Cost Of Revenue": 71748000.0,
        "Total Revenue": 157000000.0,
        "Operating Revenue": 157000000.0
    },
    "2024-10-31": {
        "Tax Effect Of Unusual Items": 0.0,
        "Tax Rate For Calcs": 0.315,
        "Normalized EBITDA": 10450000.0,
        "Net Income From Continuing Operation Net Minority Interest": 5050000.0,
        "Reconciled Depreciation": 2378000.0,
        "Reconciled Cost Of Revenue": 84331000.0,
        "EBITDA": 10450000.0,
        "EBIT": 8072000.0,
        "Net Interest Income": -144000.0,
        "Interest Expense": 144000.0,
        "Normalized Income": 5050000.0,
        "Net Income From Continuing And Discontinued Operation": 5050000.0,
        "Total Expenses": 176177000.0,
        "Total Operating Income As Reported": 6550000.0,
        "Diluted Average Shares": 22559000.0,
        "Basic Average Shares": 22142602.0,
        "Diluted EPS": 0.22,
        "Basic EPS": 0.228067,
        "Diluted NI Availto Com Stockholders": 5050000.0,
        "Net Income Common Stockholders": 5050000.0,
        "Net Income": 5050000.0,
        "Minority Interests": -383000.0,
        "Net Income Including Noncontrolling Interests": 5433000.0,
        "Net Income Continuous Operations": 5433000.0,
        "Tax Provision": 2495000.0,
        "Pretax Income": 7928000.0,
        "Other Income Expense": 1522000.0,
        "Other Non Operating Income Expenses": 1522000.0,
        "Net Non Operating Interest Income Expense": -144000.0,
        "Interest Expense Non Operating": 144000.0,
        "Operating Income": 6550000.0,
        "Operating Expense": 91846000.0,
        "Selling General And Administration": 91846000.0,
        "Gross Profit": 98396000.0,
        "Cost Of Revenue": 84331000.0,
        "Total Revenue": 182727000.0,
        "Operating Revenue": 182727000.0
    },
    "2025-01-31": {
        "Tax Effect Of Unusual Items": 0.0,
        "Tax Rate For Calcs": 0.199626,
        "Normalized EBITDA": 11030000.0,
        "Net Income From Continuing Operation Net Minority Interest": 6702000.0,
        "Reconciled Depreciation": 2352000.0,
        "Reconciled Cost Of Revenue": 81803000.0,
        "EBITDA": 11030000.0,
        "EBIT": 8678000.0,
        "Net Interest Income": -117000.0,
        "Interest Expense": 117000.0,
        "Normalized Income": 6702000.0,
        "Net Income From Continuing And Discontinued Operation": 6702000.0,
        "Total Expenses": 167545000.0,
        "Total Operating Income As Reported": 7124000.0,
        "Diluted Average Shares": 22534000.0,
        "Basic Average Shares": 22146180.0,
        "Diluted EPS": 0.36,
        "Basic EPS": 0.363629,
        "Diluted NI Availto Com Stockholders": 6702000.0,
        "Net Income Common Stockholders": 6702000.0,
        "Net Income": 6702000.0,
        "Minority Interests": -150000.0,
        "Net Income Including Noncontrolling Interests": 6852000.0,
        "Net Income Continuous Operations": 6852000.0,
        "Tax Provision": 1709000.0,
        "Pretax Income": 8561000.0,
        "Other Income Expense": 1554000.0,
        "Other Non Operating Income Expenses": 1554000.0,
        "Net Non Operating Interest Income Expense": -117000.0,
        "Interest Expense Non Operating": 117000.0,
        "Operating Income": 7124000.0,
        "Operating Expense": 85742000.0,
        "Selling General And Administration": 85742000.0,
        "Gross Profit": 92866000.0,
        "Cost Of Revenue": 81803000.0,
        "Total Revenue": 174669000.0,
        "Operating Revenue": 174669000.0
    },
    "2025-04-30": {
        "Tax Effect Of Unusual Items": 0.0,
        "Tax Rate For Calcs": 0.34,
        "Normalized EBITDA": 4331000.0,
        "Net Income From Continuing Operation Net Minority Interest": 1420000.0,
        "Reconciled Depreciation": 2280000.0,
        "Reconciled Cost Of Revenue": 60419000.0,
        "EBITDA": 4331000.0,
        "EBIT": 2051000.0,
        "Net Interest Income": -111000.0,
        "Interest Expense": 111000.0,
        "Normalized Income": 1420000.0,
        "Net Income From Continuing And Discontinued Operation": 1420000.0,
        "Total Expenses": 131478000.0,
        "Total Operating Income As Reported": 291000.0,
        "Diluted Average Shares": 22499000.0,
        "Basic Average Shares": 22236928.0,
        "Diluted EPS": 0.06,
        "Basic EPS": 0.063858,
        "Diluted NI Availto Com Stockholders": 1420000.0,
        "Net Income Common Stockholders": 1420000.0,
        "Net Income": 1420000.0,
        "Minority Interests": 140000.0,
        "Net Income Including Noncontrolling Interests": 1280000.0,
        "Net Income Continuous Operations": 1280000.0,
        "Tax Provision": 660000.0,
        "Pretax Income": 1940000.0,
        "Other Income Expense": 1760000.0,
        "Other Non Operating Income Expenses": 1760000.0,
        "Net Non Operating Interest Income Expense": -111000.0,
        "Interest Expense Non Operating": 111000.0,
        "Operating Income": 291000.0,
        "Operating Expense": 71059000.0,
        "Selling General And Administration": 71059000.0,
        "Gross Profit": 71350000.0,
        "Cost Of Revenue": 60419000.0,
        "Total Revenue": 131769000.0,
        "Operating Revenue": 131769000.0
    },
    "2025-07-31": {
        "Tax Effect Of Unusual Items": 0.0,
        "Tax Rate For Calcs": 0.384585,
        "Normalized EBITDA": 7586000.0,
        "Net Income From Continuing Operation Net Minority Interest": 2986000.0,
        "Reconciled Depreciation": 2377000.0,
        "Reconciled Cost Of Revenue": 74264000.0,
        "EBITDA": 7586000.0,
        "EBIT": 5209000.0,
        "Net Interest Income": -110000.0,
        "Interest Expense": 110000.0,
        "Normalized Income": 2986000.0,
        "Net Income From Continuing And Discontinued Operation": 2986000.0,
        "Total Expenses": 157822000.0,
        "Total Operating Income As Reported": 4007000.0,
        "Diluted Average Shares": 22571000.0,
        "Basic Average Shares": 22137062.0,
        "Diluted EPS": 0.13,
        "Basic EPS": 0.134887,
        "Diluted NI Availto Com Stockholders": 2986000.0,
        "Net Income Common Stockholders": 2986000.0,
        "Net Income": 2986000.0,
        "Minority Interests": -152000.0,
        "Net Income Including Noncontrolling Interests": 3138000.0,
        "Net Income Continuous Operations": 3138000.0,
        "Tax Provision": 1961000.0,
        "Pretax Income": 5099000.0,
        "Other Income Expense": 1202000.0,
        "Other Non Operating Income Expenses": 1202000.0,
        "Net Non Operating Interest Income Expense": -110000.0,
        "Interest Expense Non Operating": 110000.0,
        "Operating Income": 4007000.0,
        "Operating Expense": 83558000.0,
        "Selling General And Administration": 83558000.0,
        "Gross Profit": 87565000.0,
        "Cost Of Revenue": 74264000.0,
        "Total Revenue": 161829000.0,
        "Operating Revenue": 161829000.0
    }
}