{
    "2023-03-31": {
        "Tax Effect Of Unusual Items": NaN,
        "Tax Rate For Calcs": NaN,
        "Normalized EBITDA": NaN,
        "Total Unusual Items": NaN,
        "Total Unusual Items Excluding Goodwill": NaN,
        "Net Income From Continuing Operation Net Minority Interest": NaN,
        "Reconciled Depreciation": NaN,
        "Reconciled Cost Of Revenue": NaN,
        "EBITDA": NaN,
        "EBIT": NaN,
        "Net Interest Income": NaN,
        "Interest Expense": NaN,
        "Normalized Income": NaN,
        "Net Income From Continuing And Discontinued Operation": NaN,
        "Total Expenses": NaN,
        "Total Operating Income As Reported": NaN,
        "Diluted Average Shares": 19603394.0,
        "Basic Average Shares": 19492962.0,
        "Diluted EPS": 0.07,
        "Basic EPS": 0.07,
        "Diluted NI Availto Com Stockholders": NaN,
        "Net Income Common Stockholders": NaN,
        "Net Income": NaN,
        "Net Income Including Noncontrolling Interests": NaN,
        "Net Income Continuous Operations": NaN,
        "Tax Provision": NaN,
        "Pretax Income": NaN,
        "Other Income Expense": NaN,
        "Special Income Charges": NaN,
        "Other Special Charges": NaN,
        "Gain On Sale Of Security": NaN,
        "Net Non Operating Interest Income Expense": NaN,
        "Interest Expense Non Operating": NaN,
        "Operating Income": NaN,
        "Operating Expense": NaN,
        "Research And Development": NaN,
        "Selling General And Administration": NaN,
        "Selling And Marketing Expense": NaN,
        "General And Administrative Expense": NaN,
        "Other Gand A": NaN,
        "Gross Profit": NaN,
        "Cost Of Revenue": NaN,
        "Total Revenue": NaN,
        "Operating Revenue": NaN
    },
    "2022-12-31": {
        "Tax Effect Of Unusual Items": NaN,
        "Tax Rate For Calcs": NaN,
        "Normalized EBITDA": NaN,
        "Total Unusual Items": NaN,
        "Total Unusual Items Excluding Goodwill": NaN,
        "Net Income From Continuing Operation Net Minority Interest": NaN,
        "Reconciled Depreciation": NaN,
        "Reconciled Cost Of Revenue": NaN,
        "EBITDA": NaN,
        "EBIT": NaN,
        "Net Interest Income": NaN,
        "Interest Expense": NaN,
        "Normalized Income": NaN,
        "Net Income From Continuing And Discontinued Operation": NaN,
        "Total Expenses": NaN,
        "Total Operating Income As Reported": NaN,
        "Diluted Average Shares": NaN,
        "Basic Average Shares": NaN,
        "Diluted EPS": NaN,
        "Basic EPS": NaN,
        "Diluted NI Availto Com Stockholders": NaN,
        "Net Income Common Stockholders": NaN,
        "Net Income": NaN,
        "Net Income Including Noncontrolling Interests": NaN,
        "Net Income Continuous Operations": NaN,
        "Tax Provision": NaN,
        "Pretax Income": NaN,
        "Other Income Expense": NaN,
        "Special Income Charges": 0.0,
        "Other Special Charges": NaN,
        "Gain On Sale Of Security": NaN,
        "Net Non Operating Interest Income Expense": NaN,
        "Interest Expense Non Operating": NaN,
        "Operating Income": NaN,
        "Operating Expense": NaN,
        "Research And Development": NaN,
        "Selling General And Administration": NaN,
        "Selling And Marketing Expense": NaN,
        "General And Administrative Expense": NaN,
        "Other Gand A": NaN,
        "Gross Profit": NaN,
        "Cost Of Revenue": NaN,
        "Total Revenue": NaN,
        "Operating Revenue": NaN
    },
    "2022-09-30": {
        "Tax Effect Of Unusual Items": NaN,
        "Tax Rate For Calcs": NaN,
        "Normalized EBITDA": NaN,
        "Total Unusual Items": NaN,
        "Total Unusual Items Excluding Goodwill": NaN,
        "Net Income From Continuing Operation Net Minority Interest": NaN,
        "Reconciled Depreciation": NaN,
        "Reconciled Cost Of Revenue": NaN,
        "EBITDA": NaN,
        "EBIT": NaN,
        "Net Interest Income": NaN,
        "Interest Expense": NaN,
        "Normalized Income": NaN,
        "Net Income From Continuing And Discontinued Operation": NaN,
        "Total Expenses": NaN,
        "Total Operating Income As Reported": NaN,
        "Diluted Average Shares": NaN,
        "Basic Average Shares": NaN,
        "Diluted EPS": NaN,
        "Basic EPS": NaN,
        "Diluted NI Availto Com Stockholders": NaN,
        "Net Income Common Stockholders": NaN,
        "Net Income": NaN,
        "Net Income Including Noncontrolling Interests": NaN,
        "Net Income Continuous Operations": NaN,
        "Tax Provision": NaN,
        "Pretax Income": NaN,
        "Other Income Expense": NaN,
        "Special Income Charges": 0.0,
        "Other Special Charges": NaN,
        "Gain On Sale Of Security": NaN,
        "Net Non Operating Interest Income Expense": NaN,
        "Interest Expense Non Operating": NaN,
        "Operating Income": NaN,
        "Operating Expense": NaN,
        "Research And Development": NaN,
        "Selling General And Administration": NaN,
        "Selling And Marketing Expense": NaN,
        "General And Administrative Expense": NaN,
        "Other Gand A": NaN,
        "Gross Profit": NaN,
        "Cost Of Revenue": NaN,
        "Total Revenue": NaN,
        "Operating Revenue": NaN
    },
    "2022-06-30": {
        "Tax Effect Of Unusual Items": -271200.0,
        "Tax Rate For Calcs": 0.4,
        "Normalized EBITDA": 11137000.0,
        "Total Unusual Items": -678000.0,
        "Total Unusual Items Excluding Goodwill": -678000.0,
        "Net Income From Continuing Operation Net Minority Interest": -175000.0,
        "Reconciled Depreciation": 3124000.0,
        "Reconciled Cost Of Revenue": 133683000.0,
        "EBITDA": 10459000.0,
        "EBIT": 7335000.0,
        "Net Interest Income": -6921000.0,
        "Interest Expense": 6921000.0,
        "Normalized Income": 231800.0,
        "Net Income From Continuing And Discontinued Operation": -175000.0,
        "Total Expenses": 155972000.0,
        "Total Operating Income As Reported": 7335000.0,
        "Diluted Average Shares": 19123354.0,
        "Basic Average Shares": 19123354.0,
        "Diluted EPS": -0.01,
        "Basic EPS": -0.01,
        "Diluted NI Availto Com Stockholders": -175000.0,
        "Net Income Common Stockholders": -175000.0,
        "Net Income": -175000.0,
        "Net Income Including Noncontrolling Interests": -175000.0,
        "Net Income Continuous Operations": -175000.0,
        "Tax Provision": 589000.0,
        "Pretax Income": 414000.0,
        "Other Income Expense": -678000.0,
        "Gain On Sale Of Security": -678000.0,
        "Net Non Operating Interest Income Expense": -6921000.0,
        "Interest Expense Non Operating": 6921000.0,
        "Operating Income": 8013000.0,
        "Operating Expense": 22289000.0,
        "Research And Development": 3113000.0,
        "Selling General And Administration": 19176000.0,
        "Selling And Marketing Expense": 5542000.0,
        "General And Administrative Expense": 13634000.0,
        "Other Gand A": 13634000.0,
        "Gross Profit": 30302000.0,
        "Cost Of Revenue": 133683000.0,
        "Total Revenue": 163985000.0,
        "Operating Revenue": 163985000.0
    },
    "2022-03-31": {
        "Diluted EPS": -0.01,
        "Total Revenue": 164,
        "Gross Profit": 26,
        "Operating Income": 5,
        "EBIT": 11,
        "Net Income": 0
    },
    "2021-12-31": {
        "Diluted EPS": 0.16,
        "Total Revenue": 162,
        "Gross Profit": 33,
        "Operating Income": 9,
        "EBIT": 15,
        "Net Income": 3
    },
    "2021-09-30": {
        "Diluted EPS": 0.19,
        "Total Revenue": 176,
        "Gross Profit": 36,
        "Operating Income": 10,
        "EBIT": 16,
        "Net Income": 4
    },
    "2021-06-30": {
        "Diluted EPS": 0.04,
        "Total Revenue": 149,
        "Gross Profit": 24,
        "Operating Income": 6,
        "EBIT": 12,
        "Net Income": 1
    },
    "2021-03-31": {
        "Diluted EPS": 0.05,
        "Total Revenue": 168,
        "Gross Profit": 32,
        "Operating Income": 5,
        "EBIT": 12,
        "Net Income": 1
    },
    "2020-12-31": {
        "Diluted EPS": 0.44,
        "Total Revenue": 123,
        "Gross Profit": 24,
        "Operating Income": 16,
        "EBIT": 21,
        "Net Income": 8
    },
    "2020-09-30": {
        "Diluted EPS": 0.78,
        "Total Revenue": 155,
        "Gross Profit": 40,
        "Operating Income": 25,
        "EBIT": 30,
        "Net Income": 15
    },
    "2020-06-30": {
        "Diluted EPS": -0.16,
        "Total Revenue": 95,
        "Gross Profit": 13,
        "Operating Income": 0,
        "EBIT": 4,
        "Net Income": -3
    },
    "2020-03-31": {
        "Diluted EPS": -0.42,
        "Total Revenue": 151,
        "Gross Profit": 37,
        "Operating Income": -5,
        "EBIT": -2,
        "Net Income": -8
    },
    "2019-12-31": {
        "Diluted EPS": 0.04,
        "Total Revenue": 126,
        "Gross Profit": 28,
        "Operating Income": 9,
        "EBIT": 13,
        "Net Income": 1
    },
    "2019-09-30": {
        "Diluted EPS": 0.32,
        "Total Revenue": 150,
        "Gross Profit": 37,
        "Operating Income": 15,
        "EBIT": 19,
        "Net Income": 6
    },
    "2019-06-30": {
        "Diluted EPS": -0.33,
        "Total Revenue": 109,
        "Gross Profit": 18,
        "Operating Income": -2,
        "EBIT": 2,
        "Net Income": -6
    },
    "2019-03-31": {
        "Diluted EPS": -0.15,
        "Total Revenue": 129,
        "Gross Profit": 26,
        "Operating Income": 5,
        "EBIT": 13,
        "Net Income": -3
    },
    "2018-12-31": {
        "Diluted EPS": -0.16,
        "Total Revenue": 124,
        "Gross Profit": 21,
        "Operating Income": 2,
        "EBIT": 3,
        "Net Income": -3
    },
    "2018-09-30": {
        "Diluted EPS": 0.18,
        "Total Revenue": 128,
        "Gross Profit": 26,
        "Operating Income": 10,
        "EBIT": 12,
        "Net Income": 4
    },
    "2018-06-30": {
        "Diluted EPS": -0.29,
        "Total Revenue": 92,
        "Gross Profit": 16,
        "Operating Income": -2,
        "EBIT": 0,
        "Net Income": -5
    },
    "2018-03-31": {
        "Diluted EPS": 0.41,
        "Total Revenue": 119,
        "Gross Profit": 28,
        "Operating Income": 14,
        "EBIT": 19,
        "Net Income": 8
    },
    "2017-12-31": {
        "Diluted EPS": -0.13,
        "Total Revenue": 103,
        "Gross Profit": 26,
        "Operating Income": 8,
        "EBIT": 10,
        "Net Income": -3
    },
    "2017-09-30": {
        "Diluted EPS": 0.29,
        "Total Revenue": 110,
        "Gross Profit": 26,
        "Operating Income": 13,
        "EBIT": 14,
        "Net Income": 6
    },
    "2017-06-30": {
        "Diluted EPS": 0.42,
        "Total Revenue": 96,
        "Gross Profit": 27,
        "Operating Income": 16,
        "EBIT": 17,
        "Net Income": 8
    },
    "2017-03-31": {
        "Diluted EPS": 0.56,
        "Total Revenue": 115,
        "Gross Profit": 33,
        "Operating Income": 19,
        "EBIT": 24,
        "Net Income": 11
    },
    "2016-12-31": {
        "Diluted EPS": 0.57,
        "Total Revenue": 113,
        "Gross Profit": 32,
        "Operating Income": 20,
        "EBIT": 21,
        "Net Income": 11
    },
    "2016-09-30": {
        "Diluted EPS": 0.47,
        "Total Revenue": 109,
        "Gross Profit": 31,
        "Operating Income": 17,
        "EBIT": 18,
        "Net Income": 9
    },
    "2016-06-30": {
        "Diluted EPS": 0.39,
        "Total Revenue": 85,
        "Gross Profit": 20,
        "Operating Income": 13,
        "EBIT": 14,
        "Net Income": 8
    },
    "2016-03-31": {
        "Diluted EPS": 0.12,
        "Total Revenue": 97,
        "Gross Profit": 24,
        "Operating Income": 10,
        "EBIT": 11,
        "Net Income": 2
    },
    "2015-12-31": {
        "Diluted EPS": 0.41,
        "Total Revenue": 94,
        "Gross Profit": 29,
        "Operating Income": 17,
        "EBIT": 18,
        "Net Income": 8
    },
    "2015-09-30": {
        "Diluted EPS": -0.08,
        "Total Revenue": 92,
        "Gross Profit": 22,
        "Operating Income": 0,
        "EBIT": 1,
        "Net Income": -1
    },
    "2015-06-30": {
        "Diluted EPS": 0.1,
        "Total Revenue": 86,
        "Gross Profit": 26,
        "Operating Income": 12,
        "EBIT": 13,
        "Net Income": 2
    },
    "2015-03-31": {
        "Diluted EPS": 0.15,
        "Total Revenue": 84,
        "Gross Profit": 21,
        "Operating Income": 8,
        "EBIT": 9,
        "Net Income": 3
    },
    "2014-12-31": {
        "Diluted EPS": 0.16,
        "Total Revenue": 84,
        "Gross Profit": 24,
        "Operating Income": 9,
        "EBIT": 10,
        "Net Income": 3
    },
    "2014-09-30": {
        "Diluted EPS": 0.09,
        "Total Revenue": 71,
        "Gross Profit": 18,
        "Operating Income": 6,
        "EBIT": 7,
        "Net Income": 1
    },
    "2014-06-30": {
        "Diluted EPS": 0.25,
        "Total Revenue": 63,
        "Gross Profit": 18,
        "Operating Income": 10,
        "EBIT": 11,
        "Net Income": 4
    },
    "2014-03-31": {
        "Diluted EPS": -0.12,
        "Total Revenue": 77,
        "Gross Profit": 24,
        "Operating Income": 10,
        "EBIT": 11,
        "Net Income": 3
    },
    "2013-12-31": {
        "Diluted EPS": 0.07,
        "Total Revenue": 66,
        "Gross Profit": 22,
        "Operating Income": 10,
        "EBIT": 14,
        "Net Income": 1
    },
    "2013-09-30": {
        "Diluted EPS": 0.15,
        "Total Revenue": 66,
        "Gross Profit": 20,
        "Operating Income": 8,
        "EBIT": 10,
        "Net Income": 2
    },
    "2013-06-30": {
        "Diluted EPS": 6.91,
        "Total Revenue": 50,
        "Gross Profit": 16,
        "Operating Income": 4,
        "EBIT": 5,
        "Net Income": 101
    },
    "2013-03-31": {
        "Diluted EPS": -5.09,
        "Total Revenue": 89,
        "Gross Profit": 3,
        "Operating Income": -94,
        "EBIT": -93,
        "Net Income": -74
    },
    "2012-12-31": {
        "Diluted EPS": 0.06,
        "Total Revenue": 51,
        "Gross Profit": 16,
        "Operating Income": 5,
        "EBIT": 6,
        "Net Income": 1
    },
    "2012-09-30": {
        "Diluted EPS": -0.62,
        "Total Revenue": 58,
        "Gross Profit": 20,
        "Operating Income": 14,
        "EBIT": 15,
        "Net Income": -9
    },
    "2012-06-30": {
        "Diluted EPS": -0.7,
        "Total Revenue": 47,
        "Gross Profit": 15,
        "Operating Income": 7,
        "EBIT": 8,
        "Net Income": -10
    },
    "2012-03-31": {
        "Diluted EPS": -1.03,
        "Total Revenue": 101,
        "Gross Profit": 7,
        "Operating Income": -6,
        "EBIT": -13,
        "Net Income": -13
    },
    "2011-12-31": {
        "Diluted EPS": -1.74,
        "Total Revenue": 84,
        "Gross Profit": -2,
        "Operating Income": -17,
        "EBIT": -15,
        "Net Income": -22
    },
    "2011-09-30": {
        "Diluted EPS": -0.44,
        "Total Revenue": 108,
        "Gross Profit": 15,
        "Operating Income": 0,
        "EBIT": 3,
        "Net Income": -5
    },
    "2011-06-30": {
        "Diluted EPS": -0.68,
        "Total Revenue": 71,
        "Gross Profit": 7,
        "Operating Income": -5,
        "EBIT": 2,
        "Net Income": -8
    },
    "2011-03-31": {
        "Diluted EPS": 0.19,
        "Total Revenue": 43,
        "Gross Profit": 14,
        "Operating Income": 6,
        "EBIT": 7,
        "Net Income": 2
    },
    "2010-12-31": {
        "Diluted EPS": 0.3,
        "Total Revenue": 41,
        "Gross Profit": 13,
        "Operating Income": 7,
        "EBIT": 8,
        "Net Income": 4
    },
    "2010-09-30": {
        "Diluted EPS": 0.29,
        "Total Revenue": 41,
        "Gross Profit": 13,
        "Operating Income": 8,
        "EBIT": 8,
        "Net Income": 4
    },
    "2010-06-30": {
        "Diluted EPS": 0.21,
        "Total Revenue": 36,
        "Gross Profit": 12,
        "Operating Income": 5,
        "EBIT": 6,
        "Net Income": 3
    },
    "2010-03-31": {
        "Diluted EPS": 0.24,
        "Total Revenue": 39,
        "Gross Profit": 12,
        "Operating Income": 5,
        "EBIT": 6,
        "Net Income": 3
    },
    "2009-12-31": {
        "Diluted EPS": 0.18,
        "Total Revenue": 36,
        "Gross Profit": 11,
        "Operating Income": 5,
        "EBIT": 6,
        "Net Income": 2
    },
    "2009-09-30": {
        "Diluted EPS": 0.28,
        "Total Revenue": 39,
        "Gross Profit": 11,
        "Operating Income": 5,
        "EBIT": 6,
        "Net Income": 3
    },
    "2009-06-30": {
        "Diluted EPS": 0.1,
        "Total Revenue": 33,
        "Gross Profit": 7,
        "Operating Income": 3,
        "EBIT": 4,
        "Net Income": 1
    },
    "2009-03-31": {
        "Diluted EPS": -0.09,
        "Total Revenue": 30,
        "Gross Profit": 6,
        "Operating Income": -1,
        "EBIT": 0,
        "Net Income": -1
    },
    "2023-06-30": {
        "Tax Effect Of Unusual Items": NaN,
        "Tax Rate For Calcs": NaN,
        "Normalized EBITDA": NaN,
        "Total Unusual Items": NaN,
        "Total Unusual Items Excluding Goodwill": NaN,
        "Net Income From Continuing Operation Net Minority Interest": NaN,
        "Reconciled Depreciation": NaN,
        "Reconciled Cost Of Revenue": NaN,
        "EBITDA": NaN,
        "EBIT": NaN,
        "Net Interest Income": NaN,
        "Interest Expense": NaN,
        "Normalized Income": NaN,
        "Net Income From Continuing And Discontinued Operation": NaN,
        "Total Expenses": NaN,
        "Total Operating Income As Reported": NaN,
        "Diluted Average Shares": 19508626.0,
        "Basic Average Shares": 19508626.0,
        "Diluted EPS": -0.07,
        "Basic EPS": -0.07,
        "Diluted NI Availto Com Stockholders": NaN,
        "Net Income Common Stockholders": NaN,
        "Net Income": NaN,
        "Net Income Including Noncontrolling Interests": NaN,
        "Net Income Continuous Operations": NaN,
        "Tax Provision": NaN,
        "Pretax Income": NaN,
        "Other Income Expense": NaN,
        "Special Income Charges": NaN,
        "Other Special Charges": NaN,
        "Gain On Sale Of Security": NaN,
        "Net Non Operating Interest Income Expense": NaN,
        "Interest Expense Non Operating": NaN,
        "Operating Income": NaN,
        "Operating Expense": NaN,
        "Research And Development": NaN,
        "Selling General And Administration": NaN,
        "Selling And Marketing Expense": NaN,
        "General And Administrative Expense": NaN,
        "Other Gand A": NaN,
        "Gross Profit": NaN,
        "Cost Of Revenue": NaN,
        "Total Revenue": NaN,
        "Operating Revenue": NaN
    },
    "2023-09-30": {
        "Tax Effect Of Unusual Items": NaN,
        "Tax Rate For Calcs": NaN,
        "Normalized EBITDA": NaN,
        "Total Unusual Items": NaN,
        "Total Unusual Items Excluding Goodwill": NaN,
        "Net Income From Continuing Operation Net Minority Interest": NaN,
        "Reconciled Depreciation": NaN,
        "Reconciled Cost Of Revenue": NaN,
        "EBITDA": NaN,
        "EBIT": NaN,
        "Net Interest Income": NaN,
        "Interest Expense": NaN,
        "Normalized Income": NaN,
        "Net Income From Continuing And Discontinued Operation": NaN,
        "Total Expenses": NaN,
        "Total Operating Income As Reported": NaN,
        "Diluted Average Shares": NaN,
        "Basic Average Shares": NaN,
        "Diluted EPS": NaN,
        "Basic EPS": NaN,
        "Diluted NI Availto Com Stockholders": NaN,
        "Net Income Common Stockholders": NaN,
        "Net Income": NaN,
        "Net Income Including Noncontrolling Interests": NaN,
        "Net Income Continuous Operations": NaN,
        "Tax Provision": NaN,
        "Pretax Income": NaN,
        "Other Income Expense": NaN,
        "Special Income Charges": NaN,
        "Other Special Charges": 168000.0,
        "Gain On Sale Of Security": NaN,
        "Net Non Operating Interest Income Expense": NaN,
        "Interest Expense Non Operating": NaN,
        "Operating Income": NaN,
        "Operating Expense": NaN,
        "Research And Development": NaN,
        "Selling General And Administration": NaN,
        "Selling And Marketing Expense": NaN,
        "General And Administrative Expense": NaN,
        "Other Gand A": NaN,
        "Gross Profit": NaN,
        "Cost Of Revenue": NaN,
        "Total Revenue": NaN,
        "Operating Revenue": NaN
    },
    "2023-12-31": {
        "Tax Effect Of Unusual Items": NaN,
        "Tax Rate For Calcs": NaN,
        "Normalized EBITDA": NaN,
        "Total Unusual Items": NaN,
        "Total Unusual Items Excluding Goodwill": NaN,
        "Net Income From Continuing Operation Net Minority Interest": NaN,
        "Reconciled Depreciation": NaN,
        "Reconciled Cost Of Revenue": NaN,
        "EBITDA": NaN,
        "EBIT": NaN,
        "Net Interest Income": NaN,
        "Interest Expense": NaN,
        "Normalized Income": NaN,
        "Net Income From Continuing And Discontinued Operation": NaN,
        "Total Expenses": NaN,
        "Total Operating Income As Reported": NaN,
        "Diluted Average Shares": NaN,
        "Basic Average Shares": NaN,
        "Diluted EPS": NaN,
        "Basic EPS": NaN,
        "Diluted NI Availto Com Stockholders": NaN,
        "Net Income Common Stockholders": NaN,
        "Net Income": NaN,
        "Net Income Including Noncontrolling Interests": NaN,
        "Net Income Continuous Operations": NaN,
        "Tax Provision": NaN,
        "Pretax Income": NaN,
        "Other Income Expense": NaN,
        "Special Income Charges": 0.0,
        "Other Special Charges": NaN,
        "Gain On Sale Of Security": NaN,
        "Net Non Operating Interest Income Expense": NaN,
        "Interest Expense Non Operating": NaN,
        "Operating Income": NaN,
        "Operating Expense": NaN,
        "Research And Development": NaN,
        "Selling General And Administration": NaN,
        "Selling And Marketing Expense": NaN,
        "General And Administrative Expense": NaN,
        "Other Gand A": NaN,
        "Gross Profit": NaN,
        "Cost Of Revenue": NaN,
        "Total Revenue": NaN,
        "Operating Revenue": NaN
    },
    "2024-03-31": {
        "Tax Effect Of Unusual Items": NaN,
        "Tax Rate For Calcs": NaN,
        "Normalized EBITDA": NaN,
        "Total Unusual Items": NaN,
        "Total Unusual Items Excluding Goodwill": NaN,
        "Net Income From Continuing Operation Net Minority Interest": NaN,
        "Reconciled Depreciation": NaN,
        "Reconciled Cost Of Revenue": NaN,
        "EBITDA": NaN,
        "EBIT": NaN,
        "Net Interest Income": NaN,
        "Interest Expense": NaN,
        "Normalized Income": NaN,
        "Net Income From Continuing And Discontinued Operation": NaN,
        "Total Expenses": NaN,
        "Total Operating Income As Reported": NaN,
        "Diluted Average Shares": 22085292.0,
        "Basic Average Shares": 19662380.0,
        "Diluted EPS": 0.03,
        "Basic EPS": 0.07,
        "Diluted NI Availto Com Stockholders": NaN,
        "Net Income Common Stockholders": NaN,
        "Net Income": NaN,
        "Net Income Including Noncontrolling Interests": NaN,
        "Net Income Continuous Operations": NaN,
        "Tax Provision": NaN,
        "Pretax Income": NaN,
        "Other Income Expense": NaN,
        "Special Income Charges": 0.0,
        "Other Special Charges": 0.0,
        "Gain On Sale Of Security": NaN,
        "Net Non Operating Interest Income Expense": NaN,
        "Interest Expense Non Operating": NaN,
        "Operating Income": NaN,
        "Operating Expense": NaN,
        "Research And Development": NaN,
        "Selling General And Administration": NaN,
        "Selling And Marketing Expense": NaN,
        "General And Administrative Expense": NaN,
        "Other Gand A": NaN,
        "Gross Profit": NaN,
        "Cost Of Revenue": NaN,
        "Total Revenue": NaN,
        "Operating Revenue": NaN
    },
    "2024-06-30": {
        "Tax Effect Of Unusual Items": -82825.60368,
        "Tax Rate For Calcs": 0.009746,
        "Normalized EBITDA": 7351000.0,
        "Total Unusual Items": -8498000.0,
        "Total Unusual Items Excluding Goodwill": -8498000.0,
        "Net Income From Continuing Operation Net Minority Interest": -18085000.0,
        "Reconciled Depreciation": 2729000.0,
        "Reconciled Cost Of Revenue": 140713000.0,
        "EBITDA": -1147000.0,
        "EBIT": -3876000.0,
        "Net Interest Income": -14387000.0,
        "Interest Expense": 14387000.0,
        "Normalized Income": -9669825.60368,
        "Net Income From Continuing And Discontinued Operation": -18085000.0,
        "Total Expenses": 165265000.0,
        "Total Operating Income As Reported": -6456000.0,
        "Diluted Average Shares": 19674539.0,
        "Basic Average Shares": 19674539.0,
        "Diluted EPS": -0.92,
        "Basic EPS": -0.92,
        "Diluted NI Availto Com Stockholders": -18085000.0,
        "Net Income Common Stockholders": -18085000.0,
        "Net Income": -18085000.0,
        "Net Income Including Noncontrolling Interests": -18085000.0,
        "Net Income Continuous Operations": -18085000.0,
        "Tax Provision": -178000.0,
        "Pretax Income": -18263000.0,
        "Other Income Expense": -8498000.0,
        "Special Income Charges": NaN,
        "Other Special Charges": NaN,
        "Gain On Sale Of Security": -8498000.0,
        "Net Non Operating Interest Income Expense": -14387000.0,
        "Interest Expense Non Operating": 14387000.0,
        "Operating Income": 4622000.0,
        "Operating Expense": 24552000.0,
        "Research And Development": 2433000.0,
        "Selling General And Administration": 22119000.0,
        "Selling And Marketing Expense": 5449000.0,
        "General And Administrative Expense": 16670000.0,
        "Other Gand A": 16670000.0,
        "Gross Profit": 29174000.0,
        "Cost Of Revenue": 140713000.0,
        "Total Revenue": 169887000.0,
        "Operating Revenue": 169887000.0
    },
    "2024-09-30": {
        "Tax Effect Of Unusual Items": -1219680.0,
        "Tax Rate For Calcs": 0.21,
        "Normalized EBITDA": 20549000.0,
        "Total Unusual Items": -5808000.0,
        "Total Unusual Items Excluding Goodwill": -5808000.0,
        "Net Income From Continuing Operation Net Minority Interest": -2954000.0,
        "Reconciled Depreciation": 2601000.0,
        "Reconciled Cost Of Revenue": 166909000.0,
        "EBITDA": 14741000.0,
        "EBIT": 12140000.0,
        "Net Interest Income": -14182000.0,
        "Interest Expense": 14182000.0,
        "Normalized Income": 1634320.0,
        "Net Income From Continuing And Discontinued Operation": -2954000.0,
        "Total Expenses": 190238000.0,
        "Total Operating Income As Reported": 12520000.0,
        "Diluted Average Shares": 19760028.0,
        "Basic Average Shares": 19760028.0,
        "Diluted EPS": -0.15,
        "Basic EPS": -0.15,
        "Diluted NI Availto Com Stockholders": -2954000.0,
        "Net Income Common Stockholders": -2954000.0,
        "Net Income": -2954000.0,
        "Net Income Including Noncontrolling Interests": -2954000.0,
        "Net Income Continuous Operations": -2954000.0,
        "Tax Provision": 912000.0,
        "Pretax Income": -2042000.0,
        "Other Income Expense": -5808000.0,
        "Special Income Charges": 0.0,
        "Other Special Charges": NaN,
        "Gain On Sale Of Security": -5808000.0,
        "Net Non Operating Interest Income Expense": -14182000.0,
        "Interest Expense Non Operating": 14182000.0,
        "Operating Income": 17948000.0,
        "Operating Expense": 23329000.0,
        "Research And Development": 2443000.0,
        "Selling General And Administration": 20886000.0,
        "Selling And Marketing Expense": 5834000.0,
        "General And Administrative Expense": 15052000.0,
        "Other Gand A": 15052000.0,
        "Gross Profit": 41277000.0,
        "Cost Of Revenue": 166909000.0,
        "Total Revenue": 208186000.0,
        "Operating Revenue": 208186000.0
    },
    "2024-12-31": {
        "Tax Effect Of Unusual Items": -719400.0,
        "Tax Rate For Calcs": 0.327,
        "Normalized EBITDA": 22573000.0,
        "Total Unusual Items": -2200000.0,
        "Total Unusual Items Excluding Goodwill": -2200000.0,
        "Net Income From Continuing Operation Net Minority Interest": 2291000.0,
        "Reconciled Depreciation": 2532000.0,
        "Reconciled Cost Of Revenue": 141294000.0,
        "EBITDA": 20373000.0,
        "EBIT": 17841000.0,
        "Net Interest Income": -14435000.0,
        "Interest Expense": 14435000.0,
        "Normalized Income": 3771600.0,
        "Net Income From Continuing And Discontinued Operation": 2291000.0,
        "Total Expenses": 166135000.0,
        "Total Operating Income As Reported": 17581000.0,
        "Diluted Average Shares": 20416958.0,
        "Basic Average Shares": 19783170.0,
        "Diluted EPS": 0.11,
        "Basic EPS": 0.12,
        "Diluted NI Availto Com Stockholders": 2291000.0,
        "Net Income Common Stockholders": 2291000.0,
        "Net Income": 2291000.0,
        "Net Income Including Noncontrolling Interests": 2291000.0,
        "Net Income Continuous Operations": 2291000.0,
        "Tax Provision": 1115000.0,
        "Pretax Income": 3406000.0,
        "Other Income Expense": -2200000.0,
        "Special Income Charges": 0.0,
        "Other Special Charges": NaN,
        "Gain On Sale Of Security": -2200000.0,
        "Net Non Operating Interest Income Expense": -14435000.0,
        "Interest Expense Non Operating": 14435000.0,
        "Operating Income": 20041000.0,
        "Operating Expense": 24841000.0,
        "Research And Development": 3008000.0,
        "Selling General And Administration": 21833000.0,
        "Selling And Marketing Expense": 5621000.0,
        "General And Administrative Expense": 16212000.0,
        "Other Gand A": 16212000.0,
        "Gross Profit": 44882000.0,
        "Cost Of Revenue": 141294000.0,
        "Total Revenue": 186176000.0,
        "Operating Revenue": 186176000.0
    },
    "2025-03-31": {
        "Tax Effect Of Unusual Items": 116340.0,
        "Tax Rate For Calcs": 0.21,
        "Normalized EBITDA": 15742000.0,
        "Total Unusual Items": 554000.0,
        "Total Unusual Items Excluding Goodwill": 554000.0,
        "Net Income From Continuing Operation Net Minority Interest": -722000.0,
        "Reconciled Depreciation": 2538000.0,
        "Reconciled Cost Of Revenue": 154610000.0,
        "EBITDA": 16296000.0,
        "EBIT": 13758000.0,
        "Net Interest Income": -12546000.0,
        "Interest Expense": 12546000.0,
        "Normalized Income": -1159660.0,
        "Net Income From Continuing And Discontinued Operation": -722000.0,
        "Total Expenses": 179901000.0,
        "Total Operating Income As Reported": 16278000.0,
        "Diluted Average Shares": NaN,
        "Basic Average Shares": NaN,
        "Diluted EPS": NaN,
        "Basic EPS": NaN,
        "Diluted NI Availto Com Stockholders": -722000.0,
        "Net Income Common Stockholders": -722000.0,
        "Net Income": -722000.0,
        "Net Income Including Noncontrolling Interests": -722000.0,
        "Net Income Continuous Operations": -722000.0,
        "Tax Provision": 1934000.0,
        "Pretax Income": 1212000.0,
        "Other Income Expense": 554000.0,
        "Special Income Charges": 0.0,
        "Other Special Charges": NaN,
        "Gain On Sale Of Security": 554000.0,
        "Net Non Operating Interest Income Expense": -12546000.0,
        "Interest Expense Non Operating": 12546000.0,
        "Operating Income": 13204000.0,
        "Operating Expense": 25291000.0,
        "Research And Development": 3521000.0,
        "Selling General And Administration": 21770000.0,
        "Selling And Marketing Expense": 5657000.0,
        "General And Administrative Expense": 16113000.0,
        "Other Gand A": 16113000.0,
        "Gross Profit": 38495000.0,
        "Cost Of Revenue": 154610000.0,
        "Total Revenue": 193105000.0,
        "Operating Revenue": 193105000.0
    },
    "2025-06-30": {
        "Tax Effect Of Unusual Items": 1377180.0,
        "Tax Rate For Calcs": 0.21,
        "Normalized EBITDA": 14170000.0,
        "Total Unusual Items": 6558000.0,
        "Total Unusual Items Excluding Goodwill": 6558000.0,
        "Net Income From Continuing Operation Net Minority Interest": 3042000.0,
        "Reconciled Depreciation": 2449000.0,
        "Reconciled Cost Of Revenue": 154447000.0,
        "EBITDA": 20728000.0,
        "EBIT": 18279000.0,
        "Net Interest Income": -12812000.0,
        "Interest Expense": 12812000.0,
        "Normalized Income": -2138820.0,
        "Net Income From Continuing And Discontinued Operation": 3042000.0,
        "Total Expenses": 176643000.0,
        "Total Operating Income As Reported": 20069000.0,
        "Diluted Average Shares": 19917663.0,
        "Basic Average Shares": 19369060.0,
        "Diluted EPS": 0.15,
        "Basic EPS": 0.16,
        "Diluted NI Availto Com Stockholders": 3042000.0,
        "Net Income Common Stockholders": 3042000.0,
        "Net Income": 3042000.0,
        "Net Income Including Noncontrolling Interests": 3042000.0,
        "Net Income Continuous Operations": 3042000.0,
        "Tax Provision": 2425000.0,
        "Pretax Income": 5467000.0,
        "Other Income Expense": 6558000.0,
        "Special Income Charges": NaN,
        "Other Special Charges": NaN,
        "Gain On Sale Of Security": 6558000.0,
        "Net Non Operating Interest Income Expense": -12812000.0,
        "Interest Expense Non Operating": 12812000.0,
        "Operating Income": 11721000.0,
        "Operating Expense": 22196000.0,
        "Research And Development": 3306000.0,
        "Selling General And Administration": 18890000.0,
        "Selling And Marketing Expense": 6210000.0,
        "General And Administrative Expense": 12680000.0,
        "Other Gand A": 12680000.0,
        "Gross Profit": 33917000.0,
        "Cost Of Revenue": 154447000.0,
        "Total Revenue": 188364000.0,
        "Operating Revenue": 188364000.0
    }
}