{
    "2023-03-31": {
        "Tax Effect Of Unusual Items": 0.0,
        "Tax Rate For Calcs": 0.28,
        "Normalized EBITDA": 64000000.0,
        "Net Income From Continuing Operation Net Minority Interest": 34000000.0,
        "Reconciled Depreciation": 10000000.0,
        "Reconciled Cost Of Revenue": 706000000.0,
        "EBITDA": 64000000.0,
        "EBIT": 54000000.0,
        "Net Interest Income": -7000000.0,
        "Interest Expense": 7000000.0,
        "Normalized Income": 34000000.0,
        "Net Income From Continuing And Discontinued Operation": 34000000.0,
        "Total Expenses": 828000000.0,
        "Total Operating Income As Reported": 57000000.0,
        "Diluted Average Shares": 85400000.0,
        "Basic Average Shares": 84000000.0,
        "Diluted EPS": 0.33,
        "Basic EPS": 0.33,
        "Diluted NI Availto Com Stockholders": 28000000.0,
        "Net Income Common Stockholders": 28000000.0,
        "Preferred Stock Dividends": 6000000.0,
        "Net Income": 34000000.0,
        "Net Income Including Noncontrolling Interests": 34000000.0,
        "Net Income Continuous Operations": 34000000.0,
        "Tax Provision": 13000000.0,
        "Pretax Income": 47000000.0,
        "Other Income Expense": -3000000.0,
        "Other Non Operating Income Expenses": -3000000.0,
        "Net Non Operating Interest Income Expense": -7000000.0,
        "Interest Expense Non Operating": 7000000.0,
        "Operating Income": 57000000.0,
        "Operating Expense": 122000000.0,
        "Selling General And Administration": 122000000.0,
        "Gross Profit": 179000000.0,
        "Cost Of Revenue": 706000000.0,
        "Total Revenue": 885000000.0,
        "Operating Revenue": 885000000.0
    },
    "2022-12-31": {
        "Tax Effect Of Unusual Items": 0.0,
        "Tax Rate For Calcs": 0.363636,
        "Normalized EBITDA": 50000000.0,
        "Net Income From Continuing Operation Net Minority Interest": 21000000.0,
        "Reconciled Depreciation": 10000000.0,
        "Reconciled Cost Of Revenue": 711000000.0,
        "EBITDA": 50000000.0,
        "EBIT": 40000000.0,
        "Net Interest Income": -7000000.0,
        "Interest Expense": 7000000.0,
        "Normalized Income": 21000000.0,
        "Net Income From Continuing And Discontinued Operation": 21000000.0,
        "Total Expenses": 834000000.0,
        "Total Operating Income As Reported": 35000000.0,
        "Diluted Average Shares": 85300000.0,
        "Basic Average Shares": 83600000.0,
        "Diluted EPS": 0.18,
        "Basic EPS": 0.18,
        "Diluted NI Availto Com Stockholders": 15000000.0,
        "Net Income Common Stockholders": 15000000.0,
        "Preferred Stock Dividends": 6000000.0,
        "Net Income": 21000000.0,
        "Net Income Including Noncontrolling Interests": 21000000.0,
        "Net Income Continuous Operations": 21000000.0,
        "Tax Provision": 12000000.0,
        "Pretax Income": 33000000.0,
        "Other Income Expense": 5000000.0,
        "Other Non Operating Income Expenses": 5000000.0,
        "Net Non Operating Interest Income Expense": -7000000.0,
        "Interest Expense Non Operating": 7000000.0,
        "Operating Income": 35000000.0,
        "Operating Expense": 123000000.0,
        "Selling General And Administration": 123000000.0,
        "Gross Profit": 158000000.0,
        "Cost Of Revenue": 711000000.0,
        "Total Revenue": 869000000.0,
        "Operating Revenue": 869000000.0
    },
    "2022-09-30": {
        "Tax Effect Of Unusual Items": 0.0,
        "Tax Rate For Calcs": 0.29,
        "Normalized EBITDA": 49000000.0,
        "Net Income From Continuing Operation Net Minority Interest": 24000000.0,
        "Reconciled Depreciation": 9000000.0,
        "Reconciled Cost Of Revenue": 739000000.0,
        "EBITDA": 49000000.0,
        "EBIT": 40000000.0,
        "Net Interest Income": -6000000.0,
        "Interest Expense": 6000000.0,
        "Normalized Income": 24000000.0,
        "Net Income From Continuing And Discontinued Operation": 24000000.0,
        "Total Expenses": 859000000.0,
        "Total Operating Income As Reported": 45000000.0,
        "Diluted Average Shares": 85000000.0,
        "Basic Average Shares": 83600000.0,
        "Diluted EPS": 0.21,
        "Basic EPS": 0.22,
        "Diluted NI Availto Com Stockholders": 18000000.0,
        "Average Dilution Earnings": NaN,
        "Net Income Common Stockholders": 18000000.0,
        "Preferred Stock Dividends": 6000000.0,
        "Net Income": 24000000.0,
        "Net Income Including Noncontrolling Interests": 24000000.0,
        "Net Income Continuous Operations": 24000000.0,
        "Tax Provision": 10000000.0,
        "Pretax Income": 34000000.0,
        "Other Income Expense": -5000000.0,
        "Other Non Operating Income Expenses": -5000000.0,
        "Net Non Operating Interest Income Expense": -6000000.0,
        "Interest Expense Non Operating": 6000000.0,
        "Operating Income": 45000000.0,
        "Operating Expense": 120000000.0,
        "Selling General And Administration": 120000000.0,
        "Gross Profit": 165000000.0,
        "Cost Of Revenue": 739000000.0,
        "Total Revenue": 904000000.0,
        "Operating Revenue": 904000000.0
    },
    "2022-06-30": {
        "Tax Effect Of Unusual Items": 0.0,
        "Tax Rate For Calcs": 0.3,
        "Normalized EBITDA": 35000000.0,
        "Net Income From Continuing Operation Net Minority Interest": 14000000.0,
        "Reconciled Depreciation": 10000000.0,
        "Reconciled Cost Of Revenue": 697000000.0,
        "EBITDA": 35000000.0,
        "EBIT": 25000000.0,
        "Net Interest Income": -5000000.0,
        "Interest Expense": 5000000.0,
        "Normalized Income": 14000000.0,
        "Net Income From Continuing And Discontinued Operation": 14000000.0,
        "Total Expenses": 817000000.0,
        "Total Operating Income As Reported": 31000000.0,
        "Diluted Average Shares": 84900000.0,
        "Basic Average Shares": 83600000.0,
        "Diluted EPS": 0.09,
        "Basic EPS": 0.1,
        "Diluted NI Availto Com Stockholders": 8000000.0,
        "Net Income Common Stockholders": 8000000.0,
        "Preferred Stock Dividends": 6000000.0,
        "Net Income": 14000000.0,
        "Net Income Including Noncontrolling Interests": 14000000.0,
        "Net Income Continuous Operations": 14000000.0,
        "Tax Provision": 6000000.0,
        "Pretax Income": 20000000.0,
        "Other Income Expense": -6000000.0,
        "Other Non Operating Income Expenses": -6000000.0,
        "Net Non Operating Interest Income Expense": -5000000.0,
        "Interest Expense Non Operating": 5000000.0,
        "Operating Income": 31000000.0,
        "Operating Expense": 120000000.0,
        "Selling General And Administration": 120000000.0,
        "Gross Profit": 151000000.0,
        "Cost Of Revenue": 697000000.0,
        "Total Revenue": 848000000.0,
        "Operating Revenue": 848000000.0
    },
    "2022-03-31": {
        "Diluted EPS": 0.12,
        "Total Revenue": 742,
        "Gross Profit": 136,
        "Operating Income": 29,
        "EBIT": 39,
        "Net Income": 10
    },
    "2021-12-31": {
        "Diluted EPS": -0.12,
        "Total Revenue": 686,
        "Gross Profit": 107,
        "Operating Income": 1,
        "EBIT": 13,
        "Net Income": -10
    },
    "2021-09-30": {
        "Diluted EPS": -0.21,
        "Total Revenue": 685,
        "Gross Profit": 95,
        "Operating Income": -7,
        "EBIT": 4,
        "Net Income": -17
    },
    "2021-06-30": {
        "Diluted EPS": -0.02,
        "Total Revenue": 686,
        "Gross Profit": 112,
        "Operating Income": 10,
        "EBIT": 21,
        "Net Income": -2
    },
    "2021-03-31": {
        "Diluted EPS": -0.11,
        "Total Revenue": 609,
        "Gross Profit": 103,
        "Operating Income": 3,
        "EBIT": 14,
        "Net Income": -9
    },
    "2020-12-31": {
        "Diluted EPS": -0.13,
        "Total Revenue": 579,
        "Gross Profit": 90,
        "Operating Income": -7,
        "EBIT": 5,
        "Net Income": -11
    },
    "2020-09-30": {
        "Diluted EPS": -0.04,
        "Total Revenue": 585,
        "Gross Profit": 114,
        "Operating Income": 14,
        "EBIT": 26,
        "Net Income": -3
    },
    "2020-06-30": {
        "Diluted EPS": -3.5,
        "Total Revenue": 602,
        "Gross Profit": 79,
        "Operating Income": -289,
        "EBIT": -278,
        "Net Income": -287
    },
    "2020-03-31": {
        "Diluted EPS": 0.04,
        "Total Revenue": 794,
        "Gross Profit": 148,
        "Operating Income": 22,
        "EBIT": 34,
        "Net Income": 3
    },
    "2019-12-31": {
        "Diluted EPS": -0.35,
        "Total Revenue": 766,
        "Gross Profit": 131,
        "Operating Income": -10,
        "EBIT": 5,
        "Net Income": -30
    },
    "2019-09-30": {
        "Diluted EPS": 0.18,
        "Total Revenue": 942,
        "Gross Profit": 174,
        "Operating Income": 37,
        "EBIT": 53,
        "Net Income": 15
    },
    "2019-06-30": {
        "Diluted EPS": 0.21,
        "Total Revenue": 984,
        "Gross Profit": 174,
        "Operating Income": 41,
        "EBIT": 58,
        "Net Income": 18
    },
    "2019-03-31": {
        "Diluted EPS": 0.14,
        "Total Revenue": 970,
        "Gross Profit": 174,
        "Operating Income": 35,
        "EBIT": 51,
        "Net Income": 12
    },
    "2018-12-31": {
        "Diluted EPS": 0.04,
        "Total Revenue": NaN,
        "Gross Profit": 171,
        "Operating Income": 23,
        "EBIT": 40,
        "Net Income": 4
    },
    "2018-09-30": {
        "Diluted EPS": 0.2,
        "Total Revenue": NaN,
        "Gross Profit": 172,
        "Operating Income": 32,
        "EBIT": 49,
        "Net Income": 18
    },
    "2018-06-30": {
        "Diluted EPS": 0.17,
        "Total Revenue": NaN,
        "Gross Profit": 177,
        "Operating Income": 41,
        "EBIT": 59,
        "Net Income": 16
    },
    "2018-03-31": {
        "Diluted EPS": 0.13,
        "Total Revenue": NaN,
        "Gross Profit": 169,
        "Operating Income": 31,
        "EBIT": 48,
        "Net Income": 12
    },
    "2017-12-31": {
        "Diluted EPS": 0.3,
        "Total Revenue": 903,
        "Gross Profit": 141,
        "Operating Income": -7,
        "EBIT": 10,
        "Net Income": 29
    },
    "2017-09-30": {
        "Diluted EPS": -0.03,
        "Total Revenue": 959,
        "Gross Profit": 152,
        "Operating Income": 22,
        "EBIT": 40,
        "Net Income": -3
    },
    "2017-06-30": {
        "Diluted EPS": 0.0,
        "Total Revenue": 922,
        "Gross Profit": 149,
        "Operating Income": 17,
        "EBIT": 35,
        "Net Income": NaN
    },
    "2017-03-31": {
        "Diluted EPS": 0.0,
        "Total Revenue": 862,
        "Gross Profit": 140,
        "Operating Income": 14,
        "EBIT": 31,
        "Net Income": NaN
    },
    "2016-12-31": {
        "Diluted EPS": -0.24,
        "Total Revenue": 719,
        "Gross Profit": 122,
        "Operating Income": -6,
        "EBIT": 13,
        "Net Income": -24
    },
    "2016-09-30": {
        "Diluted EPS": -0.48,
        "Total Revenue": 793,
        "Gross Profit": 88,
        "Operating Income": -36,
        "EBIT": -17,
        "Net Income": -46
    },
    "2016-06-30": {
        "Diluted EPS": -0.24,
        "Total Revenue": 746,
        "Gross Profit": 125,
        "Operating Income": -10,
        "EBIT": 8,
        "Net Income": -23
    },
    "2016-03-31": {
        "Diluted EPS": -0.14,
        "Total Revenue": 783,
        "Gross Profit": 133,
        "Operating Income": -4,
        "EBIT": 13,
        "Net Income": -14
    },
    "2015-12-31": {
        "Diluted EPS": -3.91,
        "Total Revenue": 968,
        "Gross Profit": 175,
        "Operating Income": -433,
        "EBIT": -412,
        "Net Income": -398
    },
    "2015-09-30": {
        "Diluted EPS": 0.1,
        "Total Revenue": NaN,
        "Gross Profit": 185,
        "Operating Income": 43,
        "EBIT": 66,
        "Net Income": 10
    },
    "2015-06-30": {
        "Diluted EPS": 0.15,
        "Total Revenue": NaN,
        "Gross Profit": 206,
        "Operating Income": 47,
        "EBIT": 67,
        "Net Income": 15
    },
    "2015-03-31": {
        "Diluted EPS": 0.28,
        "Total Revenue": NaN,
        "Gross Profit": 220,
        "Operating Income": 61,
        "EBIT": 82,
        "Net Income": 29
    },
    "2014-12-31": {
        "Diluted EPS": 0.3,
        "Total Revenue": NaN,
        "Gross Profit": 248,
        "Operating Income": 74,
        "EBIT": 95,
        "Net Income": 31
    },
    "2014-09-30": {
        "Diluted EPS": 0.49,
        "Total Revenue": NaN,
        "Gross Profit": 278,
        "Operating Income": 93,
        "EBIT": 120,
        "Net Income": 50
    },
    "2014-06-30": {
        "Diluted EPS": 0.38,
        "Total Revenue": NaN,
        "Gross Profit": 259,
        "Operating Income": 74,
        "EBIT": 99,
        "Net Income": 39
    },
    "2014-03-31": {
        "Diluted EPS": 0.23,
        "Total Revenue": NaN,
        "Gross Profit": 232,
        "Operating Income": 61,
        "EBIT": 83,
        "Net Income": 24
    },
    "2013-12-31": {
        "Diluted EPS": 0.22,
        "Total Revenue": NaN,
        "Gross Profit": 226,
        "Operating Income": 59,
        "EBIT": 79,
        "Net Income": 23
    },
    "2013-09-30": {
        "Diluted EPS": 0.38,
        "Total Revenue": NaN,
        "Gross Profit": 238,
        "Operating Income": 77,
        "EBIT": 98,
        "Net Income": 39
    },
    "2013-06-30": {
        "Diluted EPS": 0.43,
        "Total Revenue": NaN,
        "Gross Profit": 244,
        "Operating Income": 90,
        "EBIT": 110,
        "Net Income": 44
    },
    "2013-03-31": {
        "Diluted EPS": 0.45,
        "Total Revenue": NaN,
        "Gross Profit": 247,
        "Operating Income": 86,
        "EBIT": 106,
        "Net Income": 46
    },
    "2012-12-31": {
        "Diluted EPS": -0.08,
        "Total Revenue": NaN,
        "Gross Profit": 258,
        "Operating Income": 104,
        "EBIT": 123,
        "Net Income": -6
    },
    "2012-09-30": {
        "Diluted EPS": 0.54,
        "Total Revenue": NaN,
        "Gross Profit": 277,
        "Operating Income": 122,
        "EBIT": 142,
        "Net Income": 56
    },
    "2012-06-30": {
        "Diluted EPS": 0.32,
        "Total Revenue": NaN,
        "Gross Profit": 242,
        "Operating Income": 90,
        "EBIT": 110,
        "Net Income": 31
    },
    "2012-03-31": {
        "Diluted EPS": 0.44,
        "Total Revenue": NaN,
        "Gross Profit": 237,
        "Operating Income": 90,
        "EBIT": 109,
        "Net Income": 38
    },
    "2011-12-31": {
        "Diluted EPS": 0.03,
        "Total Revenue": NaN,
        "Gross Profit": 187,
        "Operating Income": 50,
        "EBIT": 69,
        "Net Income": 4
    },
    "2011-09-30": {
        "Diluted EPS": 0.26,
        "Total Revenue": NaN,
        "Gross Profit": 201,
        "Operating Income": 66,
        "EBIT": 87,
        "Net Income": 22
    },
    "2011-06-30": {
        "Diluted EPS": 0.06,
        "Total Revenue": NaN,
        "Gross Profit": 173,
        "Operating Income": 49,
        "EBIT": 68,
        "Net Income": 5
    },
    "2011-03-31": {
        "Diluted EPS": -0.01,
        "Total Revenue": 992,
        "Gross Profit": 147,
        "Operating Income": 30,
        "EBIT": 49,
        "Net Income": -1
    },
    "2010-12-31": {
        "Diluted EPS": 0.0,
        "Total Revenue": NaN,
        "Gross Profit": NaN,
        "Operating Income": NaN,
        "EBIT": NaN,
        "Net Income": NaN
    },
    "2010-09-30": {
        "Diluted EPS": -0.07,
        "Total Revenue": NaN,
        "Gross Profit": 137,
        "Operating Income": 21,
        "EBIT": 42,
        "Net Income": -10
    },
    "2010-06-30": {
        "Diluted EPS": -0.09,
        "Total Revenue": 927,
        "Gross Profit": 117,
        "Operating Income": 7,
        "EBIT": 7,
        "Net Income": -16
    },
    "2009-12-31": {
        "Diluted EPS": 0.0,
        "Total Revenue": NaN,
        "Gross Profit": NaN,
        "Operating Income": NaN,
        "EBIT": NaN,
        "Net Income": NaN
    },
    "2023-06-30": {
        "Tax Effect Of Unusual Items": 0.0,
        "Tax Rate For Calcs": 0.29,
        "Normalized EBITDA": 54000000.0,
        "Net Income From Continuing Operation Net Minority Interest": 24000000.0,
        "Reconciled Depreciation": 10000000.0,
        "Reconciled Cost Of Revenue": 696000000.0,
        "EBITDA": 54000000.0,
        "EBIT": 44000000.0,
        "Net Interest Income": -10000000.0,
        "Interest Expense": 10000000.0,
        "Normalized Income": 24000000.0,
        "Net Income From Continuing And Discontinued Operation": 24000000.0,
        "Total Expenses": 826000000.0,
        "Total Operating Income As Reported": 45000000.0,
        "Diluted Average Shares": 85300000.0,
        "Basic Average Shares": 84300000.0,
        "Diluted EPS": 0.21,
        "Basic EPS": 0.21,
        "Diluted NI Availto Com Stockholders": 18000000.0,
        "Net Income Common Stockholders": 18000000.0,
        "Preferred Stock Dividends": 6000000.0,
        "Net Income": 24000000.0,
        "Net Income Including Noncontrolling Interests": 24000000.0,
        "Net Income Continuous Operations": 24000000.0,
        "Tax Provision": 10000000.0,
        "Pretax Income": 34000000.0,
        "Other Income Expense": -1000000.0,
        "Other Non Operating Income Expenses": -1000000.0,
        "Net Non Operating Interest Income Expense": -10000000.0,
        "Interest Expense Non Operating": 10000000.0,
        "Operating Income": 45000000.0,
        "Operating Expense": 130000000.0,
        "Selling General And Administration": 130000000.0,
        "Gross Profit": 175000000.0,
        "Cost Of Revenue": 696000000.0,
        "Total Revenue": 871000000.0,
        "Operating Revenue": 871000000.0
    },
    "2023-09-30": {
        "Tax Effect Of Unusual Items": NaN,
        "Tax Rate For Calcs": NaN,
        "Normalized EBITDA": NaN,
        "Net Income From Continuing Operation Net Minority Interest": NaN,
        "Reconciled Depreciation": NaN,
        "Reconciled Cost Of Revenue": NaN,
        "EBITDA": NaN,
        "EBIT": NaN,
        "Net Interest Income": NaN,
        "Interest Expense": NaN,
        "Normalized Income": NaN,
        "Net Income From Continuing And Discontinued Operation": NaN,
        "Total Expenses": NaN,
        "Total Operating Income As Reported": NaN,
        "Diluted Average Shares": 105900000.0,
        "Basic Average Shares": 84300000.0,
        "Diluted EPS": 0.33,
        "Basic EPS": 0.34,
        "Diluted NI Availto Com Stockholders": NaN,
        "Net Income Common Stockholders": NaN,
        "Preferred Stock Dividends": NaN,
        "Net Income": NaN,
        "Net Income Including Noncontrolling Interests": NaN,
        "Net Income Continuous Operations": NaN,
        "Tax Provision": NaN,
        "Pretax Income": NaN,
        "Other Income Expense": NaN,
        "Other Non Operating Income Expenses": NaN,
        "Net Non Operating Interest Income Expense": NaN,
        "Interest Expense Non Operating": NaN,
        "Operating Income": NaN,
        "Operating Expense": NaN,
        "Selling General And Administration": NaN,
        "Gross Profit": NaN,
        "Cost Of Revenue": NaN,
        "Total Revenue": NaN,
        "Operating Revenue": NaN
    },
    "2023-12-31": {
        "Tax Effect Of Unusual Items": NaN,
        "Tax Rate For Calcs": NaN,
        "Normalized EBITDA": NaN,
        "Net Income From Continuing Operation Net Minority Interest": NaN,
        "Reconciled Depreciation": NaN,
        "Reconciled Cost Of Revenue": NaN,
        "EBITDA": NaN,
        "EBIT": NaN,
        "Net Interest Income": NaN,
        "Interest Expense": NaN,
        "Normalized Income": NaN,
        "Net Income From Continuing And Discontinued Operation": NaN,
        "Total Expenses": NaN,
        "Total Operating Income As Reported": NaN,
        "Diluted Average Shares": NaN,
        "Basic Average Shares": NaN,
        "Diluted EPS": NaN,
        "Basic EPS": NaN,
        "Diluted NI Availto Com Stockholders": NaN,
        "Net Income Common Stockholders": NaN,
        "Preferred Stock Dividends": 6000000.0,
        "Net Income": NaN,
        "Net Income Including Noncontrolling Interests": NaN,
        "Net Income Discontinuous Operations": NaN,
        "Net Income Continuous Operations": NaN,
        "Tax Provision": NaN,
        "Pretax Income": NaN,
        "Other Income Expense": 1000000.0,
        "Other Non Operating Income Expenses": 1000000.0,
        "Net Non Operating Interest Income Expense": NaN,
        "Interest Expense Non Operating": NaN,
        "Operating Income": NaN,
        "Operating Expense": NaN,
        "Selling General And Administration": NaN,
        "Gross Profit": NaN,
        "Cost Of Revenue": NaN,
        "Total Revenue": NaN,
        "Operating Revenue": NaN
    },
    "2024-03-31": {
        "Tax Effect Of Unusual Items": 0.0,
        "Tax Rate For Calcs": 0.285714,
        "Normalized EBITDA": 46000000.0,
        "Net Income From Continuing Operation Net Minority Interest": 20000000.0,
        "Reconciled Depreciation": 10000000.0,
        "Reconciled Cost Of Revenue": 618000000.0,
        "EBITDA": 46000000.0,
        "EBIT": 36000000.0,
        "Net Interest Income": -8000000.0,
        "Interest Expense": 8000000.0,
        "Normalized Income": 20000000.0,
        "Net Income From Continuing And Discontinued Operation": 19000000.0,
        "Total Expenses": 738000000.0,
        "Total Operating Income As Reported": 39000000.0,
        "Diluted Average Shares": 86100000.0,
        "Basic Average Shares": 84700000.0,
        "Diluted EPS": 0.15,
        "Basic EPS": 0.15,
        "Diluted NI Availto Com Stockholders": 13000000.0,
        "Net Income Common Stockholders": 13000000.0,
        "Preferred Stock Dividends": 6000000.0,
        "Net Income": 19000000.0,
        "Net Income Including Noncontrolling Interests": 19000000.0,
        "Net Income Discontinuous Operations": -1000000.0,
        "Net Income Continuous Operations": 20000000.0,
        "Tax Provision": 8000000.0,
        "Pretax Income": 28000000.0,
        "Other Income Expense": -3000000.0,
        "Other Non Operating Income Expenses": -3000000.0,
        "Net Non Operating Interest Income Expense": -8000000.0,
        "Interest Expense Non Operating": 8000000.0,
        "Operating Income": 39000000.0,
        "Operating Expense": 120000000.0,
        "Selling General And Administration": 120000000.0,
        "Gross Profit": 159000000.0,
        "Cost Of Revenue": 618000000.0,
        "Total Revenue": 777000000.0,
        "Operating Revenue": 777000000.0
    },
    "2024-06-30": {
        "Tax Effect Of Unusual Items": 0.0,
        "Tax Rate For Calcs": 0.29,
        "Normalized EBITDA": 59000000.0,
        "Net Income From Continuing Operation Net Minority Interest": 30000000.0,
        "Reconciled Depreciation": 10000000.0,
        "Reconciled Cost Of Revenue": 659000000.0,
        "EBITDA": 59000000.0,
        "EBIT": 49000000.0,
        "Net Interest Income": -7000000.0,
        "Interest Expense": 7000000.0,
        "Normalized Income": 30000000.0,
        "Net Income From Continuing And Discontinued Operation": 30000000.0,
        "Total Expenses": 785000000.0,
        "Total Operating Income As Reported": 47000000.0,
        "Diluted Average Shares": 86400000.0,
        "Basic Average Shares": 85200000.0,
        "Diluted EPS": 0.28,
        "Basic EPS": 0.28,
        "Diluted NI Availto Com Stockholders": 24000000.0,
        "Net Income Common Stockholders": 24000000.0,
        "Preferred Stock Dividends": 6000000.0,
        "Net Income": 30000000.0,
        "Net Income Including Noncontrolling Interests": 30000000.0,
        "Net Income Discontinuous Operations": NaN,
        "Net Income Continuous Operations": 30000000.0,
        "Tax Provision": 12000000.0,
        "Pretax Income": 42000000.0,
        "Other Income Expense": 2000000.0,
        "Other Non Operating Income Expenses": 2000000.0,
        "Net Non Operating Interest Income Expense": -7000000.0,
        "Interest Expense Non Operating": 7000000.0,
        "Operating Income": 47000000.0,
        "Operating Expense": 126000000.0,
        "Selling General And Administration": 126000000.0,
        "Gross Profit": 173000000.0,
        "Cost Of Revenue": 659000000.0,
        "Total Revenue": 832000000.0,
        "Operating Revenue": 832000000.0
    },
    "2024-09-30": {
        "Tax Effect Of Unusual Items": 0.0,
        "Tax Rate For Calcs": 0.09,
        "Normalized EBITDA": 47000000.0,
        "Net Income From Continuing Operation Net Minority Interest": 29000000.0,
        "Reconciled Depreciation": 11000000.0,
        "Reconciled Cost Of Revenue": 637000000.0,
        "EBITDA": 47000000.0,
        "EBIT": 36000000.0,
        "Net Interest Income": -4000000.0,
        "Interest Expense": 4000000.0,
        "Normalized Income": 29000000.0,
        "Net Income From Continuing And Discontinued Operation": 29000000.0,
        "Total Expenses": 760000000.0,
        "Total Operating Income As Reported": 37000000.0,
        "Diluted Average Shares": 86200000.0,
        "Basic Average Shares": 85200000.0,
        "Diluted EPS": 0.27,
        "Basic EPS": 0.27,
        "Diluted NI Availto Com Stockholders": 23000000.0,
        "Net Income Common Stockholders": 23000000.0,
        "Preferred Stock Dividends": 6000000.0,
        "Net Income": 29000000.0,
        "Net Income Including Noncontrolling Interests": 29000000.0,
        "Net Income Discontinuous Operations": NaN,
        "Net Income Continuous Operations": 29000000.0,
        "Tax Provision": 3000000.0,
        "Pretax Income": 32000000.0,
        "Other Income Expense": -1000000.0,
        "Other Non Operating Income Expenses": -1000000.0,
        "Net Non Operating Interest Income Expense": -4000000.0,
        "Interest Expense Non Operating": 4000000.0,
        "Operating Income": 37000000.0,
        "Operating Expense": 123000000.0,
        "Selling General And Administration": 123000000.0,
        "Gross Profit": 160000000.0,
        "Cost Of Revenue": 637000000.0,
        "Total Revenue": 797000000.0,
        "Operating Revenue": 797000000.0
    },
    "2024-12-31": {
        "Tax Effect Of Unusual Items": 0.0,
        "Tax Rate For Calcs": 0.21,
        "Normalized EBITDA": 20000000.0,
        "Net Income From Continuing Operation Net Minority Interest": 0.0,
        "Reconciled Depreciation": 9000000.0,
        "Reconciled Cost Of Revenue": 452000000.0,
        "EBITDA": 20000000.0,
        "EBIT": 11000000.0,
        "Net Interest Income": -7000000.0,
        "Interest Expense": 7000000.0,
        "Normalized Income": 0.0,
        "Net Income From Continuing And Discontinued Operation": -23000000.0,
        "Total Expenses": 563000000.0,
        "Total Operating Income As Reported": 13000000.0,
        "Diluted Average Shares": 85200000.0,
        "Basic Average Shares": 85200000.0,
        "Diluted EPS": -0.4,
        "Basic EPS": -0.4,
        "Diluted NI Availto Com Stockholders": -34000000.0,
        "Net Income Common Stockholders": -34000000.0,
        "Preferred Stock Dividends": 11000000.0,
        "Net Income": -23000000.0,
        "Net Income Including Noncontrolling Interests": -23000000.0,
        "Net Income Discontinuous Operations": NaN,
        "Net Income Continuous Operations": 0.0,
        "Tax Provision": 4000000.0,
        "Pretax Income": 4000000.0,
        "Other Income Expense": -2000000.0,
        "Other Non Operating Income Expenses": -2000000.0,
        "Net Non Operating Interest Income Expense": -7000000.0,
        "Interest Expense Non Operating": 7000000.0,
        "Operating Income": 13000000.0,
        "Operating Expense": 111000000.0,
        "Selling General And Administration": 111000000.0,
        "Gross Profit": 124000000.0,
        "Cost Of Revenue": 452000000.0,
        "Total Revenue": 576000000.0,
        "Operating Revenue": 576000000.0
    },
    "2025-03-31": {
        "Tax Effect Of Unusual Items": 0.0,
        "Tax Rate For Calcs": 0.111111,
        "Normalized EBITDA": 28000000.0,
        "Net Income From Continuing Operation Net Minority Interest": 8000000.0,
        "Reconciled Depreciation": 10000000.0,
        "Reconciled Cost Of Revenue": 570000000.0,
        "EBITDA": 28000000.0,
        "EBIT": 18000000.0,
        "Net Interest Income": -9000000.0,
        "Interest Expense": 9000000.0,
        "Normalized Income": 8000000.0,
        "Net Income From Continuing And Discontinued Operation": -22000000.0,
        "Total Expenses": 694000000.0,
        "Total Operating Income As Reported": 18000000.0,
        "Diluted Average Shares": 85700000.0,
        "Basic Average Shares": 85700000.0,
        "Diluted EPS": -0.26,
        "Basic EPS": -0.26,
        "Diluted NI Availto Com Stockholders": -22000000.0,
        "Net Income Common Stockholders": -22000000.0,
        "Preferred Stock Dividends": NaN,
        "Net Income": -22000000.0,
        "Net Income Including Noncontrolling Interests": -22000000.0,
        "Net Income Discontinuous Operations": -30000000.0,
        "Net Income Continuous Operations": 8000000.0,
        "Tax Provision": 1000000.0,
        "Pretax Income": 9000000.0,
        "Other Income Expense": NaN,
        "Other Non Operating Income Expenses": NaN,
        "Net Non Operating Interest Income Expense": -9000000.0,
        "Interest Expense Non Operating": 9000000.0,
        "Operating Income": 18000000.0,
        "Operating Expense": 124000000.0,
        "Selling General And Administration": 124000000.0,
        "Gross Profit": 142000000.0,
        "Cost Of Revenue": 570000000.0,
        "Total Revenue": 712000000.0,
        "Operating Revenue": 712000000.0
    }
}