{
    "2023-03-31": {
        "Tax Effect Of Unusual Items": NaN,
        "Tax Rate For Calcs": NaN,
        "Normalized EBITDA": NaN,
        "Total Unusual Items": NaN,
        "Total Unusual Items Excluding Goodwill": NaN,
        "Net Income From Continuing Operation Net Minority Interest": NaN,
        "Reconciled Depreciation": NaN,
        "Reconciled Cost Of Revenue": NaN,
        "EBITDA": NaN,
        "EBIT": NaN,
        "Net Interest Income": NaN,
        "Interest Expense": NaN,
        "Interest Income": NaN,
        "Normalized Income": NaN,
        "Net Income From Continuing And Discontinued Operation": NaN,
        "Total Expenses": NaN,
        "Total Operating Income As Reported": NaN,
        "Diluted Average Shares": 56896000.0,
        "Basic Average Shares": 56511000.0,
        "Diluted EPS": 0.09,
        "Basic EPS": 0.09,
        "Diluted NI Availto Com Stockholders": NaN,
        "Net Income Common Stockholders": NaN,
        "Net Income": NaN,
        "Net Income Including Noncontrolling Interests": NaN,
        "Net Income Continuous Operations": NaN,
        "Tax Provision": NaN,
        "Pretax Income": NaN,
        "Other Income Expense": NaN,
        "Other Non Operating Income Expenses": NaN,
        "Special Income Charges": NaN,
        "Restructuring And Mergern Acquisition": NaN,
        "Net Non Operating Interest Income Expense": NaN,
        "Interest Expense Non Operating": NaN,
        "Interest Income Non Operating": NaN,
        "Operating Income": NaN,
        "Operating Expense": NaN,
        "Depreciation Amortization Depletion Income Statement": NaN,
        "Depreciation And Amortization In Income Statement": NaN,
        "Amortization": NaN,
        "Amortization Of Intangibles Income Statement": NaN,
        "Research And Development": NaN,
        "Selling General And Administration": NaN,
        "Gross Profit": NaN,
        "Cost Of Revenue": NaN,
        "Total Revenue": NaN,
        "Operating Revenue": NaN
    },
    "2022-12-31": {
        "Tax Effect Of Unusual Items": -495004.81983,
        "Tax Rate For Calcs": 0.164563,
        "Normalized EBITDA": 23760000.0,
        "Total Unusual Items": -3008000.0,
        "Total Unusual Items Excluding Goodwill": -3008000.0,
        "Net Income From Continuing Operation Net Minority Interest": -10920000.0,
        "Reconciled Depreciation": 27233000.0,
        "Reconciled Cost Of Revenue": 134931000.0,
        "EBITDA": 20752000.0,
        "EBIT": -6481000.0,
        "Net Interest Income": -6370000.0,
        "Interest Expense": 6590000.0,
        "Interest Income": 220000.0,
        "Normalized Income": -8407004.81983,
        "Net Income From Continuing And Discontinued Operation": -10920000.0,
        "Total Expenses": 234127000.0,
        "Total Operating Income As Reported": -7547000.0,
        "Diluted Average Shares": 56252000.0,
        "Basic Average Shares": 56252000.0,
        "Diluted EPS": -0.19,
        "Basic EPS": -0.19,
        "Diluted NI Availto Com Stockholders": -10920000.0,
        "Net Income Common Stockholders": -10920000.0,
        "Net Income": -10920000.0,
        "Net Income Including Noncontrolling Interests": -10920000.0,
        "Net Income Continuous Operations": -10920000.0,
        "Tax Provision": -2151000.0,
        "Pretax Income": -13071000.0,
        "Other Income Expense": -2162000.0,
        "Other Non Operating Income Expenses": 846000.0,
        "Special Income Charges": -3008000.0,
        "Restructuring And Mergern Acquisition": 3008000.0,
        "Net Non Operating Interest Income Expense": -6370000.0,
        "Interest Expense Non Operating": 6590000.0,
        "Interest Income Non Operating": 220000.0,
        "Operating Income": -4539000.0,
        "Operating Expense": 85499000.0,
        "Depreciation Amortization Depletion Income Statement": 13536000.0,
        "Depreciation And Amortization In Income Statement": 13536000.0,
        "Amortization": 13536000.0,
        "Amortization Of Intangibles Income Statement": 13536000.0,
        "Research And Development": 26906000.0,
        "Selling General And Administration": 45057000.0,
        "Gross Profit": 80960000.0,
        "Cost Of Revenue": 148628000.0,
        "Total Revenue": 229588000.0,
        "Operating Revenue": 229588000.0
    },
    "2022-09-30": {
        "Tax Effect Of Unusual Items": -266597.121834,
        "Tax Rate For Calcs": 0.066549,
        "Normalized EBITDA": 16897000.0,
        "Total Unusual Items": -4006000.0,
        "Total Unusual Items Excluding Goodwill": -4006000.0,
        "Net Income From Continuing Operation Net Minority Interest": -14335000.0,
        "Reconciled Depreciation": 23701000.0,
        "Reconciled Cost Of Revenue": 140357000.0,
        "EBITDA": 12891000.0,
        "EBIT": -10810000.0,
        "Net Interest Income": -4518000.0,
        "Interest Expense": 4547000.0,
        "Interest Income": 29000.0,
        "Normalized Income": -10595597.121834,
        "Net Income From Continuing And Discontinued Operation": -14335000.0,
        "Total Expenses": 230767000.0,
        "Total Operating Income As Reported": -7194000.0,
        "Diluted Average Shares": 55931000.0,
        "Basic Average Shares": 55931000.0,
        "Diluted EPS": -0.26,
        "Basic EPS": -0.26,
        "Diluted NI Availto Com Stockholders": -14335000.0,
        "Net Income Common Stockholders": -14335000.0,
        "Net Income": -14335000.0,
        "Net Income Including Noncontrolling Interests": -14335000.0,
        "Net Income Continuous Operations": -14335000.0,
        "Tax Provision": -1022000.0,
        "Pretax Income": -15357000.0,
        "Other Income Expense": -7651000.0,
        "Other Non Operating Income Expenses": -3645000.0,
        "Special Income Charges": -4006000.0,
        "Restructuring And Mergern Acquisition": 4006000.0,
        "Net Non Operating Interest Income Expense": -4518000.0,
        "Interest Expense Non Operating": 4547000.0,
        "Interest Income Non Operating": 29000.0,
        "Operating Income": -3188000.0,
        "Operating Expense": 81283000.0,
        "Depreciation Amortization Depletion Income Statement": 14574000.0,
        "Depreciation And Amortization In Income Statement": 14574000.0,
        "Amortization": 14574000.0,
        "Amortization Of Intangibles Income Statement": 14574000.0,
        "Research And Development": 27766000.0,
        "Selling General And Administration": 38943000.0,
        "General And Administrative Expense": NaN,
        "Other Gand A": NaN,
        "Salaries And Wages": NaN,
        "Gross Profit": 78095000.0,
        "Cost Of Revenue": 149484000.0,
        "Total Revenue": 227579000.0,
        "Operating Revenue": 227579000.0
    },
    "2022-06-30": {
        "Tax Effect Of Unusual Items": -2222275.822274,
        "Tax Rate For Calcs": 0.24919,
        "Normalized EBITDA": 57296000.0,
        "Total Unusual Items": -8918000.0,
        "Total Unusual Items Excluding Goodwill": -8918000.0,
        "Net Income From Continuing Operation Net Minority Interest": 16915000.0,
        "Reconciled Depreciation": 23396000.0,
        "Reconciled Cost Of Revenue": 161216000.0,
        "EBITDA": 48378000.0,
        "EBIT": 24982000.0,
        "Net Interest Income": -2434000.0,
        "Interest Expense": 2453000.0,
        "Interest Income": 19000.0,
        "Normalized Income": 23610724.177726,
        "Net Income From Continuing And Discontinued Operation": 16915000.0,
        "Total Expenses": 253194000.0,
        "Total Operating Income As Reported": 27617000.0,
        "Diluted Average Shares": 57119000.0,
        "Basic Average Shares": 55623000.0,
        "Diluted EPS": 0.3,
        "Basic EPS": 0.3,
        "Diluted NI Availto Com Stockholders": 16915000.0,
        "Net Income Common Stockholders": 16915000.0,
        "Net Income": 16915000.0,
        "Net Income Including Noncontrolling Interests": 16915000.0,
        "Net Income Continuous Operations": 16915000.0,
        "Tax Provision": 5614000.0,
        "Pretax Income": 22529000.0,
        "Other Income Expense": -11572000.0,
        "Other Non Operating Income Expenses": -2654000.0,
        "Special Income Charges": -8918000.0,
        "Restructuring And Mergern Acquisition": 8918000.0,
        "Net Non Operating Interest Income Expense": -2434000.0,
        "Interest Expense Non Operating": 2453000.0,
        "Interest Income Non Operating": 19000.0,
        "Operating Income": 36535000.0,
        "Operating Expense": 83036000.0,
        "Depreciation Amortization Depletion Income Statement": 14454000.0,
        "Depreciation And Amortization In Income Statement": 14454000.0,
        "Amortization": 14454000.0,
        "Amortization Of Intangibles Income Statement": 14454000.0,
        "Research And Development": 24565000.0,
        "Selling General And Administration": 44017000.0,
        "General And Administrative Expense": NaN,
        "Other Gand A": NaN,
        "Salaries And Wages": NaN,
        "Gross Profit": 119571000.0,
        "Cost Of Revenue": 170158000.0,
        "Total Revenue": 289729000.0,
        "Operating Revenue": 289729000.0
    },
    "2022-03-31": {
        "Diluted EPS": 0.07,
        "Total Revenue": 253,
        "Gross Profit": 100,
        "Operating Income": 10,
        "EBIT": 34,
        "Net Income": 4
    },
    "2021-12-31": {
        "Diluted EPS": -0.05,
        "Total Revenue": 220,
        "Gross Profit": 87,
        "Operating Income": 0,
        "EBIT": 24,
        "Net Income": -3
    },
    "2021-09-30": {
        "Diluted EPS": -0.13,
        "Total Revenue": 225,
        "Gross Profit": 88,
        "Operating Income": -6,
        "EBIT": 16,
        "Net Income": -7
    },
    "2021-06-30": {
        "Diluted EPS": 0.32,
        "Total Revenue": 251,
        "Gross Profit": 103,
        "Operating Income": 22,
        "EBIT": 43,
        "Net Income": 18
    },
    "2021-03-31": {
        "Diluted EPS": 0.28,
        "Total Revenue": 257,
        "Gross Profit": 106,
        "Operating Income": 22,
        "EBIT": 42,
        "Net Income": 16
    },
    "2020-12-31": {
        "Diluted EPS": 0.23,
        "Total Revenue": 211,
        "Gross Profit": 89,
        "Operating Income": 18,
        "EBIT": 31,
        "Net Income": 13
    },
    "2020-09-30": {
        "Diluted EPS": 0.29,
        "Total Revenue": 206,
        "Gross Profit": 88,
        "Operating Income": 19,
        "EBIT": 32,
        "Net Income": 16
    },
    "2020-06-30": {
        "Diluted EPS": 0.49,
        "Total Revenue": 217,
        "Gross Profit": 97,
        "Operating Income": 26,
        "EBIT": 39,
        "Net Income": 27
    },
    "2020-03-31": {
        "Diluted EPS": 0.43,
        "Total Revenue": 208,
        "Gross Profit": 93,
        "Operating Income": 26,
        "EBIT": 39,
        "Net Income": 24
    },
    "2019-12-31": {
        "Diluted EPS": 0.29,
        "Total Revenue": 194,
        "Gross Profit": 89,
        "Operating Income": 21,
        "EBIT": 33,
        "Net Income": 16
    },
    "2019-09-30": {
        "Diluted EPS": 0.35,
        "Total Revenue": 177,
        "Gross Profit": 78,
        "Operating Income": 17,
        "EBIT": 29,
        "Net Income": 19
    },
    "2019-06-30": {
        "Diluted EPS": 0.25,
        "Total Revenue": 177,
        "Gross Profit": 80,
        "Operating Income": 21,
        "EBIT": 32,
        "Net Income": 13
    },
    "2019-03-31": {
        "Diluted EPS": 0.29,
        "Total Revenue": 175,
        "Gross Profit": 74,
        "Operating Income": 22,
        "EBIT": 34,
        "Net Income": 14
    },
    "2018-12-31": {
        "Diluted EPS": 0.26,
        "Total Revenue": 159,
        "Gross Profit": 71,
        "Operating Income": 20,
        "EBIT": 32,
        "Net Income": 12
    },
    "2018-09-30": {
        "Diluted EPS": 0.16,
        "Total Revenue": 144,
        "Gross Profit": 62,
        "Operating Income": 14,
        "EBIT": 25,
        "Net Income": 7
    },
    "2018-06-30": {
        "Diluted EPS": 0.21,
        "Total Revenue": 153,
        "Gross Profit": 68,
        "Operating Income": 19,
        "EBIT": 31,
        "Net Income": 10
    },
    "2018-03-31": {
        "Diluted EPS": 0.08,
        "Total Revenue": 116,
        "Gross Profit": 53,
        "Operating Income": 7,
        "EBIT": 18,
        "Net Income": 4
    },
    "2017-12-31": {
        "Diluted EPS": 0.19,
        "Total Revenue": 118,
        "Gross Profit": 54,
        "Operating Income": 11,
        "EBIT": 20,
        "Net Income": 9
    },
    "2017-09-30": {
        "Diluted EPS": 0.38,
        "Total Revenue": 106,
        "Gross Profit": 51,
        "Operating Income": 10,
        "EBIT": 20,
        "Net Income": 18
    },
    "2017-06-30": {
        "Diluted EPS": 0.19,
        "Total Revenue": 116,
        "Gross Profit": 54,
        "Operating Income": 13,
        "EBIT": 22,
        "Net Income": 9
    },
    "2017-03-31": {
        "Diluted EPS": 0.16,
        "Total Revenue": 107,
        "Gross Profit": 51,
        "Operating Income": 12,
        "EBIT": 20,
        "Net Income": 7
    },
    "2016-12-31": {
        "Diluted EPS": 0.13,
        "Total Revenue": 98,
        "Gross Profit": 47,
        "Operating Income": 9,
        "EBIT": 17,
        "Net Income": 5
    },
    "2016-09-30": {
        "Diluted EPS": 0.1,
        "Total Revenue": 88,
        "Gross Profit": 39,
        "Operating Income": 4,
        "EBIT": 11,
        "Net Income": 4
    },
    "2016-06-30": {
        "Diluted EPS": 0.2,
        "Total Revenue": 85,
        "Gross Profit": 38,
        "Operating Income": 8,
        "EBIT": 14,
        "Net Income": 7
    },
    "2016-03-31": {
        "Diluted EPS": 0.13,
        "Total Revenue": 66,
        "Gross Profit": 31,
        "Operating Income": 7,
        "EBIT": 10,
        "Net Income": 4
    },
    "2015-12-31": {
        "Diluted EPS": 0.15,
        "Total Revenue": 60,
        "Gross Profit": 30,
        "Operating Income": 6,
        "EBIT": 10,
        "Net Income": 5
    },
    "2015-09-30": {
        "Diluted EPS": 0.08,
        "Total Revenue": 58,
        "Gross Profit": 28,
        "Operating Income": 3,
        "EBIT": 6,
        "Net Income": 3
    },
    "2015-06-30": {
        "Diluted EPS": 0.17,
        "Total Revenue": 64,
        "Gross Profit": 35,
        "Operating Income": 8,
        "EBIT": 11,
        "Net Income": 6
    },
    "2015-03-31": {
        "Diluted EPS": 0.11,
        "Total Revenue": 60,
        "Gross Profit": 28,
        "Operating Income": 6,
        "EBIT": 7,
        "Net Income": 4
    },
    "2014-12-31": {
        "Diluted EPS": 0.01,
        "Total Revenue": 57,
        "Gross Profit": 27,
        "Operating Income": 4,
        "EBIT": 9,
        "Net Income": 0
    },
    "2014-09-30": {
        "Diluted EPS": 0.02,
        "Total Revenue": 54,
        "Gross Profit": 24,
        "Operating Income": 1,
        "EBIT": 4,
        "Net Income": 0
    },
    "2014-06-30": {
        "Diluted EPS": -0.25,
        "Total Revenue": 54,
        "Gross Profit": 24,
        "Operating Income": 0,
        "EBIT": 3,
        "Net Income": -8
    },
    "2014-03-31": {
        "Diluted EPS": -0.02,
        "Total Revenue": 53,
        "Gross Profit": 24,
        "Operating Income": -1,
        "EBIT": 2,
        "Net Income": -1
    },
    "2013-12-31": {
        "Diluted EPS": -0.03,
        "Total Revenue": 51,
        "Gross Profit": 24,
        "Operating Income": -2,
        "EBIT": 2,
        "Net Income": -1
    },
    "2013-09-30": {
        "Diluted EPS": -0.07,
        "Total Revenue": 51,
        "Gross Profit": 22,
        "Operating Income": -4,
        "EBIT": 0,
        "Net Income": -2
    },
    "2013-06-30": {
        "Diluted EPS": -0.07,
        "Total Revenue": 41,
        "Gross Profit": 18,
        "Operating Income": -5,
        "EBIT": -1,
        "Net Income": -2
    },
    "2013-03-31": {
        "Diluted EPS": 0.03,
        "Total Revenue": 54,
        "Gross Profit": 23,
        "Operating Income": -1,
        "EBIT": 3,
        "Net Income": 1
    },
    "2012-12-31": {
        "Diluted EPS": -0.16,
        "Total Revenue": 50,
        "Gross Profit": 18,
        "Operating Income": -7,
        "EBIT": -3,
        "Net Income": -5
    },
    "2012-09-30": {
        "Diluted EPS": -0.24,
        "Total Revenue": 49,
        "Gross Profit": 20,
        "Operating Income": -11,
        "EBIT": -7,
        "Net Income": -7
    },
    "2012-06-30": {
        "Diluted EPS": 0.19,
        "Total Revenue": 53,
        "Gross Profit": 28,
        "Operating Income": 5,
        "EBIT": 9,
        "Net Income": 6
    },
    "2012-03-31": {
        "Diluted EPS": 0.17,
        "Total Revenue": 67,
        "Gross Profit": 35,
        "Operating Income": 7,
        "EBIT": 10,
        "Net Income": 5
    },
    "2011-12-31": {
        "Diluted EPS": 0.3,
        "Total Revenue": 68,
        "Gross Profit": 41,
        "Operating Income": 13,
        "EBIT": 16,
        "Net Income": 9
    },
    "2011-09-30": {
        "Diluted EPS": 0.09,
        "Total Revenue": 49,
        "Gross Profit": 30,
        "Operating Income": 4,
        "EBIT": 6,
        "Net Income": 3
    },
    "2011-06-30": {
        "Diluted EPS": 0.12,
        "Total Revenue": 61,
        "Gross Profit": 35,
        "Operating Income": 6,
        "EBIT": 9,
        "Net Income": 4
    },
    "2011-03-31": {
        "Diluted EPS": 0.2,
        "Total Revenue": 60,
        "Gross Profit": 33,
        "Operating Income": 7,
        "EBIT": 9,
        "Net Income": 5
    },
    "2010-12-31": {
        "Diluted EPS": 0.22,
        "Total Revenue": 56,
        "Gross Profit": 32,
        "Operating Income": 7,
        "EBIT": 8,
        "Net Income": 5
    },
    "2010-09-30": {
        "Diluted EPS": 0.16,
        "Total Revenue": 52,
        "Gross Profit": 31,
        "Operating Income": 5,
        "EBIT": 7,
        "Net Income": 4
    },
    "2010-06-30": {
        "Diluted EPS": 0.81,
        "Total Revenue": 64,
        "Gross Profit": 35,
        "Operating Income": 9,
        "EBIT": 11,
        "Net Income": 19
    },
    "2010-03-31": {
        "Diluted EPS": 0.14,
        "Total Revenue": 44,
        "Gross Profit": 25,
        "Operating Income": 1,
        "EBIT": 3,
        "Net Income": 3
    },
    "2009-12-31": {
        "Diluted EPS": 0.09,
        "Total Revenue": 45,
        "Gross Profit": 26,
        "Operating Income": 2,
        "EBIT": 4,
        "Net Income": 2
    },
    "2009-09-30": {
        "Diluted EPS": 0.19,
        "Total Revenue": 47,
        "Gross Profit": 27,
        "Operating Income": 5,
        "EBIT": 7,
        "Net Income": 4
    },
    "2009-06-30": {
        "Diluted EPS": 0.41,
        "Total Revenue": 48,
        "Gross Profit": 26,
        "Operating Income": 3,
        "EBIT": -10,
        "Net Income": 9
    },
    "2009-03-31": {
        "Diluted EPS": 0.36,
        "Total Revenue": 51,
        "Gross Profit": 29,
        "Operating Income": 5,
        "EBIT": 7,
        "Net Income": 8
    },
    "2023-06-30": {
        "Tax Effect Of Unusual Items": NaN,
        "Tax Rate For Calcs": NaN,
        "Normalized EBITDA": NaN,
        "Total Unusual Items": NaN,
        "Total Unusual Items Excluding Goodwill": NaN,
        "Net Income From Continuing Operation Net Minority Interest": NaN,
        "Reconciled Depreciation": NaN,
        "Reconciled Cost Of Revenue": NaN,
        "EBITDA": NaN,
        "EBIT": NaN,
        "Net Interest Income": NaN,
        "Interest Expense": NaN,
        "Interest Income": NaN,
        "Normalized Income": NaN,
        "Net Income From Continuing And Discontinued Operation": NaN,
        "Total Expenses": NaN,
        "Total Operating Income As Reported": NaN,
        "Diluted Average Shares": 56798000.0,
        "Basic Average Shares": 56798000.0,
        "Diluted EPS": -0.15,
        "Basic EPS": -0.15,
        "Diluted NI Availto Com Stockholders": NaN,
        "Net Income Common Stockholders": NaN,
        "Net Income": NaN,
        "Net Income Including Noncontrolling Interests": NaN,
        "Net Income Continuous Operations": NaN,
        "Tax Provision": NaN,
        "Pretax Income": NaN,
        "Other Income Expense": NaN,
        "Other Non Operating Income Expenses": NaN,
        "Special Income Charges": NaN,
        "Restructuring And Mergern Acquisition": NaN,
        "Net Non Operating Interest Income Expense": NaN,
        "Interest Expense Non Operating": NaN,
        "Interest Income Non Operating": NaN,
        "Operating Income": NaN,
        "Operating Expense": NaN,
        "Depreciation Amortization Depletion Income Statement": NaN,
        "Depreciation And Amortization In Income Statement": NaN,
        "Amortization": NaN,
        "Amortization Of Intangibles Income Statement": NaN,
        "Research And Development": NaN,
        "Selling General And Administration": NaN,
        "Gross Profit": NaN,
        "Cost Of Revenue": NaN,
        "Total Revenue": NaN,
        "Operating Revenue": NaN
    },
    "2023-09-30": {
        "Tax Effect Of Unusual Items": NaN,
        "Tax Rate For Calcs": NaN,
        "Normalized EBITDA": NaN,
        "Total Unusual Items": NaN,
        "Total Unusual Items Excluding Goodwill": NaN,
        "Net Income From Continuing Operation Net Minority Interest": NaN,
        "Reconciled Depreciation": NaN,
        "Reconciled Cost Of Revenue": NaN,
        "EBITDA": NaN,
        "EBIT": NaN,
        "Net Interest Income": NaN,
        "Interest Expense": NaN,
        "Interest Income": NaN,
        "Normalized Income": NaN,
        "Net Income From Continuing And Discontinued Operation": NaN,
        "Total Expenses": NaN,
        "Total Operating Income As Reported": NaN,
        "Diluted Average Shares": 57105000.0,
        "Basic Average Shares": 57105000.0,
        "Diluted EPS": -0.64,
        "Basic EPS": -0.64,
        "Diluted NI Availto Com Stockholders": NaN,
        "Net Income Common Stockholders": NaN,
        "Net Income": NaN,
        "Net Income Including Noncontrolling Interests": NaN,
        "Net Income Continuous Operations": NaN,
        "Tax Provision": NaN,
        "Pretax Income": NaN,
        "Other Income Expense": NaN,
        "Other Non Operating Income Expenses": NaN,
        "Special Income Charges": NaN,
        "Restructuring And Mergern Acquisition": NaN,
        "Net Non Operating Interest Income Expense": NaN,
        "Interest Expense Non Operating": NaN,
        "Interest Income Non Operating": NaN,
        "Operating Income": NaN,
        "Operating Expense": NaN,
        "Depreciation Amortization Depletion Income Statement": NaN,
        "Depreciation And Amortization In Income Statement": NaN,
        "Amortization": NaN,
        "Amortization Of Intangibles Income Statement": NaN,
        "Research And Development": NaN,
        "Selling General And Administration": NaN,
        "Gross Profit": NaN,
        "Cost Of Revenue": NaN,
        "Total Revenue": NaN,
        "Operating Revenue": NaN
    },
    "2023-12-31": {
        "Tax Effect Of Unusual Items": NaN,
        "Tax Rate For Calcs": NaN,
        "Normalized EBITDA": NaN,
        "Total Unusual Items": NaN,
        "Total Unusual Items Excluding Goodwill": NaN,
        "Net Income From Continuing Operation Net Minority Interest": NaN,
        "Reconciled Depreciation": NaN,
        "Reconciled Cost Of Revenue": NaN,
        "EBITDA": NaN,
        "EBIT": NaN,
        "Net Interest Income": NaN,
        "Interest Expense": NaN,
        "Interest Income": NaN,
        "Normalized Income": NaN,
        "Net Income From Continuing And Discontinued Operation": NaN,
        "Total Expenses": NaN,
        "Total Operating Income As Reported": NaN,
        "Diluted Average Shares": 57424000.0,
        "Basic Average Shares": 57424000.0,
        "Diluted EPS": -0.79,
        "Basic EPS": -0.79,
        "Diluted NI Availto Com Stockholders": NaN,
        "Net Income Common Stockholders": NaN,
        "Net Income": NaN,
        "Net Income Including Noncontrolling Interests": NaN,
        "Net Income Continuous Operations": NaN,
        "Tax Provision": NaN,
        "Pretax Income": NaN,
        "Other Income Expense": NaN,
        "Other Non Operating Income Expenses": NaN,
        "Special Income Charges": NaN,
        "Restructuring And Mergern Acquisition": NaN,
        "Net Non Operating Interest Income Expense": NaN,
        "Interest Expense Non Operating": NaN,
        "Interest Income Non Operating": NaN,
        "Operating Income": NaN,
        "Operating Expense": NaN,
        "Depreciation Amortization Depletion Income Statement": NaN,
        "Depreciation And Amortization In Income Statement": NaN,
        "Amortization": NaN,
        "Amortization Of Intangibles Income Statement": NaN,
        "Research And Development": NaN,
        "Selling General And Administration": NaN,
        "Gross Profit": NaN,
        "Cost Of Revenue": NaN,
        "Total Revenue": NaN,
        "Operating Revenue": NaN
    },
    "2024-03-31": {
        "Tax Effect Of Unusual Items": NaN,
        "Tax Rate For Calcs": NaN,
        "Normalized EBITDA": NaN,
        "Total Unusual Items": NaN,
        "Total Unusual Items Excluding Goodwill": NaN,
        "Net Income From Continuing Operation Net Minority Interest": NaN,
        "Reconciled Depreciation": NaN,
        "Reconciled Cost Of Revenue": NaN,
        "EBITDA": NaN,
        "EBIT": NaN,
        "Net Interest Income": NaN,
        "Interest Expense": NaN,
        "Interest Income": NaN,
        "Normalized Income": NaN,
        "Net Income From Continuing And Discontinued Operation": NaN,
        "Total Expenses": NaN,
        "Total Operating Income As Reported": NaN,
        "Diluted Average Shares": 57698000.0,
        "Basic Average Shares": 57698000.0,
        "Diluted EPS": -0.77,
        "Basic EPS": -0.77,
        "Diluted NI Availto Com Stockholders": NaN,
        "Net Income Common Stockholders": NaN,
        "Net Income": NaN,
        "Net Income Including Noncontrolling Interests": NaN,
        "Net Income Continuous Operations": NaN,
        "Tax Provision": NaN,
        "Pretax Income": NaN,
        "Other Income Expense": NaN,
        "Other Non Operating Income Expenses": NaN,
        "Special Income Charges": NaN,
        "Restructuring And Mergern Acquisition": NaN,
        "Net Non Operating Interest Income Expense": NaN,
        "Interest Expense Non Operating": NaN,
        "Interest Income Non Operating": NaN,
        "Operating Income": NaN,
        "Operating Expense": NaN,
        "Depreciation Amortization Depletion Income Statement": NaN,
        "Depreciation And Amortization In Income Statement": NaN,
        "Amortization": NaN,
        "Amortization Of Intangibles Income Statement": NaN,
        "Research And Development": NaN,
        "Selling General And Administration": NaN,
        "Gross Profit": NaN,
        "Cost Of Revenue": NaN,
        "Total Revenue": NaN,
        "Operating Revenue": NaN
    },
    "2024-06-30": {
        "Tax Effect Of Unusual Items": -1488270.0,
        "Tax Rate For Calcs": 0.21,
        "Normalized EBITDA": 19036000.0,
        "Total Unusual Items": -7087000.0,
        "Total Unusual Items Excluding Goodwill": -7087000.0,
        "Net Income From Continuing Operation Net Minority Interest": -10777000.0,
        "Reconciled Depreciation": 21391000.0,
        "Reconciled Cost Of Revenue": 165271000.0,
        "EBITDA": 11949000.0,
        "EBIT": -9442000.0,
        "Net Interest Income": -8634000.0,
        "Interest Expense": 9159000.0,
        "Interest Income": 525000.0,
        "Normalized Income": -5178270.0,
        "Net Income From Continuing And Discontinued Operation": -10777000.0,
        "Total Expenses": 249444000.0,
        "Total Operating Income As Reported": -7968000.0,
        "Diluted Average Shares": NaN,
        "Basic Average Shares": NaN,
        "Diluted EPS": NaN,
        "Basic EPS": NaN,
        "Diluted NI Availto Com Stockholders": -10777000.0,
        "Net Income Common Stockholders": -10777000.0,
        "Net Income": -10777000.0,
        "Net Income Including Noncontrolling Interests": -10777000.0,
        "Net Income Continuous Operations": -10777000.0,
        "Tax Provision": -7824000.0,
        "Pretax Income": -18601000.0,
        "Other Income Expense": -9086000.0,
        "Other Non Operating Income Expenses": -1999000.0,
        "Special Income Charges": -7087000.0,
        "Restructuring And Mergern Acquisition": 7087000.0,
        "Net Non Operating Interest Income Expense": -8634000.0,
        "Interest Expense Non Operating": 9159000.0,
        "Interest Income Non Operating": 525000.0,
        "Operating Income": -881000.0,
        "Operating Expense": 74093000.0,
        "Depreciation Amortization Depletion Income Statement": 11311000.0,
        "Depreciation And Amortization In Income Statement": 11311000.0,
        "Amortization": 11311000.0,
        "Amortization Of Intangibles Income Statement": 11311000.0,
        "Research And Development": 19417000.0,
        "Selling General And Administration": 43365000.0,
        "Gross Profit": 73212000.0,
        "Cost Of Revenue": 175351000.0,
        "Total Revenue": 248563000.0,
        "Operating Revenue": 248563000.0
    },
    "2024-09-30": {
        "Tax Effect Of Unusual Items": -589669.881915,
        "Tax Rate For Calcs": 0.241965,
        "Normalized EBITDA": 9444000.0,
        "Total Unusual Items": -2437000.0,
        "Total Unusual Items Excluding Goodwill": -2437000.0,
        "Net Income From Continuing Operation Net Minority Interest": -17525000.0,
        "Reconciled Depreciation": 21220000.0,
        "Reconciled Cost Of Revenue": 142656000.0,
        "EBITDA": 7007000.0,
        "EBIT": -14213000.0,
        "Net Interest Income": -8362000.0,
        "Interest Expense": 8906000.0,
        "Interest Income": 544000.0,
        "Normalized Income": -15677669.881915,
        "Net Income From Continuing And Discontinued Operation": -17525000.0,
        "Total Expenses": 215412000.0,
        "Total Operating Income As Reported": -13418000.0,
        "Diluted Average Shares": 58260000.0,
        "Basic Average Shares": 58260000.0,
        "Diluted EPS": -0.3,
        "Basic EPS": -0.3,
        "Diluted NI Availto Com Stockholders": -17525000.0,
        "Net Income Common Stockholders": -17525000.0,
        "Net Income": -17525000.0,
        "Net Income Including Noncontrolling Interests": -17525000.0,
        "Net Income Continuous Operations": -17525000.0,
        "Tax Provision": -5594000.0,
        "Pretax Income": -23119000.0,
        "Other Income Expense": -3776000.0,
        "Other Non Operating Income Expenses": -1339000.0,
        "Special Income Charges": -2437000.0,
        "Restructuring And Mergern Acquisition": 2437000.0,
        "Net Non Operating Interest Income Expense": -8362000.0,
        "Interest Expense Non Operating": 8906000.0,
        "Interest Income Non Operating": 544000.0,
        "Operating Income": -10981000.0,
        "Operating Expense": 62771000.0,
        "Depreciation Amortization Depletion Income Statement": 11235000.0,
        "Depreciation And Amortization In Income Statement": 11235000.0,
        "Amortization": 11235000.0,
        "Amortization Of Intangibles Income Statement": 11235000.0,
        "Research And Development": 18383000.0,
        "Selling General And Administration": 33153000.0,
        "Gross Profit": 51790000.0,
        "Cost Of Revenue": 152641000.0,
        "Total Revenue": 204431000.0,
        "Operating Revenue": 204431000.0
    },
    "2024-12-31": {
        "Tax Effect Of Unusual Items": -60321.34628,
        "Tax Rate For Calcs": 0.276703,
        "Normalized EBITDA": 5266000.0,
        "Total Unusual Items": -218000.0,
        "Total Unusual Items Excluding Goodwill": -218000.0,
        "Net Income From Continuing Operation Net Minority Interest": -17579000.0,
        "Reconciled Depreciation": 20922000.0,
        "Reconciled Cost Of Revenue": 152531000.0,
        "EBITDA": 5048000.0,
        "EBIT": -15874000.0,
        "Net Interest Income": -8024000.0,
        "Interest Expense": 8430000.0,
        "Interest Income": 406000.0,
        "Normalized Income": -17421321.34628,
        "Net Income From Continuing And Discontinued Operation": -17579000.0,
        "Total Expenses": 235322000.0,
        "Total Operating Income As Reported": -12415000.0,
        "Diluted Average Shares": 58561000.0,
        "Basic Average Shares": 58561000.0,
        "Diluted EPS": -0.3,
        "Basic EPS": -0.3,
        "Diluted NI Availto Com Stockholders": -17579000.0,
        "Net Income Common Stockholders": -17579000.0,
        "Net Income": -17579000.0,
        "Net Income Including Noncontrolling Interests": -17579000.0,
        "Net Income Continuous Operations": -17579000.0,
        "Tax Provision": -6725000.0,
        "Pretax Income": -24304000.0,
        "Other Income Expense": -4083000.0,
        "Other Non Operating Income Expenses": -3865000.0,
        "Special Income Charges": -218000.0,
        "Restructuring And Mergern Acquisition": 218000.0,
        "Net Non Operating Interest Income Expense": -8024000.0,
        "Interest Expense Non Operating": 8430000.0,
        "Interest Income Non Operating": 406000.0,
        "Operating Income": -12197000.0,
        "Operating Expense": 73023000.0,
        "Depreciation Amortization Depletion Income Statement": 11154000.0,
        "Depreciation And Amortization In Income Statement": 11154000.0,
        "Amortization": 11154000.0,
        "Amortization Of Intangibles Income Statement": 11154000.0,
        "Research And Development": 21368000.0,
        "Selling General And Administration": 40501000.0,
        "Gross Profit": 60826000.0,
        "Cost Of Revenue": 162299000.0,
        "Total Revenue": 223125000.0,
        "Operating Revenue": 223125000.0
    },
    "2025-03-31": {
        "Tax Effect Of Unusual Items": -636209.368411,
        "Tax Rate For Calcs": 0.121368,
        "Normalized EBITDA": 11408000.0,
        "Total Unusual Items": -5242000.0,
        "Total Unusual Items Excluding Goodwill": -5242000.0,
        "Net Income From Continuing Operation Net Minority Interest": -19170000.0,
        "Reconciled Depreciation": 19916000.0,
        "Reconciled Cost Of Revenue": 144517000.0,
        "EBITDA": 6166000.0,
        "EBIT": -13750000.0,
        "Net Interest Income": -6778000.0,
        "Interest Expense": 8068000.0,
        "Interest Income": 1290000.0,
        "Normalized Income": -14564209.368411,
        "Net Income From Continuing And Discontinued Operation": -19170000.0,
        "Total Expenses": 223460000.0,
        "Total Operating Income As Reported": -17344000.0,
        "Diluted Average Shares": 58749000.0,
        "Basic Average Shares": 58749000.0,
        "Diluted EPS": -0.33,
        "Basic EPS": -0.33,
        "Diluted NI Availto Com Stockholders": -19170000.0,
        "Net Income Common Stockholders": -19170000.0,
        "Net Income": -19170000.0,
        "Net Income Including Noncontrolling Interests": -19170000.0,
        "Net Income Continuous Operations": -19170000.0,
        "Tax Provision": -2648000.0,
        "Pretax Income": -21818000.0,
        "Other Income Expense": -2938000.0,
        "Other Non Operating Income Expenses": 2304000.0,
        "Special Income Charges": -5242000.0,
        "Restructuring And Mergern Acquisition": 5242000.0,
        "Net Non Operating Interest Income Expense": -6778000.0,
        "Interest Expense Non Operating": 8068000.0,
        "Interest Income Non Operating": 1290000.0,
        "Operating Income": -12102000.0,
        "Operating Expense": 69212000.0,
        "Depreciation Amortization Depletion Income Statement": 10185000.0,
        "Depreciation And Amortization In Income Statement": 10185000.0,
        "Amortization": 10185000.0,
        "Amortization Of Intangibles Income Statement": 10185000.0,
        "Research And Development": 15983000.0,
        "Selling General And Administration": 43044000.0,
        "Gross Profit": 57110000.0,
        "Cost Of Revenue": 154248000.0,
        "Total Revenue": 211358000.0,
        "Operating Revenue": 211358000.0
    },
    "2025-06-30": {
        "Tax Effect Of Unusual Items": -171135.25004,
        "Tax Rate For Calcs": 0.130042,
        "Normalized EBITDA": 48128000.0,
        "Total Unusual Items": -1316000.0,
        "Total Unusual Items Excluding Goodwill": -1316000.0,
        "Net Income From Continuing Operation Net Minority Interest": 16370000.0,
        "Reconciled Depreciation": 19969000.0,
        "Reconciled Cost Of Revenue": 178644000.0,
        "EBITDA": 46812000.0,
        "EBIT": 26843000.0,
        "Net Interest Income": -6659000.0,
        "Interest Expense": 8026000.0,
        "Interest Income": 1367000.0,
        "Normalized Income": 17514864.74996,
        "Net Income From Continuing And Discontinued Operation": 16370000.0,
        "Total Expenses": 248240000.0,
        "Total Operating Income As Reported": 23550000.0,
        "Diluted Average Shares": 59540000.0,
        "Basic Average Shares": 58924000.0,
        "Diluted EPS": 0.27,
        "Basic EPS": 0.28,
        "Diluted NI Availto Com Stockholders": 16370000.0,
        "Net Income Common Stockholders": 16370000.0,
        "Net Income": 16370000.0,
        "Net Income Including Noncontrolling Interests": 16370000.0,
        "Net Income Continuous Operations": 16370000.0,
        "Tax Provision": 2447000.0,
        "Pretax Income": 18817000.0,
        "Other Income Expense": 610000.0,
        "Other Non Operating Income Expenses": 1926000.0,
        "Special Income Charges": -1316000.0,
        "Restructuring And Mergern Acquisition": 1316000.0,
        "Net Non Operating Interest Income Expense": -6659000.0,
        "Interest Expense Non Operating": 8026000.0,
        "Interest Income Non Operating": 1367000.0,
        "Operating Income": 24866000.0,
        "Operating Expense": 59902000.0,
        "Depreciation Amortization Depletion Income Statement": 10275000.0,
        "Depreciation And Amortization In Income Statement": 10275000.0,
        "Amortization": 10275000.0,
        "Amortization Of Intangibles Income Statement": 10275000.0,
        "Research And Development": 11913000.0,
        "Selling General And Administration": 37714000.0,
        "Gross Profit": 84768000.0,
        "Cost Of Revenue": 188338000.0,
        "Total Revenue": 273106000.0,
        "Operating Revenue": 273106000.0
    },
    "2025-09-30": {
        "Tax Effect Of Unusual Items": -522078.313982,
        "Tax Rate For Calcs": 0.243166,
        "Normalized EBITDA": 12410000.0,
        "Total Unusual Items": -2147000.0,
        "Total Unusual Items Excluding Goodwill": -2147000.0,
        "Net Income From Continuing Operation Net Minority Interest": -12515000.0,
        "Reconciled Depreciation": 18913000.0,
        "Reconciled Cost Of Revenue": 153656000.0,
        "EBITDA": 10263000.0,
        "EBIT": -8650000.0,
        "Net Interest Income": -5859000.0,
        "Interest Expense": 7886000.0,
        "Interest Income": 2027000.0,
        "Normalized Income": -10890078.313982,
        "Net Income From Continuing And Discontinued Operation": -12515000.0,
        "Total Expenses": 231659000.0,
        "Total Operating Income As Reported": -8597000.0,
        "Diluted Average Shares": 59191000.0,
        "Basic Average Shares": 59191000.0,
        "Diluted EPS": -0.21,
        "Basic EPS": -0.21,
        "Diluted NI Availto Com Stockholders": -12515000.0,
        "Net Income Common Stockholders": -12515000.0,
        "Net Income": -12515000.0,
        "Net Income Including Noncontrolling Interests": -12515000.0,
        "Net Income Continuous Operations": -12515000.0,
        "Tax Provision": -4021000.0,
        "Pretax Income": -16536000.0,
        "Other Income Expense": -4227000.0,
        "Other Non Operating Income Expenses": -2080000.0,
        "Special Income Charges": -2147000.0,
        "Restructuring And Mergern Acquisition": 2147000.0,
        "Net Non Operating Interest Income Expense": -5859000.0,
        "Interest Expense Non Operating": 7886000.0,
        "Interest Income Non Operating": 2027000.0,
        "Operating Income": -6450000.0,
        "Operating Expense": 69349000.0,
        "Depreciation Amortization Depletion Income Statement": 10259000.0,
        "Depreciation And Amortization In Income Statement": 10259000.0,
        "Amortization": 10259000.0,
        "Amortization Of Intangibles Income Statement": 10259000.0,
        "Research And Development": 13184000.0,
        "Selling General And Administration": 45906000.0,
        "Gross Profit": 62899000.0,
        "Cost Of Revenue": 162310000.0,
        "Total Revenue": 225209000.0,
        "Operating Revenue": 225209000.0
    },
    "2025-12-31": {
        "Tax Effect Of Unusual Items": -573702.273899,
        "Tax Rate For Calcs": 0.135403,
        "Normalized EBITDA": 12927000.0,
        "Total Unusual Items": -4237000.0,
        "Total Unusual Items Excluding Goodwill": -4237000.0,
        "Net Income From Continuing Operation Net Minority Interest": -15095000.0,
        "Reconciled Depreciation": 18300000.0,
        "Reconciled Cost Of Revenue": 163633000.0,
        "EBITDA": 8690000.0,
        "EBIT": -9610000.0,
        "Net Interest Income": -6201000.0,
        "Interest Expense": 7849000.0,
        "Interest Income": 1648000.0,
        "Normalized Income": -11431702.273899,
        "Net Income From Continuing And Discontinued Operation": -15095000.0,
        "Total Expenses": 239453000.0,
        "Total Operating Income As Reported": -10818000.0,
        "Diluted Average Shares": 59415000.0,
        "Basic Average Shares": 59415000.0,
        "Diluted EPS": -0.26,
        "Basic EPS": -0.26,
        "Diluted NI Availto Com Stockholders": -15095000.0,
        "Net Income Common Stockholders": -15095000.0,
        "Net Income": -15095000.0,
        "Net Income Including Noncontrolling Interests": -15095000.0,
        "Net Income Continuous Operations": -15095000.0,
        "Tax Provision": -2364000.0,
        "Pretax Income": -17459000.0,
        "Other Income Expense": -4677000.0,
        "Other Non Operating Income Expenses": -440000.0,
        "Special Income Charges": -4237000.0,
        "Restructuring And Mergern Acquisition": 4237000.0,
        "Net Non Operating Interest Income Expense": -6201000.0,
        "Interest Expense Non Operating": 7849000.0,
        "Interest Income Non Operating": 1648000.0,
        "Operating Income": -6581000.0,
        "Operating Expense": 67214000.0,
        "Depreciation Amortization Depletion Income Statement": 9694000.0,
        "Depreciation And Amortization In Income Statement": 9694000.0,
        "Amortization": 9694000.0,
        "Amortization Of Intangibles Income Statement": 9694000.0,
        "Research And Development": 15381000.0,
        "Selling General And Administration": 42139000.0,
        "Gross Profit": 60633000.0,
        "Cost Of Revenue": 172239000.0,
        "Total Revenue": 232872000.0,
        "Operating Revenue": 232872000.0
    }
}