{
    "2023-03-31": {
        "Tax Effect Of Unusual Items": 0.0,
        "Tax Rate For Calcs": 0.21,
        "Normalized EBITDA": -5131000.0,
        "Net Income From Continuing Operation Net Minority Interest": -5783000.0,
        "Reconciled Depreciation": 829000.0,
        "Reconciled Cost Of Revenue": 3240000.0,
        "EBITDA": -5131000.0,
        "EBIT": -5960000.0,
        "Normalized Income": -5783000.0,
        "Net Income From Continuing And Discontinued Operation": -5783000.0,
        "Total Expenses": 10543000.0,
        "Total Operating Income As Reported": -5960000.0,
        "Diluted Average Shares": 2872999.0,
        "Basic Average Shares": 2872999.0,
        "Diluted EPS": -2.01,
        "Basic EPS": -2.01,
        "Diluted NI Availto Com Stockholders": -5783000.0,
        "Net Income Common Stockholders": -5783000.0,
        "Net Income": -5783000.0,
        "Net Income Including Noncontrolling Interests": -5783000.0,
        "Net Income Continuous Operations": -5783000.0,
        "Tax Provision": 48000.0,
        "Pretax Income": -5735000.0,
        "Other Income Expense": 225000.0,
        "Other Non Operating Income Expenses": 225000.0,
        "Operating Income": -5960000.0,
        "Operating Expense": 7303000.0,
        "Research And Development": 2942000.0,
        "Selling General And Administration": 4361000.0,
        "Selling And Marketing Expense": 2025000.0,
        "General And Administrative Expense": 2336000.0,
        "Other Gand A": 2336000.0,
        "Gross Profit": 1343000.0,
        "Cost Of Revenue": 3240000.0,
        "Total Revenue": 4583000.0,
        "Operating Revenue": 4583000.0
    },
    "2022-12-31": {
        "Tax Effect Of Unusual Items": 0.0,
        "Tax Rate For Calcs": 0.21,
        "Normalized EBITDA": -4814000.0,
        "Net Income From Continuing Operation Net Minority Interest": -5118000.0,
        "Reconciled Depreciation": 430000.0,
        "Reconciled Cost Of Revenue": 3083000.0,
        "EBITDA": -4814000.0,
        "EBIT": -5244000.0,
        "Normalized Income": -5118000.0,
        "Net Income From Continuing And Discontinued Operation": -5118000.0,
        "Total Expenses": 10405000.0,
        "Total Operating Income As Reported": -5244000.0,
        "Diluted Average Shares": 16337000.0,
        "Basic Average Shares": 16337000.0,
        "Diluted EPS": -0.31,
        "Basic EPS": -0.31,
        "Diluted NI Availto Com Stockholders": -5118000.0,
        "Net Income Common Stockholders": -5118000.0,
        "Net Income": -5118000.0,
        "Net Income Including Noncontrolling Interests": -5118000.0,
        "Net Income Continuous Operations": -5118000.0,
        "Tax Provision": 64000.0,
        "Pretax Income": -5054000.0,
        "Other Income Expense": 190000.0,
        "Other Non Operating Income Expenses": 190000.0,
        "Operating Income": -5244000.0,
        "Operating Expense": 7322000.0,
        "Research And Development": 2901000.0,
        "Selling General And Administration": 4421000.0,
        "Selling And Marketing Expense": 1962000.0,
        "General And Administrative Expense": 2459000.0,
        "Other Gand A": 2459000.0,
        "Gross Profit": 2078000.0,
        "Cost Of Revenue": 3083000.0,
        "Total Revenue": 5161000.0,
        "Operating Revenue": 5161000.0
    },
    "2022-09-30": {
        "Tax Effect Of Unusual Items": 0.0,
        "Tax Rate For Calcs": 0.4,
        "Normalized EBITDA": -5345000.0,
        "Net Income From Continuing Operation Net Minority Interest": -5736000.0,
        "Reconciled Depreciation": 476000.0,
        "Reconciled Cost Of Revenue": 3181000.0,
        "EBITDA": -5345000.0,
        "EBIT": -5821000.0,
        "Normalized Income": -5736000.0,
        "Net Income From Continuing And Discontinued Operation": -5736000.0,
        "Total Expenses": 10798000.0,
        "Total Operating Income As Reported": -5821000.0,
        "Diluted Average Shares": 16030000.0,
        "Basic Average Shares": 16030000.0,
        "Diluted EPS": -0.36,
        "Basic EPS": -0.36,
        "Diluted NI Availto Com Stockholders": -5736000.0,
        "Net Income Common Stockholders": -5736000.0,
        "Net Income": -5736000.0,
        "Net Income Including Noncontrolling Interests": -5736000.0,
        "Net Income Continuous Operations": -5736000.0,
        "Tax Provision": 105000.0,
        "Pretax Income": -5631000.0,
        "Other Income Expense": 190000.0,
        "Other Non Operating Income Expenses": 190000.0,
        "Operating Income": -5821000.0,
        "Operating Expense": 7617000.0,
        "Research And Development": 3034000.0,
        "Selling General And Administration": 4583000.0,
        "Selling And Marketing Expense": 1660000.0,
        "General And Administrative Expense": 2923000.0,
        "Other Gand A": 2923000.0,
        "Gross Profit": 1796000.0,
        "Cost Of Revenue": 3181000.0,
        "Total Revenue": 4977000.0,
        "Operating Revenue": 4977000.0
    },
    "2022-06-30": {
        "Tax Effect Of Unusual Items": 0.0,
        "Tax Rate For Calcs": 0.4,
        "Normalized EBITDA": -4966000.0,
        "Net Income From Continuing Operation Net Minority Interest": -5374000.0,
        "Reconciled Depreciation": 630000.0,
        "Reconciled Cost Of Revenue": 3203000.0,
        "EBITDA": -4966000.0,
        "EBIT": -5596000.0,
        "Normalized Income": -5374000.0,
        "Net Income From Continuing And Discontinued Operation": -5374000.0,
        "Total Expenses": 10316000.0,
        "Total Operating Income As Reported": -5596000.0,
        "Diluted Average Shares": 15651000.0,
        "Basic Average Shares": 15651000.0,
        "Diluted EPS": -0.34,
        "Basic EPS": -0.34,
        "Diluted NI Availto Com Stockholders": -5374000.0,
        "Net Income Common Stockholders": -5374000.0,
        "Net Income": -5374000.0,
        "Net Income Including Noncontrolling Interests": -5374000.0,
        "Net Income Continuous Operations": -5374000.0,
        "Tax Provision": 75000.0,
        "Pretax Income": -5299000.0,
        "Other Income Expense": 297000.0,
        "Other Non Operating Income Expenses": 297000.0,
        "Operating Income": -5596000.0,
        "Operating Expense": 7113000.0,
        "Research And Development": 2980000.0,
        "Selling General And Administration": 4133000.0,
        "Selling And Marketing Expense": 1588000.0,
        "General And Administrative Expense": 2545000.0,
        "Other Gand A": 2545000.0,
        "Gross Profit": 1517000.0,
        "Cost Of Revenue": 3203000.0,
        "Total Revenue": 4720000.0,
        "Operating Revenue": 4720000.0
    },
    "2022-03-31": {
        "Diluted EPS": -0.13,
        "Total Revenue": 5,
        "Gross Profit": 2,
        "Operating Income": -5,
        "EBIT": -5,
        "Net Income": -2
    },
    "2021-12-31": {
        "Diluted EPS": -0.35,
        "Total Revenue": 6,
        "Gross Profit": 3,
        "Operating Income": -5,
        "EBIT": -5,
        "Net Income": -5
    },
    "2021-09-30": {
        "Diluted EPS": -0.22,
        "Total Revenue": 6,
        "Gross Profit": 3,
        "Operating Income": -3,
        "EBIT": -2,
        "Net Income": -3
    },
    "2021-06-30": {
        "Diluted EPS": -0.23,
        "Total Revenue": 6,
        "Gross Profit": 3,
        "Operating Income": -3,
        "EBIT": -2,
        "Net Income": -3
    },
    "2021-03-31": {
        "Diluted EPS": -0.21,
        "Total Revenue": 6,
        "Gross Profit": 3,
        "Operating Income": -2,
        "EBIT": -1,
        "Net Income": -2
    },
    "2020-12-31": {
        "Diluted EPS": -0.25,
        "Total Revenue": 7,
        "Gross Profit": 4,
        "Operating Income": -3,
        "EBIT": -1,
        "Net Income": -3
    },
    "2020-09-30": {
        "Diluted EPS": -0.58,
        "Total Revenue": 7,
        "Gross Profit": 2,
        "Operating Income": -4,
        "EBIT": -4,
        "Net Income": -4
    },
    "2020-06-30": {
        "Diluted EPS": -0.5,
        "Total Revenue": 7,
        "Gross Profit": 3,
        "Operating Income": -5,
        "EBIT": -3,
        "Net Income": -3
    },
    "2020-03-31": {
        "Diluted EPS": -0.58,
        "Total Revenue": 9,
        "Gross Profit": 3,
        "Operating Income": -4,
        "EBIT": -2,
        "Net Income": -4
    },
    "2019-12-31": {
        "Diluted EPS": -0.04,
        "Total Revenue": 11,
        "Gross Profit": 6,
        "Operating Income": -6,
        "EBIT": -2,
        "Net Income": -1
    },
    "2019-09-30": {
        "Diluted EPS": -0.49,
        "Total Revenue": 12,
        "Gross Profit": 6,
        "Operating Income": -4,
        "EBIT": -2,
        "Net Income": -3
    },
    "2019-06-30": {
        "Diluted EPS": -0.65,
        "Total Revenue": 12,
        "Gross Profit": 7,
        "Operating Income": -4,
        "EBIT": -2,
        "Net Income": -4
    },
    "2019-03-31": {
        "Diluted EPS": -0.77,
        "Total Revenue": 13,
        "Gross Profit": 8,
        "Operating Income": -5,
        "EBIT": -3,
        "Net Income": -5
    },
    "2018-12-31": {
        "Diluted EPS": -0.39,
        "Total Revenue": 16,
        "Gross Profit": 10,
        "Operating Income": -3,
        "EBIT": -1,
        "Net Income": -2
    },
    "2018-09-30": {
        "Diluted EPS": -3.71,
        "Total Revenue": 13,
        "Gross Profit": 7,
        "Operating Income": -22,
        "EBIT": -4,
        "Net Income": -21
    },
    "2018-06-30": {
        "Diluted EPS": -1.44,
        "Total Revenue": 14,
        "Gross Profit": 7,
        "Operating Income": -8,
        "EBIT": -6,
        "Net Income": -8
    },
    "2018-03-31": {
        "Diluted EPS": -1.59,
        "Total Revenue": 15,
        "Gross Profit": 8,
        "Operating Income": -9,
        "EBIT": -6,
        "Net Income": -9
    },
    "2017-12-31": {
        "Diluted EPS": -1.28,
        "Total Revenue": 18,
        "Gross Profit": 10,
        "Operating Income": -7,
        "EBIT": -5,
        "Net Income": -7
    },
    "2017-09-30": {
        "Diluted EPS": -1.34,
        "Total Revenue": 18,
        "Gross Profit": 10,
        "Operating Income": -7,
        "EBIT": -4,
        "Net Income": -8
    },
    "2017-06-30": {
        "Diluted EPS": -1.87,
        "Total Revenue": 19,
        "Gross Profit": 11,
        "Operating Income": -10,
        "EBIT": -4,
        "Net Income": -11
    },
    "2017-03-31": {
        "Diluted EPS": -1.1,
        "Total Revenue": 20,
        "Gross Profit": 12,
        "Operating Income": -6,
        "EBIT": -3,
        "Net Income": -6
    },
    "2016-12-31": {
        "Diluted EPS": -0.78,
        "Total Revenue": 23,
        "Gross Profit": 14,
        "Operating Income": -4,
        "EBIT": -1,
        "Net Income": -5
    },
    "2016-09-30": {
        "Diluted EPS": -0.55,
        "Total Revenue": 24,
        "Gross Profit": 15,
        "Operating Income": -3,
        "EBIT": 0,
        "Net Income": -3
    },
    "2016-06-30": {
        "Diluted EPS": -0.84,
        "Total Revenue": 26,
        "Gross Profit": 17,
        "Operating Income": -4,
        "EBIT": -1,
        "Net Income": -4
    },
    "2016-03-31": {
        "Diluted EPS": -0.84,
        "Total Revenue": 27,
        "Gross Profit": 18,
        "Operating Income": -4,
        "EBIT": -1,
        "Net Income": -4
    },
    "2015-12-31": {
        "Diluted EPS": -0.36,
        "Total Revenue": 29,
        "Gross Profit": 20,
        "Operating Income": -2,
        "EBIT": 1,
        "Net Income": -2
    },
    "2015-09-30": {
        "Diluted EPS": -1.82,
        "Total Revenue": 26,
        "Gross Profit": 16,
        "Operating Income": -9,
        "EBIT": -6,
        "Net Income": -10
    },
    "2015-06-30": {
        "Diluted EPS": -2.31,
        "Total Revenue": 27,
        "Gross Profit": 16,
        "Operating Income": -12,
        "EBIT": -9,
        "Net Income": -12
    },
    "2015-03-31": {
        "Diluted EPS": -1.89,
        "Total Revenue": 26,
        "Gross Profit": 17,
        "Operating Income": -10,
        "EBIT": -7,
        "Net Income": -10
    },
    "2014-12-31": {
        "Diluted EPS": -1.75,
        "Total Revenue": 27,
        "Gross Profit": 18,
        "Operating Income": -8,
        "EBIT": -5,
        "Net Income": -9
    },
    "2014-09-30": {
        "Diluted EPS": -1.89,
        "Total Revenue": 26,
        "Gross Profit": 17,
        "Operating Income": -9,
        "EBIT": -7,
        "Net Income": -9
    },
    "2014-06-30": {
        "Diluted EPS": -1.4,
        "Total Revenue": 24,
        "Gross Profit": 15,
        "Operating Income": -9,
        "EBIT": -7,
        "Net Income": -7
    },
    "2014-03-31": {
        "Diluted EPS": -1.75,
        "Total Revenue": 23,
        "Gross Profit": 14,
        "Operating Income": -8,
        "EBIT": -6,
        "Net Income": -8
    },
    "2013-12-31": {
        "Diluted EPS": 4.2,
        "Total Revenue": 22,
        "Gross Profit": 14,
        "Operating Income": -8,
        "EBIT": -6,
        "Net Income": -8
    },
    "2013-09-30": {
        "Diluted EPS": -1.75,
        "Total Revenue": 20,
        "Gross Profit": 12,
        "Operating Income": -8,
        "EBIT": -6,
        "Net Income": -8
    },
    "2013-06-30": {
        "Diluted EPS": -1.96,
        "Total Revenue": 18,
        "Gross Profit": 11,
        "Operating Income": -9,
        "EBIT": -7,
        "Net Income": -9
    },
    "2013-03-31": {
        "Diluted EPS": -10.01,
        "Total Revenue": 17,
        "Gross Profit": 10,
        "Operating Income": -10,
        "EBIT": -9,
        "Net Income": -11
    },
    "2012-12-31": {
        "Diluted EPS": -11.13,
        "Total Revenue": 17,
        "Gross Profit": 17,
        "Operating Income": 17,
        "EBIT": 18,
        "Net Income": -7
    },
    "2012-09-30": {
        "Diluted EPS": -10.57,
        "Total Revenue": 16,
        "Gross Profit": 9,
        "Operating Income": -6,
        "EBIT": -6,
        "Net Income": -7
    },
    "2012-06-30": {
        "Diluted EPS": -9.59,
        "Total Revenue": 14,
        "Gross Profit": 8,
        "Operating Income": -6,
        "EBIT": -6,
        "Net Income": -6
    },
    "2012-03-31": {
        "Diluted EPS": -11.13,
        "Total Revenue": 13,
        "Gross Profit": 13,
        "Operating Income": 13,
        "EBIT": 13,
        "Net Income": -7
    },
    "2011-12-31": {
        "Diluted EPS": 0.0,
        "Total Revenue": NaN,
        "Gross Profit": NaN,
        "Operating Income": NaN,
        "EBIT": NaN,
        "Net Income": NaN
    },
    "2023-06-30": {
        "Tax Effect Of Unusual Items": 0.0,
        "Tax Rate For Calcs": 0.21,
        "Normalized EBITDA": -5156000.0,
        "Net Income From Continuing Operation Net Minority Interest": -5917000.0,
        "Reconciled Depreciation": 832000.0,
        "Reconciled Cost Of Revenue": 3174000.0,
        "EBITDA": -5156000.0,
        "EBIT": -5988000.0,
        "Normalized Income": -5917000.0,
        "Net Income From Continuing And Discontinued Operation": -5917000.0,
        "Total Expenses": 10348000.0,
        "Total Operating Income As Reported": -5988000.0,
        "Diluted Average Shares": 2902000.0,
        "Basic Average Shares": 2902000.0,
        "Diluted EPS": -2.04,
        "Basic EPS": -2.04,
        "Diluted NI Availto Com Stockholders": -5917000.0,
        "Net Income Common Stockholders": -5917000.0,
        "Net Income": -5917000.0,
        "Net Income Including Noncontrolling Interests": -5917000.0,
        "Net Income Continuous Operations": -5917000.0,
        "Tax Provision": 144000.0,
        "Pretax Income": -5773000.0,
        "Other Income Expense": 215000.0,
        "Other Non Operating Income Expenses": 215000.0,
        "Operating Income": -5988000.0,
        "Operating Expense": 7174000.0,
        "Research And Development": 2797000.0,
        "Selling General And Administration": 4377000.0,
        "Selling And Marketing Expense": 1935000.0,
        "General And Administrative Expense": 2442000.0,
        "Other Gand A": 2442000.0,
        "Gross Profit": 1186000.0,
        "Cost Of Revenue": 3174000.0,
        "Total Revenue": 4360000.0,
        "Operating Revenue": 4360000.0
    },
    "2023-09-30": {
        "Tax Effect Of Unusual Items": 0.0,
        "Tax Rate For Calcs": 0.21,
        "Normalized EBITDA": -4314000.0,
        "Net Income From Continuing Operation Net Minority Interest": -4954000.0,
        "Reconciled Depreciation": 796000.0,
        "Reconciled Cost Of Revenue": 3087000.0,
        "EBITDA": -4314000.0,
        "EBIT": -5110000.0,
        "Normalized Income": -4954000.0,
        "Net Income From Continuing And Discontinued Operation": -4954000.0,
        "Total Expenses": 9548000.0,
        "Total Operating Income As Reported": -5110000.0,
        "Diluted Average Shares": 2985333.0,
        "Basic Average Shares": 2985333.0,
        "Diluted EPS": -1.68,
        "Basic EPS": -1.68,
        "Diluted NI Availto Com Stockholders": -4954000.0,
        "Net Income Common Stockholders": -4954000.0,
        "Net Income": -4954000.0,
        "Net Income Including Noncontrolling Interests": -4954000.0,
        "Net Income Continuous Operations": -4954000.0,
        "Tax Provision": 2000.0,
        "Pretax Income": -4952000.0,
        "Other Income Expense": 158000.0,
        "Other Non Operating Income Expenses": 158000.0,
        "Operating Income": -5110000.0,
        "Operating Expense": 6461000.0,
        "Research And Development": 2860000.0,
        "Selling General And Administration": 3601000.0,
        "Selling And Marketing Expense": 1482000.0,
        "General And Administrative Expense": 2119000.0,
        "Other Gand A": 2119000.0,
        "Gross Profit": 1351000.0,
        "Cost Of Revenue": 3087000.0,
        "Total Revenue": 4438000.0,
        "Operating Revenue": 4438000.0
    },
    "2023-12-31": {
        "Tax Effect Of Unusual Items": 0.0,
        "Tax Rate For Calcs": 0.061352,
        "Normalized EBITDA": -519000.0,
        "Net Income From Continuing Operation Net Minority Interest": -5263000.0,
        "Reconciled Depreciation": 1953000.0,
        "Reconciled Cost Of Revenue": 2134000.0,
        "EBITDA": -519000.0,
        "EBIT": -2472000.0,
        "Normalized Income": -5263000.0,
        "Net Income From Continuing And Discontinued Operation": -5263000.0,
        "Total Expenses": 6822000.0,
        "Total Operating Income As Reported": -5748000.0,
        "Diluted Average Shares": 3008833.0,
        "Basic Average Shares": 3008833.0,
        "Diluted EPS": -1.74,
        "Basic EPS": -1.74,
        "Diluted NI Availto Com Stockholders": -5263000.0,
        "Net Income Common Stockholders": -5263000.0,
        "Net Income": -5263000.0,
        "Net Income Including Noncontrolling Interests": -5263000.0,
        "Net Income Continuous Operations": -5263000.0,
        "Tax Provision": -344000.0,
        "Pretax Income": -5607000.0,
        "Other Income Expense": -3135000.0,
        "Other Non Operating Income Expenses": 141000.0,
        "Operating Income": -2472000.0,
        "Operating Expense": 4688000.0,
        "Research And Development": 1636000.0,
        "Selling General And Administration": 3052000.0,
        "Selling And Marketing Expense": 1078000.0,
        "General And Administrative Expense": 1974000.0,
        "Other Gand A": 1974000.0,
        "Gross Profit": 2216000.0,
        "Cost Of Revenue": 2134000.0,
        "Total Revenue": 4350000.0,
        "Operating Revenue": 4350000.0
    },
    "2024-03-31": {
        "Tax Effect Of Unusual Items": 0.0,
        "Tax Rate For Calcs": 0.004953,
        "Normalized EBITDA": -2154000.0,
        "Net Income From Continuing Operation Net Minority Interest": -2411000.0,
        "Reconciled Depreciation": 373000.0,
        "Reconciled Cost Of Revenue": 1743000.0,
        "EBITDA": -2154000.0,
        "EBIT": -2527000.0,
        "Normalized Income": -2411000.0,
        "Net Income From Continuing And Discontinued Operation": -2411000.0,
        "Total Expenses": 6558000.0,
        "Total Operating Income As Reported": -2527000.0,
        "Diluted Average Shares": 3023999.0,
        "Basic Average Shares": 3023999.0,
        "Diluted EPS": -0.799998,
        "Basic EPS": -0.799998,
        "Diluted NI Availto Com Stockholders": -2411000.0,
        "Net Income Common Stockholders": -2411000.0,
        "Net Income": -2411000.0,
        "Net Income Including Noncontrolling Interests": -2411000.0,
        "Net Income Continuous Operations": -2411000.0,
        "Tax Provision": -12000.0,
        "Pretax Income": -2423000.0,
        "Other Income Expense": 104000.0,
        "Other Non Operating Income Expenses": 104000.0,
        "Operating Income": -2527000.0,
        "Operating Expense": 4815000.0,
        "Research And Development": 1881000.0,
        "Selling General And Administration": 2934000.0,
        "Selling And Marketing Expense": 1250000.0,
        "General And Administrative Expense": 1684000.0,
        "Other Gand A": 1684000.0,
        "Gross Profit": 2288000.0,
        "Cost Of Revenue": 1743000.0,
        "Total Revenue": 4031000.0,
        "Operating Revenue": 4031000.0
    },
    "2024-06-30": {
        "Tax Effect Of Unusual Items": 0.0,
        "Tax Rate For Calcs": 0.21,
        "Normalized EBITDA": -1691000.0,
        "Net Income From Continuing Operation Net Minority Interest": -2018000.0,
        "Reconciled Depreciation": 396000.0,
        "Reconciled Cost Of Revenue": 1690000.0,
        "EBITDA": -1691000.0,
        "EBIT": -2087000.0,
        "Normalized Income": -2018000.0,
        "Net Income From Continuing And Discontinued Operation": -2018000.0,
        "Total Expenses": 6132000.0,
        "Total Operating Income As Reported": -2087000.0,
        "Diluted Average Shares": 3108000.0,
        "Basic Average Shares": 3108000.0,
        "Diluted EPS": -0.65,
        "Basic EPS": -0.65,
        "Diluted NI Availto Com Stockholders": -2018000.0,
        "Net Income Common Stockholders": -2018000.0,
        "Net Income": -2018000.0,
        "Net Income Including Noncontrolling Interests": -2018000.0,
        "Net Income Continuous Operations": -2018000.0,
        "Tax Provision": 69000.0,
        "Pretax Income": -1949000.0,
        "Other Income Expense": 138000.0,
        "Other Non Operating Income Expenses": 138000.0,
        "Operating Income": -2087000.0,
        "Operating Expense": 4442000.0,
        "Research And Development": 1799000.0,
        "Selling General And Administration": 2643000.0,
        "Selling And Marketing Expense": 1043000.0,
        "General And Administrative Expense": 1600000.0,
        "Other Gand A": 1600000.0,
        "Gross Profit": 2355000.0,
        "Cost Of Revenue": 1690000.0,
        "Total Revenue": 4045000.0,
        "Operating Revenue": 4045000.0
    },
    "2024-09-30": {
        "Tax Effect Of Unusual Items": 0.0,
        "Tax Rate For Calcs": 0.21,
        "Normalized EBITDA": -1731000.0,
        "Net Income From Continuing Operation Net Minority Interest": -2326000.0,
        "Reconciled Depreciation": 401000.0,
        "Reconciled Cost Of Revenue": 1703000.0,
        "EBITDA": -1731000.0,
        "EBIT": -2132000.0,
        "Normalized Income": -2326000.0,
        "Net Income From Continuing And Discontinued Operation": -2326000.0,
        "Total Expenses": 6414000.0,
        "Total Operating Income As Reported": -2132000.0,
        "Diluted Average Shares": 3135000.0,
        "Basic Average Shares": 3135000.0,
        "Diluted EPS": -0.74,
        "Basic EPS": -0.74,
        "Diluted NI Availto Com Stockholders": -2326000.0,
        "Net Income Common Stockholders": -2326000.0,
        "Net Income": -2326000.0,
        "Net Income Including Noncontrolling Interests": -2326000.0,
        "Net Income Continuous Operations": -2326000.0,
        "Tax Provision": 18000.0,
        "Pretax Income": -2308000.0,
        "Other Income Expense": -176000.0,
        "Other Non Operating Income Expenses": -176000.0,
        "Operating Income": -2132000.0,
        "Operating Expense": 4711000.0,
        "Research And Development": 1760000.0,
        "Selling General And Administration": 2951000.0,
        "Selling And Marketing Expense": 1091000.0,
        "General And Administrative Expense": 1860000.0,
        "Other Gand A": 1860000.0,
        "Gross Profit": 2579000.0,
        "Cost Of Revenue": 1703000.0,
        "Total Revenue": 4282000.0,
        "Operating Revenue": 4282000.0
    }
}