{
    "2023-03-31": {
        "Tax Effect Of Unusual Items": NaN,
        "Tax Rate For Calcs": NaN,
        "Normalized EBITDA": NaN,
        "Total Unusual Items": NaN,
        "Total Unusual Items Excluding Goodwill": NaN,
        "Net Income From Continuing Operation Net Minority Interest": NaN,
        "Reconciled Depreciation": NaN,
        "Reconciled Cost Of Revenue": NaN,
        "EBITDA": NaN,
        "EBIT": NaN,
        "Net Interest Income": NaN,
        "Interest Expense": NaN,
        "Interest Income": NaN,
        "Normalized Income": NaN,
        "Net Income From Continuing And Discontinued Operation": NaN,
        "Total Expenses": NaN,
        "Total Operating Income As Reported": NaN,
        "Diluted Average Shares": NaN,
        "Basic Average Shares": NaN,
        "Diluted EPS": NaN,
        "Basic EPS": NaN,
        "Diluted NI Availto Com Stockholders": NaN,
        "Average Dilution Earnings": NaN,
        "Net Income Common Stockholders": NaN,
        "Net Income": NaN,
        "Minority Interests": NaN,
        "Net Income Including Noncontrolling Interests": NaN,
        "Net Income Continuous Operations": NaN,
        "Tax Provision": NaN,
        "Pretax Income": NaN,
        "Other Income Expense": NaN,
        "Other Non Operating Income Expenses": NaN,
        "Special Income Charges": NaN,
        "Other Special Charges": 1436000.0,
        "Impairment Of Capital Assets": NaN,
        "Restructuring And Mergern Acquisition": NaN,
        "Net Non Operating Interest Income Expense": NaN,
        "Interest Expense Non Operating": NaN,
        "Interest Income Non Operating": NaN,
        "Operating Income": NaN,
        "Operating Expense": NaN,
        "Research And Development": NaN,
        "Selling General And Administration": NaN,
        "Gross Profit": NaN,
        "Cost Of Revenue": NaN,
        "Total Revenue": NaN,
        "Operating Revenue": NaN
    },
    "2022-12-31": {
        "Tax Effect Of Unusual Items": NaN,
        "Tax Rate For Calcs": NaN,
        "Normalized EBITDA": NaN,
        "Total Unusual Items": NaN,
        "Total Unusual Items Excluding Goodwill": NaN,
        "Net Income From Continuing Operation Net Minority Interest": NaN,
        "Reconciled Depreciation": NaN,
        "Reconciled Cost Of Revenue": NaN,
        "EBITDA": NaN,
        "EBIT": NaN,
        "Net Interest Income": NaN,
        "Interest Expense": NaN,
        "Interest Income": NaN,
        "Normalized Income": NaN,
        "Net Income From Continuing And Discontinued Operation": NaN,
        "Total Expenses": NaN,
        "Total Operating Income As Reported": NaN,
        "Diluted Average Shares": NaN,
        "Basic Average Shares": NaN,
        "Diluted EPS": NaN,
        "Basic EPS": NaN,
        "Diluted NI Availto Com Stockholders": NaN,
        "Average Dilution Earnings": 37527000.0,
        "Net Income Common Stockholders": NaN,
        "Net Income": NaN,
        "Minority Interests": NaN,
        "Net Income Including Noncontrolling Interests": NaN,
        "Net Income Continuous Operations": NaN,
        "Tax Provision": NaN,
        "Pretax Income": NaN,
        "Other Income Expense": NaN,
        "Other Non Operating Income Expenses": NaN,
        "Special Income Charges": NaN,
        "Gain On Sale Of Business": 0.0,
        "Other Special Charges": 0.0,
        "Restructuring And Mergern Acquisition": NaN,
        "Net Non Operating Interest Income Expense": NaN,
        "Interest Expense Non Operating": NaN,
        "Interest Income Non Operating": NaN,
        "Operating Income": NaN,
        "Operating Expense": NaN,
        "Research And Development": NaN,
        "Selling General And Administration": NaN,
        "Gross Profit": NaN,
        "Cost Of Revenue": NaN,
        "Total Revenue": NaN,
        "Operating Revenue": NaN
    },
    "2022-09-30": {
        "Tax Effect Of Unusual Items": NaN,
        "Tax Rate For Calcs": NaN,
        "Normalized EBITDA": NaN,
        "Total Unusual Items": NaN,
        "Total Unusual Items Excluding Goodwill": NaN,
        "Net Income From Continuing Operation Net Minority Interest": NaN,
        "Reconciled Depreciation": NaN,
        "Reconciled Cost Of Revenue": NaN,
        "EBITDA": NaN,
        "EBIT": NaN,
        "Net Interest Income": NaN,
        "Interest Expense": NaN,
        "Interest Income": NaN,
        "Normalized Income": NaN,
        "Net Income From Continuing And Discontinued Operation": NaN,
        "Total Expenses": NaN,
        "Total Operating Income As Reported": NaN,
        "Diluted Average Shares": NaN,
        "Basic Average Shares": NaN,
        "Diluted EPS": NaN,
        "Basic EPS": NaN,
        "Diluted NI Availto Com Stockholders": NaN,
        "Average Dilution Earnings": 18000.0,
        "Net Income Common Stockholders": NaN,
        "Net Income": NaN,
        "Minority Interests": NaN,
        "Net Income Including Noncontrolling Interests": NaN,
        "Net Income Continuous Operations": NaN,
        "Tax Provision": NaN,
        "Pretax Income": NaN,
        "Other Income Expense": NaN,
        "Other Non Operating Income Expenses": NaN,
        "Special Income Charges": NaN,
        "Gain On Sale Of Business": 0.0,
        "Other Special Charges": NaN,
        "Restructuring And Mergern Acquisition": NaN,
        "Net Non Operating Interest Income Expense": NaN,
        "Interest Expense Non Operating": NaN,
        "Interest Income Non Operating": NaN,
        "Operating Income": NaN,
        "Operating Expense": NaN,
        "Research And Development": NaN,
        "Selling General And Administration": NaN,
        "Gross Profit": NaN,
        "Cost Of Revenue": NaN,
        "Total Revenue": NaN,
        "Operating Revenue": NaN
    },
    "2022-06-30": {
        "Tax Effect Of Unusual Items": 814401.801225,
        "Tax Rate For Calcs": 0.10441,
        "Normalized EBITDA": 171626000.0,
        "Total Unusual Items": 7800000.0,
        "Total Unusual Items Excluding Goodwill": 7800000.0,
        "Net Income From Continuing Operation Net Minority Interest": 71240000.0,
        "Reconciled Depreciation": 10783000.0,
        "Reconciled Cost Of Revenue": 37496000.0,
        "EBITDA": 179426000.0,
        "EBIT": 179426000.0,
        "Net Interest Income": -4434000.0,
        "Interest Expense": 4434000.0,
        "Interest Income": NaN,
        "Normalized Income": 64254401.801225,
        "Net Income From Continuing And Discontinued Operation": 71240000.0,
        "Total Expenses": 69831000.0,
        "Total Operating Income As Reported": 180701000.0,
        "Diluted Average Shares": 255361000.0,
        "Basic Average Shares": 131524000.0,
        "Diluted EPS": 0.53,
        "Basic EPS": 0.54,
        "Diluted NI Availto Com Stockholders": 71240000.0,
        "Average Dilution Earnings": 65299000.0,
        "Net Income Common Stockholders": 71240000.0,
        "Net Income": 71240000.0,
        "Minority Interests": -85481000.0,
        "Net Income Including Noncontrolling Interests": 156721000.0,
        "Net Income Continuous Operations": 156721000.0,
        "Tax Provision": 18271000.0,
        "Pretax Income": 174992000.0,
        "Other Income Expense": 6525000.0,
        "Other Non Operating Income Expenses": -1275000.0,
        "Special Income Charges": 7800000.0,
        "Gain On Sale Of Business": NaN,
        "Other Special Charges": NaN,
        "Restructuring And Mergern Acquisition": -7800000.0,
        "Net Non Operating Interest Income Expense": -4434000.0,
        "Interest Expense Non Operating": 4434000.0,
        "Interest Income Non Operating": NaN,
        "Operating Income": 172901000.0,
        "Operating Expense": 32335000.0,
        "Research And Development": 4274000.0,
        "Selling General And Administration": 28061000.0,
        "Gross Profit": 205236000.0,
        "Cost Of Revenue": 37496000.0,
        "Total Revenue": 242732000.0,
        "Operating Revenue": 242732000.0
    },
    "2022-03-31": {
        "Diluted EPS": 0.5,
        "Total Revenue": 244,
        "Gross Profit": 204,
        "Operating Income": 167,
        "EBIT": 177,
        "Net Income": 67
    },
    "2021-12-31": {
        "Diluted EPS": 0.44,
        "Total Revenue": 228,
        "Gross Profit": 189,
        "Operating Income": 155,
        "EBIT": 164,
        "Net Income": 56
    },
    "2021-09-30": {
        "Diluted EPS": 0.44,
        "Total Revenue": 205,
        "Gross Profit": 173,
        "Operating Income": 155,
        "EBIT": 164,
        "Net Income": 54
    },
    "2021-06-30": {
        "Diluted EPS": 0.44,
        "Total Revenue": 218,
        "Gross Profit": 180,
        "Operating Income": 154,
        "EBIT": 164,
        "Net Income": 49
    },
    "2021-03-31": {
        "Diluted EPS": 0.24,
        "Total Revenue": 148,
        "Gross Profit": 117,
        "Operating Income": 91,
        "EBIT": 98,
        "Net Income": 23
    },
    "2020-12-31": {
        "Diluted EPS": 0.13,
        "Total Revenue": 98,
        "Gross Profit": 75,
        "Operating Income": 31,
        "EBIT": 38,
        "Net Income": 25
    },
    "2020-09-30": {
        "Diluted EPS": 0.12,
        "Total Revenue": 88,
        "Gross Profit": 68,
        "Operating Income": 46,
        "EBIT": 53,
        "Net Income": 39
    },
    "2020-06-30": {
        "Diluted EPS": 0.0,
        "Total Revenue": 47,
        "Gross Profit": 26,
        "Operating Income": 8,
        "EBIT": 15,
        "Net Income": 1
    },
    "2020-03-31": {
        "Diluted EPS": 0.09,
        "Total Revenue": 51,
        "Gross Profit": 36,
        "Operating Income": 35,
        "EBIT": 42,
        "Net Income": 23
    },
    "2019-12-31": {
        "Diluted EPS": 0.0,
        "Total Revenue": NaN,
        "Gross Profit": NaN,
        "Operating Income": NaN,
        "EBIT": NaN,
        "Net Income": NaN
    },
    "2018-12-31": {
        "Diluted EPS": 0.0,
        "Total Revenue": NaN,
        "Gross Profit": NaN,
        "Operating Income": NaN,
        "EBIT": NaN,
        "Net Income": NaN
    },
    "2023-06-30": {
        "Tax Effect Of Unusual Items": NaN,
        "Tax Rate For Calcs": NaN,
        "Normalized EBITDA": NaN,
        "Total Unusual Items": NaN,
        "Total Unusual Items Excluding Goodwill": NaN,
        "Net Income From Continuing Operation Net Minority Interest": NaN,
        "Reconciled Depreciation": NaN,
        "Reconciled Cost Of Revenue": NaN,
        "EBITDA": NaN,
        "EBIT": NaN,
        "Net Interest Income": NaN,
        "Interest Expense": NaN,
        "Interest Income": NaN,
        "Normalized Income": NaN,
        "Net Income From Continuing And Discontinued Operation": NaN,
        "Total Expenses": NaN,
        "Total Operating Income As Reported": NaN,
        "Diluted Average Shares": NaN,
        "Basic Average Shares": NaN,
        "Diluted EPS": NaN,
        "Basic EPS": NaN,
        "Diluted NI Availto Com Stockholders": NaN,
        "Average Dilution Earnings": 0.0,
        "Net Income Common Stockholders": NaN,
        "Net Income": NaN,
        "Minority Interests": NaN,
        "Net Income Including Noncontrolling Interests": NaN,
        "Net Income Continuous Operations": NaN,
        "Tax Provision": NaN,
        "Pretax Income": NaN,
        "Other Income Expense": NaN,
        "Other Non Operating Income Expenses": NaN,
        "Special Income Charges": NaN,
        "Other Special Charges": -101000.0,
        "Impairment Of Capital Assets": NaN,
        "Restructuring And Mergern Acquisition": NaN,
        "Net Non Operating Interest Income Expense": NaN,
        "Interest Expense Non Operating": NaN,
        "Interest Income Non Operating": NaN,
        "Operating Income": NaN,
        "Operating Expense": NaN,
        "Research And Development": NaN,
        "Selling General And Administration": NaN,
        "Gross Profit": NaN,
        "Cost Of Revenue": NaN,
        "Total Revenue": NaN,
        "Operating Revenue": NaN
    },
    "2023-09-30": {
        "Tax Effect Of Unusual Items": NaN,
        "Tax Rate For Calcs": NaN,
        "Normalized EBITDA": NaN,
        "Total Unusual Items": NaN,
        "Total Unusual Items Excluding Goodwill": NaN,
        "Net Income From Continuing Operation Net Minority Interest": NaN,
        "Reconciled Depreciation": NaN,
        "Reconciled Cost Of Revenue": NaN,
        "EBITDA": NaN,
        "EBIT": NaN,
        "Net Interest Income": NaN,
        "Interest Expense": NaN,
        "Interest Income": NaN,
        "Normalized Income": NaN,
        "Net Income From Continuing And Discontinued Operation": NaN,
        "Total Expenses": NaN,
        "Total Operating Income As Reported": NaN,
        "Diluted Average Shares": NaN,
        "Basic Average Shares": NaN,
        "Diluted EPS": NaN,
        "Basic EPS": NaN,
        "Diluted NI Availto Com Stockholders": NaN,
        "Average Dilution Earnings": 0.0,
        "Net Income Common Stockholders": NaN,
        "Net Income": NaN,
        "Minority Interests": NaN,
        "Net Income Including Noncontrolling Interests": NaN,
        "Net Income Continuous Operations": NaN,
        "Tax Provision": NaN,
        "Pretax Income": NaN,
        "Other Income Expense": NaN,
        "Other Non Operating Income Expenses": NaN,
        "Special Income Charges": NaN,
        "Other Special Charges": 1007000.0,
        "Impairment Of Capital Assets": 0.0,
        "Restructuring And Mergern Acquisition": NaN,
        "Net Non Operating Interest Income Expense": NaN,
        "Interest Expense Non Operating": NaN,
        "Interest Income Non Operating": NaN,
        "Operating Income": NaN,
        "Operating Expense": NaN,
        "Research And Development": NaN,
        "Selling General And Administration": NaN,
        "Gross Profit": NaN,
        "Cost Of Revenue": NaN,
        "Total Revenue": NaN,
        "Operating Revenue": NaN
    },
    "2023-12-31": {
        "Tax Effect Of Unusual Items": NaN,
        "Tax Rate For Calcs": NaN,
        "Normalized EBITDA": NaN,
        "Total Unusual Items": NaN,
        "Total Unusual Items Excluding Goodwill": NaN,
        "Net Income From Continuing Operation Net Minority Interest": NaN,
        "Reconciled Depreciation": NaN,
        "Reconciled Cost Of Revenue": NaN,
        "EBITDA": NaN,
        "EBIT": NaN,
        "Net Interest Income": NaN,
        "Interest Expense": NaN,
        "Interest Income": NaN,
        "Normalized Income": NaN,
        "Net Income From Continuing And Discontinued Operation": NaN,
        "Total Expenses": NaN,
        "Total Operating Income As Reported": NaN,
        "Diluted Average Shares": NaN,
        "Basic Average Shares": NaN,
        "Diluted EPS": NaN,
        "Basic EPS": NaN,
        "Diluted NI Availto Com Stockholders": NaN,
        "Average Dilution Earnings": 0.0,
        "Net Income Common Stockholders": NaN,
        "Net Income": NaN,
        "Minority Interests": NaN,
        "Net Income Including Noncontrolling Interests": NaN,
        "Net Income Continuous Operations": NaN,
        "Tax Provision": NaN,
        "Pretax Income": NaN,
        "Other Income Expense": NaN,
        "Other Non Operating Income Expenses": NaN,
        "Special Income Charges": NaN,
        "Impairment Of Capital Assets": NaN,
        "Restructuring And Mergern Acquisition": NaN,
        "Net Non Operating Interest Income Expense": NaN,
        "Interest Expense Non Operating": NaN,
        "Interest Income Non Operating": NaN,
        "Operating Income": NaN,
        "Operating Expense": NaN,
        "Research And Development": NaN,
        "Selling General And Administration": NaN,
        "Gross Profit": NaN,
        "Cost Of Revenue": NaN,
        "Total Revenue": NaN,
        "Operating Revenue": NaN
    },
    "2024-03-31": {
        "Tax Effect Of Unusual Items": 254520.0,
        "Tax Rate For Calcs": 0.21,
        "Normalized EBITDA": 996000.0,
        "Total Unusual Items": 1212000.0,
        "Total Unusual Items Excluding Goodwill": 1212000.0,
        "Net Income From Continuing Operation Net Minority Interest": -12078000.0,
        "Reconciled Depreciation": 13753000.0,
        "Reconciled Cost Of Revenue": 38335000.0,
        "EBITDA": 2208000.0,
        "EBIT": -11545000.0,
        "Net Interest Income": -3654000.0,
        "Interest Expense": 10864000.0,
        "Interest Income": 7210000.0,
        "Normalized Income": -13035480.0,
        "Net Income From Continuing And Discontinued Operation": -12078000.0,
        "Total Expenses": 84252000.0,
        "Total Operating Income As Reported": -18861000.0,
        "Diluted Average Shares": 132333000.0,
        "Basic Average Shares": 132333000.0,
        "Diluted EPS": -0.09,
        "Basic EPS": -0.09,
        "Diluted NI Availto Com Stockholders": -12078000.0,
        "Average Dilution Earnings": NaN,
        "Net Income Common Stockholders": -12078000.0,
        "Net Income": -12078000.0,
        "Minority Interests": 10602000.0,
        "Net Income Including Noncontrolling Interests": -22680000.0,
        "Net Income Continuous Operations": -22680000.0,
        "Tax Provision": 271000.0,
        "Pretax Income": -22409000.0,
        "Other Income Expense": 1318000.0,
        "Other Non Operating Income Expenses": 106000.0,
        "Special Income Charges": 1212000.0,
        "Impairment Of Capital Assets": 0.0,
        "Restructuring And Mergern Acquisition": -1212000.0,
        "Net Non Operating Interest Income Expense": -3654000.0,
        "Interest Expense Non Operating": 10864000.0,
        "Interest Income Non Operating": 7210000.0,
        "Operating Income": -20073000.0,
        "Operating Expense": 45917000.0,
        "Research And Development": 5032000.0,
        "Selling General And Administration": 40885000.0,
        "Gross Profit": 25844000.0,
        "Cost Of Revenue": 38335000.0,
        "Total Revenue": 64179000.0,
        "Operating Revenue": 64179000.0
    },
    "2024-06-30": {
        "Tax Effect Of Unusual Items": 139993.526732,
        "Tax Rate For Calcs": 0.116759,
        "Normalized EBITDA": 4432000.0,
        "Total Unusual Items": 1199000.0,
        "Total Unusual Items Excluding Goodwill": 1199000.0,
        "Net Income From Continuing Operation Net Minority Interest": -9789000.0,
        "Reconciled Depreciation": 14547000.0,
        "Reconciled Cost Of Revenue": 38582000.0,
        "EBITDA": 5631000.0,
        "EBIT": -8916000.0,
        "Net Interest Income": -4853000.0,
        "Interest Expense": 11939000.0,
        "Interest Income": 7086000.0,
        "Normalized Income": -10848006.473268,
        "Net Income From Continuing And Discontinued Operation": -9789000.0,
        "Total Expenses": 84062000.0,
        "Total Operating Income As Reported": -13440000.0,
        "Diluted Average Shares": NaN,
        "Basic Average Shares": NaN,
        "Diluted EPS": NaN,
        "Basic EPS": NaN,
        "Diluted NI Availto Com Stockholders": -9789000.0,
        "Net Income Common Stockholders": -9789000.0,
        "Net Income": -9789000.0,
        "Minority Interests": 8631000.0,
        "Net Income Including Noncontrolling Interests": -18420000.0,
        "Net Income Continuous Operations": -18420000.0,
        "Tax Provision": -2435000.0,
        "Pretax Income": -20855000.0,
        "Other Income Expense": -1363000.0,
        "Other Non Operating Income Expenses": -2562000.0,
        "Special Income Charges": 1199000.0,
        "Impairment Of Capital Assets": 0.0,
        "Restructuring And Mergern Acquisition": -1199000.0,
        "Net Non Operating Interest Income Expense": -4853000.0,
        "Interest Expense Non Operating": 11939000.0,
        "Interest Income Non Operating": 7086000.0,
        "Operating Income": -14639000.0,
        "Operating Expense": 45480000.0,
        "Research And Development": 4924000.0,
        "Selling General And Administration": 40556000.0,
        "Gross Profit": 30841000.0,
        "Cost Of Revenue": 38582000.0,
        "Total Revenue": 69423000.0,
        "Operating Revenue": 69423000.0
    },
    "2024-09-30": {
        "Tax Effect Of Unusual Items": -32351970.0,
        "Tax Rate For Calcs": 0.21,
        "Normalized EBITDA": 9586000.0,
        "Total Unusual Items": -154057000.0,
        "Total Unusual Items Excluding Goodwill": -154057000.0,
        "Net Income From Continuing Operation Net Minority Interest": -97074000.0,
        "Reconciled Depreciation": 14039000.0,
        "Reconciled Cost Of Revenue": 36791000.0,
        "EBITDA": -144471000.0,
        "EBIT": -158510000.0,
        "Net Interest Income": -6563000.0,
        "Interest Expense": 13634000.0,
        "Interest Income": 7071000.0,
        "Normalized Income": 24631030.0,
        "Net Income From Continuing And Discontinued Operation": -97074000.0,
        "Total Expenses": 80582000.0,
        "Total Operating Income As Reported": -165614000.0,
        "Diluted Average Shares": 141555000.0,
        "Basic Average Shares": 141555000.0,
        "Diluted EPS": -0.7,
        "Basic EPS": -0.7,
        "Diluted NI Availto Com Stockholders": -97074000.0,
        "Net Income Common Stockholders": -97074000.0,
        "Net Income": -97074000.0,
        "Minority Interests": 75381000.0,
        "Net Income Including Noncontrolling Interests": -172455000.0,
        "Net Income Continuous Operations": -172455000.0,
        "Tax Provision": 311000.0,
        "Pretax Income": -172144000.0,
        "Other Income Expense": -154024000.0,
        "Other Non Operating Income Expenses": 33000.0,
        "Special Income Charges": -154057000.0,
        "Impairment Of Capital Assets": 154239000.0,
        "Restructuring And Mergern Acquisition": -182000.0,
        "Net Non Operating Interest Income Expense": -6563000.0,
        "Interest Expense Non Operating": 13634000.0,
        "Interest Income Non Operating": 7071000.0,
        "Operating Income": -11557000.0,
        "Operating Expense": 43791000.0,
        "Research And Development": 4704000.0,
        "Selling General And Administration": 39087000.0,
        "Gross Profit": 32234000.0,
        "Cost Of Revenue": 36791000.0,
        "Total Revenue": 69025000.0,
        "Operating Revenue": 69025000.0
    },
    "2024-12-31": {
        "Tax Effect Of Unusual Items": -2178.93854,
        "Tax Rate For Calcs": 0.000151,
        "Normalized EBITDA": -6238000.0,
        "Total Unusual Items": -14475000.0,
        "Total Unusual Items Excluding Goodwill": -14475000.0,
        "Net Income From Continuing Operation Net Minority Interest": -26145000.0,
        "Reconciled Depreciation": 14526000.0,
        "Reconciled Cost Of Revenue": 37444000.0,
        "EBITDA": -20713000.0,
        "EBIT": -35239000.0,
        "Net Interest Income": -5227000.0,
        "Interest Expense": 11263000.0,
        "Interest Income": 6036000.0,
        "Normalized Income": -11672178.93854,
        "Net Income From Continuing And Discontinued Operation": -26145000.0,
        "Total Expenses": 83248000.0,
        "Total Operating Income As Reported": -38130000.0,
        "Diluted Average Shares": 141812000.0,
        "Basic Average Shares": 141812000.0,
        "Diluted EPS": -0.18,
        "Basic EPS": -0.18,
        "Diluted NI Availto Com Stockholders": -26145000.0,
        "Net Income Common Stockholders": -26145000.0,
        "Net Income": -26145000.0,
        "Minority Interests": 20350000.0,
        "Net Income Including Noncontrolling Interests": -46495000.0,
        "Net Income Continuous Operations": -46495000.0,
        "Tax Provision": -7000.0,
        "Pretax Income": -46502000.0,
        "Other Income Expense": -14433000.0,
        "Other Non Operating Income Expenses": 42000.0,
        "Special Income Charges": -14475000.0,
        "Impairment Of Capital Assets": 11912000.0,
        "Restructuring And Mergern Acquisition": -624000.0,
        "Net Non Operating Interest Income Expense": -5227000.0,
        "Interest Expense Non Operating": 11263000.0,
        "Interest Income Non Operating": 6036000.0,
        "Operating Income": -26842000.0,
        "Operating Expense": 45804000.0,
        "Research And Development": 4561000.0,
        "Selling General And Administration": 41243000.0,
        "Gross Profit": 18962000.0,
        "Cost Of Revenue": 37444000.0,
        "Total Revenue": 56406000.0,
        "Operating Revenue": 56406000.0
    },
    "2025-03-31": {
        "Tax Effect Of Unusual Items": -2611350.0,
        "Tax Rate For Calcs": 0.21,
        "Normalized EBITDA": -18568000.0,
        "Total Unusual Items": -12435000.0,
        "Total Unusual Items Excluding Goodwill": -12435000.0,
        "Net Income From Continuing Operation Net Minority Interest": -29945000.0,
        "Reconciled Depreciation": 14910000.0,
        "Reconciled Cost Of Revenue": 39125000.0,
        "EBITDA": -31003000.0,
        "EBIT": -45913000.0,
        "Net Interest Income": -3553000.0,
        "Interest Expense": 6778000.0,
        "Interest Income": 3225000.0,
        "Normalized Income": -20121350.0,
        "Net Income From Continuing And Discontinued Operation": -29945000.0,
        "Total Expenses": 83577000.0,
        "Total Operating Income As Reported": -49162000.0,
        "Diluted Average Shares": 143425000.0,
        "Basic Average Shares": 143425000.0,
        "Diluted EPS": -0.21,
        "Basic EPS": -0.21,
        "Diluted NI Availto Com Stockholders": -29945000.0,
        "Net Income Common Stockholders": -29945000.0,
        "Net Income": -29945000.0,
        "Minority Interests": 22908000.0,
        "Net Income Including Noncontrolling Interests": -52853000.0,
        "Net Income Continuous Operations": -52853000.0,
        "Tax Provision": 162000.0,
        "Pretax Income": -52691000.0,
        "Other Income Expense": -12411000.0,
        "Other Non Operating Income Expenses": 24000.0,
        "Special Income Charges": -12435000.0,
        "Impairment Of Capital Assets": 12435000.0,
        "Restructuring And Mergern Acquisition": 0.0,
        "Net Non Operating Interest Income Expense": -3553000.0,
        "Interest Expense Non Operating": 6778000.0,
        "Interest Income Non Operating": 3225000.0,
        "Operating Income": -36727000.0,
        "Operating Expense": 44452000.0,
        "Research And Development": 4888000.0,
        "Selling General And Administration": 39564000.0,
        "Gross Profit": 7725000.0,
        "Cost Of Revenue": 39125000.0,
        "Total Revenue": 46850000.0,
        "Operating Revenue": 46850000.0
    },
    "2025-06-30": {
        "Tax Effect Of Unusual Items": -1774162.0,
        "Tax Rate For Calcs": 0.058,
        "Normalized EBITDA": -21335000.0,
        "Total Unusual Items": -30589000.0,
        "Total Unusual Items Excluding Goodwill": -30589000.0,
        "Net Income From Continuing Operation Net Minority Interest": -39591000.0,
        "Reconciled Depreciation": 15386000.0,
        "Reconciled Cost Of Revenue": 39629000.0,
        "EBITDA": -51924000.0,
        "EBIT": -67310000.0,
        "Net Interest Income": -3785000.0,
        "Interest Expense": 6815000.0,
        "Interest Income": 3030000.0,
        "Normalized Income": -10776162.0,
        "Net Income From Continuing And Discontinued Operation": -39591000.0,
        "Total Expenses": 83086000.0,
        "Total Operating Income As Reported": -66278000.0,
        "Diluted Average Shares": 144236000.0,
        "Basic Average Shares": 144236000.0,
        "Diluted EPS": -0.27,
        "Basic EPS": -0.27,
        "Diluted NI Availto Com Stockholders": -39591000.0,
        "Net Income Common Stockholders": -39591000.0,
        "Net Income": -39591000.0,
        "Minority Interests": 30246000.0,
        "Net Income Including Noncontrolling Interests": -69837000.0,
        "Net Income Continuous Operations": -69837000.0,
        "Tax Provision": -4288000.0,
        "Pretax Income": -74125000.0,
        "Other Income Expense": -34651000.0,
        "Other Non Operating Income Expenses": -4062000.0,
        "Special Income Charges": -30589000.0,
        "Impairment Of Capital Assets": 30449000.0,
        "Restructuring And Mergern Acquisition": 140000.0,
        "Net Non Operating Interest Income Expense": -3785000.0,
        "Interest Expense Non Operating": 6815000.0,
        "Interest Income Non Operating": 3030000.0,
        "Operating Income": -35689000.0,
        "Operating Expense": 43457000.0,
        "Research And Development": 4882000.0,
        "Selling General And Administration": 38575000.0,
        "Gross Profit": 7768000.0,
        "Cost Of Revenue": 39629000.0,
        "Total Revenue": 47397000.0,
        "Operating Revenue": 47397000.0
    },
    "2025-09-30": {
        "Tax Effect Of Unusual Items": -14892.0,
        "Tax Rate For Calcs": 0.002,
        "Normalized EBITDA": -15416000.0,
        "Total Unusual Items": -7446000.0,
        "Total Unusual Items Excluding Goodwill": -7446000.0,
        "Net Income From Continuing Operation Net Minority Interest": -25556000.0,
        "Reconciled Depreciation": 15443000.0,
        "Reconciled Cost Of Revenue": 35975000.0,
        "EBITDA": -22862000.0,
        "EBIT": -38305000.0,
        "Net Interest Income": -4047000.0,
        "Interest Expense": 6844000.0,
        "Interest Income": 2797000.0,
        "Normalized Income": -18124892.0,
        "Net Income From Continuing And Discontinued Operation": -25556000.0,
        "Total Expenses": 75215000.0,
        "Total Operating Income As Reported": -41031000.0,
        "Diluted Average Shares": 144683000.0,
        "Basic Average Shares": 144683000.0,
        "Diluted EPS": -0.18,
        "Basic EPS": -0.18,
        "Diluted NI Availto Com Stockholders": -25556000.0,
        "Net Income Common Stockholders": -25556000.0,
        "Net Income": -25556000.0,
        "Minority Interests": 19501000.0,
        "Net Income Including Noncontrolling Interests": -45057000.0,
        "Net Income Continuous Operations": -45057000.0,
        "Tax Provision": -92000.0,
        "Pretax Income": -45149000.0,
        "Other Income Expense": -7517000.0,
        "Other Non Operating Income Expenses": -71000.0,
        "Special Income Charges": -7446000.0,
        "Impairment Of Capital Assets": 0.0,
        "Restructuring And Mergern Acquisition": 7446000.0,
        "Net Non Operating Interest Income Expense": -4047000.0,
        "Interest Expense Non Operating": 6844000.0,
        "Interest Income Non Operating": 2797000.0,
        "Operating Income": -33585000.0,
        "Operating Expense": 39240000.0,
        "Research And Development": 3844000.0,
        "Selling General And Administration": 35396000.0,
        "Gross Profit": 5655000.0,
        "Cost Of Revenue": 35975000.0,
        "Total Revenue": 41630000.0,
        "Operating Revenue": 41630000.0
    }
}