{
    "2023-06-30": {
        "Tax Effect Of Unusual Items": NaN,
        "Tax Rate For Calcs": NaN,
        "Total Unusual Items": -407000000.0,
        "Total Unusual Items Excluding Goodwill": -407000000.0,
        "Net Income From Continuing Operation Net Minority Interest": NaN,
        "Reconciled Depreciation": NaN,
        "Net Interest Income": NaN,
        "Interest Expense": NaN,
        "Interest Income": NaN,
        "Normalized Income": NaN,
        "Net Income From Continuing And Discontinued Operation": NaN,
        "Diluted Average Shares": NaN,
        "Basic Average Shares": NaN,
        "Diluted EPS": NaN,
        "Basic EPS": NaN,
        "Diluted NI Availto Com Stockholders": NaN,
        "Net Income Common Stockholders": NaN,
        "Preferred Stock Dividends": NaN,
        "Net Income": NaN,
        "Minority Interests": NaN,
        "Net Income Including Noncontrolling Interests": NaN,
        "Net Income Continuous Operations": NaN,
        "Tax Provision": NaN,
        "Pretax Income": NaN,
        "Special Income Charges": -407000000.0,
        "Other Special Charges": NaN,
        "Restructuring And Mergern Acquisition": 407000000.0,
        "Gain On Sale Of Security": NaN,
        "Selling General And Administration": NaN,
        "Selling And Marketing Expense": NaN,
        "General And Administrative Expense": NaN,
        "Salaries And Wages": NaN,
        "Total Revenue": NaN,
        "Operating Revenue": NaN,
        "Occupancy And Equipment": NaN,
        "Professional Expense And Contract Services Expense": NaN,
        "Other Non Interest Expense": NaN
    },
    "2023-03-31": {
        "Tax Effect Of Unusual Items": NaN,
        "Tax Rate For Calcs": NaN,
        "Total Unusual Items": -77000000.0,
        "Total Unusual Items Excluding Goodwill": -77000000.0,
        "Net Income From Continuing Operation Net Minority Interest": NaN,
        "Reconciled Depreciation": NaN,
        "Net Interest Income": NaN,
        "Interest Expense": NaN,
        "Interest Income": NaN,
        "Normalized Income": NaN,
        "Net Income From Continuing And Discontinued Operation": NaN,
        "Diluted Average Shares": NaN,
        "Basic Average Shares": NaN,
        "Diluted EPS": NaN,
        "Basic EPS": NaN,
        "Diluted NI Availto Com Stockholders": NaN,
        "Net Income Common Stockholders": NaN,
        "Preferred Stock Dividends": NaN,
        "Net Income": NaN,
        "Minority Interests": NaN,
        "Net Income Including Noncontrolling Interests": NaN,
        "Net Income Continuous Operations": NaN,
        "Tax Provision": NaN,
        "Pretax Income": NaN,
        "Special Income Charges": -77000000.0,
        "Other Special Charges": NaN,
        "Restructuring And Mergern Acquisition": 77000000.0,
        "Gain On Sale Of Security": NaN,
        "Selling General And Administration": NaN,
        "Selling And Marketing Expense": NaN,
        "General And Administrative Expense": NaN,
        "Salaries And Wages": NaN,
        "Total Revenue": NaN,
        "Operating Revenue": NaN,
        "Occupancy And Equipment": NaN,
        "Professional Expense And Contract Services Expense": NaN,
        "Other Non Interest Expense": NaN
    },
    "2022-12-31": {
        "Tax Effect Of Unusual Items": NaN,
        "Tax Rate For Calcs": NaN,
        "Total Unusual Items": -120000000.0,
        "Total Unusual Items Excluding Goodwill": -120000000.0,
        "Net Income From Continuing Operation Net Minority Interest": NaN,
        "Reconciled Depreciation": NaN,
        "Net Interest Income": NaN,
        "Interest Expense": NaN,
        "Interest Income": NaN,
        "Normalized Income": NaN,
        "Net Income From Continuing And Discontinued Operation": NaN,
        "Diluted Average Shares": NaN,
        "Basic Average Shares": NaN,
        "Diluted EPS": NaN,
        "Basic EPS": NaN,
        "Diluted NI Availto Com Stockholders": NaN,
        "Net Income Common Stockholders": NaN,
        "Preferred Stock Dividends": NaN,
        "Net Income": NaN,
        "Minority Interests": NaN,
        "Net Income Including Noncontrolling Interests": NaN,
        "Net Income Continuous Operations": NaN,
        "Tax Provision": NaN,
        "Pretax Income": NaN,
        "Special Income Charges": -120000000.0,
        "Other Special Charges": NaN,
        "Restructuring And Mergern Acquisition": 120000000.0,
        "Gain On Sale Of Security": NaN,
        "Selling General And Administration": NaN,
        "Selling And Marketing Expense": NaN,
        "General And Administrative Expense": NaN,
        "Salaries And Wages": NaN,
        "Total Revenue": NaN,
        "Operating Revenue": NaN,
        "Occupancy And Equipment": NaN,
        "Professional Expense And Contract Services Expense": NaN,
        "Other Non Interest Expense": NaN
    },
    "2022-09-30": {
        "Tax Effect Of Unusual Items": NaN,
        "Tax Rate For Calcs": NaN,
        "Total Unusual Items": -123000000.0,
        "Total Unusual Items Excluding Goodwill": -123000000.0,
        "Net Income From Continuing Operation Net Minority Interest": NaN,
        "Reconciled Depreciation": NaN,
        "Net Interest Income": NaN,
        "Interest Expense": NaN,
        "Interest Income": NaN,
        "Normalized Income": NaN,
        "Net Income From Continuing And Discontinued Operation": NaN,
        "Diluted Average Shares": NaN,
        "Basic Average Shares": NaN,
        "Diluted EPS": NaN,
        "Basic EPS": NaN,
        "Diluted NI Availto Com Stockholders": NaN,
        "Net Income Common Stockholders": NaN,
        "Preferred Stock Dividends": NaN,
        "Net Income": NaN,
        "Minority Interests": NaN,
        "Net Income Including Noncontrolling Interests": NaN,
        "Net Income Continuous Operations": NaN,
        "Tax Provision": NaN,
        "Pretax Income": NaN,
        "Special Income Charges": -123000000.0,
        "Other Special Charges": NaN,
        "Restructuring And Mergern Acquisition": 123000000.0,
        "Gain On Sale Of Security": NaN,
        "Selling General And Administration": NaN,
        "Selling And Marketing Expense": NaN,
        "General And Administrative Expense": NaN,
        "Salaries And Wages": NaN,
        "Total Revenue": NaN,
        "Operating Revenue": NaN
    },
    "2022-06-30": {
        "Tax Effect Of Unusual Items": 0.0,
        "Tax Rate For Calcs": 0.236,
        "Total Unusual Items": -120000000.0,
        "Total Unusual Items Excluding Goodwill": -120000000.0,
        "Net Income From Continuing Operation Net Minority Interest": 2495000000.0,
        "Reconciled Depreciation": 921000000.0,
        "Net Interest Income": 2282000000.0,
        "Interest Expense": 1330000000.0,
        "Interest Income": 3612000000.0,
        "Normalized Income": 2495000000.0,
        "Net Income From Continuing And Discontinued Operation": 2495000000.0,
        "Diluted Average Shares": 1723000000.0,
        "Basic Average Shares": 1704000000.0,
        "Diluted EPS": 1.39,
        "Basic EPS": 1.4,
        "Diluted NI Availto Com Stockholders": 2391000000.0,
        "Net Income Common Stockholders": 2391000000.0,
        "Preferred Stock Dividends": 104000000.0,
        "Net Income": 2495000000.0,
        "Minority Interests": -41000000.0,
        "Net Income Including Noncontrolling Interests": 2536000000.0,
        "Net Income Continuous Operations": 2536000000.0,
        "Tax Provision": 783000000.0,
        "Pretax Income": 3319000000.0,
        "Special Income Charges": -120000000.0,
        "Restructuring And Mergern Acquisition": 120000000.0,
        "Gain On Sale Of Security": 23000000.0,
        "Selling General And Administration": 5770000000.0,
        "Selling And Marketing Expense": 220000000.0,
        "General And Administrative Expense": 5550000000.0,
        "Salaries And Wages": 5550000000.0,
        "Total Revenue": 12254000000.0,
        "Operating Revenue": 12254000000.0
    },
    "2023-09-30": {
        "Tax Effect Of Unusual Items": NaN,
        "Tax Rate For Calcs": NaN,
        "Total Unusual Items": NaN,
        "Total Unusual Items Excluding Goodwill": NaN,
        "Net Income From Continuing Operation Net Minority Interest": NaN,
        "Reconciled Depreciation": NaN,
        "Net Interest Income": NaN,
        "Interest Expense": NaN,
        "Interest Income": NaN,
        "Normalized Income": NaN,
        "Net Income From Continuing And Discontinued Operation": NaN,
        "Diluted Average Shares": 1643000000.0,
        "Basic Average Shares": 1624000000.0,
        "Diluted EPS": 1.38,
        "Basic EPS": 1.39,
        "Diluted NI Availto Com Stockholders": NaN,
        "Net Income Common Stockholders": NaN,
        "Preferred Stock Dividends": NaN,
        "Net Income": NaN,
        "Minority Interests": NaN,
        "Net Income Including Noncontrolling Interests": NaN,
        "Net Income Continuous Operations": NaN,
        "Tax Provision": NaN,
        "Pretax Income": NaN,
        "Special Income Charges": NaN,
        "Other Special Charges": NaN,
        "Gain On Sale Of Security": NaN,
        "Selling General And Administration": NaN,
        "Selling And Marketing Expense": NaN,
        "General And Administrative Expense": NaN,
        "Salaries And Wages": NaN,
        "Total Revenue": NaN,
        "Operating Revenue": NaN,
        "Occupancy And Equipment": NaN,
        "Professional Expense And Contract Services Expense": NaN,
        "Other Non Interest Expense": NaN
    },
    "2023-12-31": {
        "Tax Effect Of Unusual Items": 0.0,
        "Tax Rate For Calcs": 0.26479,
        "Total Unusual Items": NaN,
        "Total Unusual Items Excluding Goodwill": NaN,
        "Net Income From Continuing Operation Net Minority Interest": 1517000000.0,
        "Reconciled Depreciation": 1406000000.0,
        "Net Interest Income": 1897000000.0,
        "Interest Expense": 12161000000.0,
        "Interest Income": 14058000000.0,
        "Normalized Income": 1517000000.0,
        "Net Income From Continuing And Discontinued Operation": 1517000000.0,
        "Diluted Average Shares": NaN,
        "Basic Average Shares": NaN,
        "Diluted EPS": NaN,
        "Basic EPS": NaN,
        "Diluted NI Availto Com Stockholders": 1383000000.0,
        "Net Income Common Stockholders": 1383000000.0,
        "Preferred Stock Dividends": 134000000.0,
        "Net Income": 1517000000.0,
        "Minority Interests": -24000000.0,
        "Net Income Including Noncontrolling Interests": 1541000000.0,
        "Net Income Continuous Operations": 1541000000.0,
        "Tax Provision": 555000000.0,
        "Pretax Income": 2096000000.0,
        "Special Income Charges": NaN,
        "Other Special Charges": NaN,
        "Gain On Sale Of Security": 189000000.0,
        "Selling General And Administration": 5822000000.0,
        "Selling And Marketing Expense": 224000000.0,
        "General And Administrative Expense": 5598000000.0,
        "Salaries And Wages": 5598000000.0,
        "Total Revenue": 12031000000.0,
        "Operating Revenue": 12031000000.0,
        "Occupancy And Equipment": 528000000.0,
        "Professional Expense And Contract Services Expense": 822000000.0,
        "Other Non Interest Expense": 1579000000.0
    },
    "2024-03-31": {
        "Tax Effect Of Unusual Items": NaN,
        "Tax Rate For Calcs": NaN,
        "Total Unusual Items": -42000000.0,
        "Total Unusual Items Excluding Goodwill": -42000000.0,
        "Net Income From Continuing Operation Net Minority Interest": NaN,
        "Reconciled Depreciation": NaN,
        "Net Interest Income": NaN,
        "Interest Expense": NaN,
        "Interest Income": NaN,
        "Normalized Income": NaN,
        "Net Income From Continuing And Discontinued Operation": NaN,
        "Diluted Average Shares": NaN,
        "Basic Average Shares": NaN,
        "Diluted EPS": NaN,
        "Basic EPS": NaN,
        "Diluted NI Availto Com Stockholders": NaN,
        "Net Income Common Stockholders": NaN,
        "Preferred Stock Dividends": NaN,
        "Net Income": NaN,
        "Minority Interests": NaN,
        "Net Income Including Noncontrolling Interests": NaN,
        "Net Income Continuous Operations": NaN,
        "Tax Provision": NaN,
        "Pretax Income": NaN,
        "Special Income Charges": -42000000.0,
        "Other Special Charges": 42000000.0,
        "Restructuring And Mergern Acquisition": NaN,
        "Gain On Sale Of Security": NaN,
        "Selling General And Administration": NaN,
        "Selling And Marketing Expense": NaN,
        "General And Administrative Expense": NaN,
        "Salaries And Wages": NaN,
        "Total Revenue": NaN,
        "Operating Revenue": NaN,
        "Occupancy And Equipment": NaN,
        "Professional Expense And Contract Services Expense": NaN,
        "Other Non Interest Expense": NaN
    },
    "2024-06-30": {
        "Tax Effect Of Unusual Items": NaN,
        "Tax Rate For Calcs": NaN,
        "Total Unusual Items": -50000000.0,
        "Total Unusual Items Excluding Goodwill": -50000000.0,
        "Net Income From Continuing Operation Net Minority Interest": NaN,
        "Reconciled Depreciation": NaN,
        "Net Interest Income": NaN,
        "Interest Expense": NaN,
        "Interest Income": NaN,
        "Normalized Income": NaN,
        "Net Income From Continuing And Discontinued Operation": NaN,
        "Diluted Average Shares": NaN,
        "Basic Average Shares": NaN,
        "Diluted EPS": NaN,
        "Basic EPS": NaN,
        "Diluted NI Availto Com Stockholders": NaN,
        "Net Income Common Stockholders": NaN,
        "Preferred Stock Dividends": NaN,
        "Net Income": NaN,
        "Minority Interests": NaN,
        "Net Income Including Noncontrolling Interests": NaN,
        "Net Income Continuous Operations": NaN,
        "Tax Provision": NaN,
        "Pretax Income": NaN,
        "Special Income Charges": -50000000.0,
        "Other Special Charges": 50000000.0,
        "Restructuring And Mergern Acquisition": NaN,
        "Gain On Sale Of Security": NaN,
        "Selling General And Administration": NaN,
        "Selling And Marketing Expense": NaN,
        "General And Administrative Expense": NaN,
        "Salaries And Wages": NaN,
        "Total Revenue": NaN,
        "Operating Revenue": NaN,
        "Occupancy And Equipment": NaN,
        "Professional Expense And Contract Services Expense": NaN,
        "Other Non Interest Expense": NaN
    },
    "2024-09-30": {
        "Tax Effect Of Unusual Items": -9440000.0,
        "Tax Rate For Calcs": 0.236,
        "Total Unusual Items": -40000000.0,
        "Total Unusual Items Excluding Goodwill": -40000000.0,
        "Net Income From Continuing Operation Net Minority Interest": 3188000000.0,
        "Reconciled Depreciation": 1270000000.0,
        "Net Interest Income": 2196000000.0,
        "Interest Expense": 11989000000.0,
        "Interest Income": 14185000000.0,
        "Normalized Income": 3218560000.0,
        "Net Income From Continuing And Discontinued Operation": 3188000000.0,
        "Diluted Average Shares": 1609000000.0,
        "Basic Average Shares": 1588000000.0,
        "Diluted EPS": 1.88,
        "Basic EPS": 1.91,
        "Diluted NI Availto Com Stockholders": 3028000000.0,
        "Net Income Common Stockholders": 3028000000.0,
        "Preferred Stock Dividends": 160000000.0,
        "Net Income": 3188000000.0,
        "Minority Interests": -38000000.0,
        "Net Income Including Noncontrolling Interests": 3226000000.0,
        "Net Income Continuous Operations": 3226000000.0,
        "Tax Provision": 995000000.0,
        "Pretax Income": 4221000000.0,
        "Special Income Charges": -40000000.0,
        "Other Special Charges": 40000000.0,
        "Restructuring And Mergern Acquisition": NaN,
        "Gain On Sale Of Security": 315000000.0,
        "Selling General And Administration": 6957000000.0,
        "Selling And Marketing Expense": 224000000.0,
        "General And Administrative Expense": 6733000000.0,
        "Salaries And Wages": 6733000000.0,
        "Total Revenue": 14339000000.0,
        "Operating Revenue": 14339000000.0,
        "Occupancy And Equipment": 473000000.0,
        "Professional Expense And Contract Services Expense": 711000000.0,
        "Other Non Interest Expense": 1858000000.0
    },
    "2024-12-31": {
        "Tax Effect Of Unusual Items": 0.0,
        "Tax Rate For Calcs": 0.240929,
        "Total Unusual Items": NaN,
        "Total Unusual Items Excluding Goodwill": NaN,
        "Net Income From Continuing Operation Net Minority Interest": 3714000000.0,
        "Reconciled Depreciation": 1645000000.0,
        "Net Interest Income": 2552000000.0,
        "Interest Expense": 10939000000.0,
        "Interest Income": 13491000000.0,
        "Normalized Income": 3714000000.0,
        "Net Income From Continuing And Discontinued Operation": 3714000000.0,
        "Diluted Average Shares": 1608000000.0,
        "Basic Average Shares": 1583000000.0,
        "Diluted EPS": 2.22,
        "Basic EPS": 2.25,
        "Diluted NI Availto Com Stockholders": 3564000000.0,
        "Net Income Common Stockholders": 3564000000.0,
        "Preferred Stock Dividends": 150000000.0,
        "Net Income": 3714000000.0,
        "Minority Interests": -10000000.0,
        "Net Income Including Noncontrolling Interests": 3724000000.0,
        "Net Income Continuous Operations": 3724000000.0,
        "Tax Provision": 1182000000.0,
        "Pretax Income": 4906000000.0,
        "Special Income Charges": NaN,
        "Other Special Charges": NaN,
        "Restructuring And Mergern Acquisition": NaN,
        "Gain On Sale Of Security": 215000000.0,
        "Selling General And Administration": 6568000000.0,
        "Selling And Marketing Expense": 279000000.0,
        "General And Administrative Expense": 6289000000.0,
        "Salaries And Wages": 6289000000.0,
        "Total Revenue": 15043000000.0,
        "Operating Revenue": 15043000000.0,
        "Occupancy And Equipment": 527000000.0,
        "Professional Expense And Contract Services Expense": 798000000.0,
        "Other Non Interest Expense": 2129000000.0
    },
    "2025-03-31": {
        "Tax Effect Of Unusual Items": -30528000.0,
        "Tax Rate For Calcs": 0.212,
        "Total Unusual Items": -144000000.0,
        "Total Unusual Items Excluding Goodwill": -144000000.0,
        "Net Income From Continuing Operation Net Minority Interest": 4315000000.0,
        "Reconciled Depreciation": 865000000.0,
        "Net Interest Income": 2353000000.0,
        "Interest Expense": 11395000000.0,
        "Interest Income": 13748000000.0,
        "Normalized Income": 4428472000.0,
        "Net Income From Continuing And Discontinued Operation": 4315000000.0,
        "Diluted Average Shares": 1600000000.0,
        "Basic Average Shares": 1584000000.0,
        "Diluted EPS": 2.6,
        "Basic EPS": 2.62,
        "Diluted NI Availto Com Stockholders": 4157000000.0,
        "Net Income Common Stockholders": 4157000000.0,
        "Preferred Stock Dividends": 158000000.0,
        "Net Income": 4315000000.0,
        "Minority Interests": -56000000.0,
        "Net Income Including Noncontrolling Interests": 4371000000.0,
        "Net Income Continuous Operations": 4371000000.0,
        "Tax Provision": 1173000000.0,
        "Pretax Income": 5544000000.0,
        "Special Income Charges": -144000000.0,
        "Other Special Charges": NaN,
        "Restructuring And Mergern Acquisition": 144000000.0,
        "Gain On Sale Of Security": 369000000.0,
        "Selling General And Administration": 7615000000.0,
        "Selling And Marketing Expense": 238000000.0,
        "General And Administrative Expense": 7377000000.0,
        "Salaries And Wages": 7377000000.0,
        "Total Revenue": 16517000000.0,
        "Operating Revenue": 16517000000.0,
        "Occupancy And Equipment": 449000000.0,
        "Professional Expense And Contract Services Expense": 674000000.0,
        "Other Non Interest Expense": 1956000000.0
    },
    "2025-06-30": {
        "Tax Effect Of Unusual Items": 0.0,
        "Tax Rate For Calcs": 0.226525,
        "Total Unusual Items": NaN,
        "Total Unusual Items Excluding Goodwill": NaN,
        "Net Income From Continuing Operation Net Minority Interest": 3539000000.0,
        "Reconciled Depreciation": 1307000000.0,
        "Net Interest Income": 2347000000.0,
        "Interest Expense": 12558000000.0,
        "Interest Income": 14905000000.0,
        "Normalized Income": 3539000000.0,
        "Net Income From Continuing And Discontinued Operation": 3539000000.0,
        "Diluted Average Shares": 1593000000.0,
        "Basic Average Shares": 1577000000.0,
        "Diluted EPS": 2.13,
        "Basic EPS": 2.15,
        "Diluted NI Availto Com Stockholders": 3392000000.0,
        "Net Income Common Stockholders": 3392000000.0,
        "Preferred Stock Dividends": 147000000.0,
        "Net Income": 3539000000.0,
        "Minority Interests": -36000000.0,
        "Net Income Including Noncontrolling Interests": 3575000000.0,
        "Net Income Continuous Operations": 3575000000.0,
        "Tax Provision": 1047000000.0,
        "Pretax Income": 4622000000.0,
        "Special Income Charges": NaN,
        "Other Special Charges": NaN,
        "Restructuring And Mergern Acquisition": NaN,
        "Gain On Sale Of Security": 388000000.0,
        "Selling General And Administration": 7487000000.0,
        "Selling And Marketing Expense": 297000000.0,
        "General And Administrative Expense": 7190000000.0,
        "Salaries And Wages": 7190000000.0,
        "Total Revenue": 15604000000.0,
        "Operating Revenue": 15604000000.0,
        "Occupancy And Equipment": 459000000.0,
        "Professional Expense And Contract Services Expense": 711000000.0,
        "Other Non Interest Expense": 2129000000.0
    },
    "2025-09-30": {
        "Tax Effect Of Unusual Items": 0.0,
        "Tax Rate For Calcs": 0.22777,
        "Total Unusual Items": NaN,
        "Total Unusual Items Excluding Goodwill": NaN,
        "Net Income From Continuing Operation Net Minority Interest": 4610000000.0,
        "Reconciled Depreciation": 1348000000.0,
        "Net Interest Income": 2491000000.0,
        "Interest Expense": 12965000000.0,
        "Interest Income": 15456000000.0,
        "Normalized Income": 4610000000.0,
        "Net Income From Continuing And Discontinued Operation": 4610000000.0,
        "Diluted Average Shares": 1590000000.0,
        "Basic Average Shares": 1571000000.0,
        "Diluted EPS": 2.8,
        "Basic EPS": 2.83,
        "Diluted NI Availto Com Stockholders": 4450000000.0,
        "Net Income Common Stockholders": 4450000000.0,
        "Preferred Stock Dividends": 160000000.0,
        "Net Income": 4610000000.0,
        "Minority Interests": -45000000.0,
        "Net Income Including Noncontrolling Interests": 4655000000.0,
        "Net Income Continuous Operations": 4655000000.0,
        "Tax Provision": 1373000000.0,
        "Pretax Income": 6028000000.0,
        "Special Income Charges": NaN,
        "Other Special Charges": NaN,
        "Restructuring And Mergern Acquisition": NaN,
        "Gain On Sale Of Security": 374000000.0,
        "Selling General And Administration": 7722000000.0,
        "Selling And Marketing Expense": 280000000.0,
        "General And Administrative Expense": 7442000000.0,
        "Salaries And Wages": 7442000000.0,
        "Total Revenue": 17083000000.0,
        "Operating Revenue": 17083000000.0,
        "Occupancy And Equipment": 473000000.0,
        "Professional Expense And Contract Services Expense": 685000000.0,
        "Other Non Interest Expense": 2175000000.0
    }
}