{
    "2023-06-30": {
        "Tax Effect Of Unusual Items": -1505878.627848,
        "Tax Rate For Calcs": 0.233108,
        "Normalized EBITDA": 122007000.0,
        "Total Unusual Items": -6460000.0,
        "Total Unusual Items Excluding Goodwill": -6460000.0,
        "Net Income From Continuing Operation Net Minority Interest": 67090000.0,
        "Reconciled Depreciation": 14889000.0,
        "Reconciled Cost Of Revenue": 233503000.0,
        "EBITDA": 115547000.0,
        "EBIT": 100658000.0,
        "Net Interest Income": -13175000.0,
        "Interest Expense": 13175000.0,
        "Normalized Income": 72044121.372152,
        "Net Income From Continuing And Discontinued Operation": 67090000.0,
        "Total Expenses": 345831000.0,
        "Total Operating Income As Reported": 95008000.0,
        "Diluted Average Shares": 39409000.0,
        "Basic Average Shares": 39274000.0,
        "Diluted EPS": 1.7,
        "Basic EPS": 1.71,
        "Diluted NI Availto Com Stockholders": 67072000.0,
        "Net Income Common Stockholders": 67072000.0,
        "Otherunder Preferred Stock Dividend": 8000.0,
        "Preferred Stock Dividends": 10000.0,
        "Net Income": 67090000.0,
        "Net Income Including Noncontrolling Interests": 67090000.0,
        "Net Income Continuous Operations": 67090000.0,
        "Tax Provision": 20393000.0,
        "Pretax Income": 87483000.0,
        "Other Income Expense": -810000.0,
        "Other Non Operating Income Expenses": 5650000.0,
        "Special Income Charges": -3350000.0,
        "Gain On Sale Of Business": 0.0,
        "Restructuring And Mergern Acquisition": 3350000.0,
        "Gain On Sale Of Security": -3110000.0,
        "Net Non Operating Interest Income Expense": -13175000.0,
        "Interest Expense Non Operating": 13175000.0,
        "Operating Income": 101468000.0,
        "Operating Expense": 112328000.0,
        "Research And Development": 15992000.0,
        "Selling General And Administration": 96336000.0,
        "Gross Profit": 213796000.0,
        "Cost Of Revenue": 233503000.0,
        "Total Revenue": 447299000.0,
        "Operating Revenue": 447299000.0
    },
    "2023-03-31": {
        "Tax Effect Of Unusual Items": -28377930.0,
        "Tax Rate For Calcs": 0.21,
        "Normalized EBITDA": 93444000.0,
        "Total Unusual Items": -135133000.0,
        "Total Unusual Items Excluding Goodwill": -135133000.0,
        "Net Income From Continuing Operation Net Minority Interest": -150173000.0,
        "Reconciled Depreciation": 14572000.0,
        "Reconciled Cost Of Revenue": 216864000.0,
        "EBITDA": -41689000.0,
        "EBIT": -56261000.0,
        "Net Interest Income": -11476000.0,
        "Interest Expense": 11476000.0,
        "Normalized Income": -43417930.0,
        "Net Income From Continuing And Discontinued Operation": -150173000.0,
        "Total Expenses": 323187000.0,
        "Total Operating Income As Reported": -60061000.0,
        "Diluted Average Shares": 39224000.0,
        "Basic Average Shares": 39224000.0,
        "Diluted EPS": -3.83,
        "Basic EPS": -3.83,
        "Diluted NI Availto Com Stockholders": -150183000.0,
        "Net Income Common Stockholders": -150183000.0,
        "Otherunder Preferred Stock Dividend": 0.0,
        "Preferred Stock Dividends": 10000.0,
        "Net Income": -150173000.0,
        "Minority Interests": NaN,
        "Net Income Including Noncontrolling Interests": -150173000.0,
        "Net Income Continuous Operations": -150173000.0,
        "Tax Provision": 82436000.0,
        "Pretax Income": -67737000.0,
        "Other Income Expense": -131336000.0,
        "Other Non Operating Income Expenses": 3797000.0,
        "Special Income Charges": -130958000.0,
        "Gain On Sale Of Business": -129211000.0,
        "Restructuring And Mergern Acquisition": 1747000.0,
        "Gain On Sale Of Security": -4175000.0,
        "Net Non Operating Interest Income Expense": -11476000.0,
        "Interest Expense Non Operating": 11476000.0,
        "Operating Income": 75075000.0,
        "Operating Expense": 106323000.0,
        "Research And Development": 15232000.0,
        "Selling General And Administration": 91091000.0,
        "Gross Profit": 181398000.0,
        "Cost Of Revenue": 216864000.0,
        "Total Revenue": 398262000.0,
        "Operating Revenue": 398262000.0
    },
    "2022-12-31": {
        "Tax Effect Of Unusual Items": NaN,
        "Tax Rate For Calcs": NaN,
        "Normalized EBITDA": NaN,
        "Total Unusual Items": NaN,
        "Total Unusual Items Excluding Goodwill": NaN,
        "Net Income From Continuing Operation Net Minority Interest": NaN,
        "Reconciled Depreciation": NaN,
        "Reconciled Cost Of Revenue": NaN,
        "EBITDA": NaN,
        "EBIT": NaN,
        "Net Interest Income": NaN,
        "Interest Expense": NaN,
        "Normalized Income": NaN,
        "Net Income From Continuing And Discontinued Operation": NaN,
        "Total Expenses": NaN,
        "Total Operating Income As Reported": NaN,
        "Diluted Average Shares": NaN,
        "Basic Average Shares": NaN,
        "Diluted EPS": NaN,
        "Basic EPS": NaN,
        "Diluted NI Availto Com Stockholders": NaN,
        "Net Income Common Stockholders": NaN,
        "Otherunder Preferred Stock Dividend": NaN,
        "Preferred Stock Dividends": NaN,
        "Net Income": NaN,
        "Minority Interests": 0.0,
        "Net Income Including Noncontrolling Interests": NaN,
        "Net Income Continuous Operations": NaN,
        "Tax Provision": NaN,
        "Pretax Income": NaN,
        "Other Income Expense": NaN,
        "Other Non Operating Income Expenses": NaN,
        "Special Income Charges": NaN,
        "Gain On Sale Of Business": NaN,
        "Restructuring And Mergern Acquisition": NaN,
        "Gain On Sale Of Security": NaN,
        "Net Non Operating Interest Income Expense": NaN,
        "Interest Expense Non Operating": NaN,
        "Operating Income": NaN,
        "Operating Expense": NaN,
        "Research And Development": NaN,
        "Selling General And Administration": NaN,
        "Gross Profit": NaN,
        "Cost Of Revenue": NaN,
        "Total Revenue": NaN,
        "Operating Revenue": NaN
    },
    "2022-09-30": {
        "Tax Effect Of Unusual Items": NaN,
        "Tax Rate For Calcs": NaN,
        "Normalized EBITDA": NaN,
        "Total Unusual Items": NaN,
        "Total Unusual Items Excluding Goodwill": NaN,
        "Net Income From Continuing Operation Net Minority Interest": NaN,
        "Reconciled Depreciation": NaN,
        "Reconciled Cost Of Revenue": NaN,
        "EBITDA": NaN,
        "EBIT": NaN,
        "Net Interest Income": NaN,
        "Interest Expense": NaN,
        "Normalized Income": NaN,
        "Net Income From Continuing And Discontinued Operation": NaN,
        "Total Expenses": NaN,
        "Total Operating Income As Reported": NaN,
        "Diluted Average Shares": NaN,
        "Basic Average Shares": NaN,
        "Diluted EPS": NaN,
        "Basic EPS": NaN,
        "Diluted NI Availto Com Stockholders": NaN,
        "Net Income Common Stockholders": NaN,
        "Otherunder Preferred Stock Dividend": NaN,
        "Preferred Stock Dividends": NaN,
        "Net Income": NaN,
        "Minority Interests": 0.0,
        "Net Income Including Noncontrolling Interests": NaN,
        "Net Income Continuous Operations": NaN,
        "Tax Provision": NaN,
        "Pretax Income": NaN,
        "Other Income Expense": NaN,
        "Other Non Operating Income Expenses": NaN,
        "Special Income Charges": NaN,
        "Gain On Sale Of Business": NaN,
        "Restructuring And Mergern Acquisition": NaN,
        "Gain On Sale Of Security": NaN,
        "Net Non Operating Interest Income Expense": NaN,
        "Interest Expense Non Operating": NaN,
        "Operating Income": NaN,
        "Operating Expense": NaN,
        "Research And Development": NaN,
        "Selling General And Administration": NaN,
        "Gross Profit": NaN,
        "Cost Of Revenue": NaN,
        "Total Revenue": NaN,
        "Operating Revenue": NaN
    },
    "2022-06-30": {
        "Tax Effect Of Unusual Items": 347282.0,
        "Tax Rate For Calcs": 0.247,
        "Normalized EBITDA": 80471000.0,
        "Total Unusual Items": 1406000.0,
        "Total Unusual Items Excluding Goodwill": 1406000.0,
        "Net Income From Continuing Operation Net Minority Interest": 47693000.0,
        "Reconciled Depreciation": 13922000.0,
        "Reconciled Cost Of Revenue": 207913000.0,
        "EBITDA": 81877000.0,
        "EBIT": 67955000.0,
        "Net Interest Income": -4578000.0,
        "Interest Expense": 4578000.0,
        "Normalized Income": 46634282.0,
        "Net Income From Continuing And Discontinued Operation": 47693000.0,
        "Total Expenses": 309257000.0,
        "Total Operating Income As Reported": 61536000.0,
        "Diluted Average Shares": 39421000.0,
        "Basic Average Shares": 39266000.0,
        "Diluted EPS": 1.21,
        "Basic EPS": 1.21,
        "Diluted NI Availto Com Stockholders": 47675000.0,
        "Net Income Common Stockholders": 47675000.0,
        "Otherunder Preferred Stock Dividend": 8000.0,
        "Preferred Stock Dividends": 10000.0,
        "Net Income": 47693000.0,
        "Minority Interests": 0.0,
        "Net Income Including Noncontrolling Interests": 47693000.0,
        "Net Income Continuous Operations": 47693000.0,
        "Tax Provision": 15684000.0,
        "Pretax Income": 63377000.0,
        "Other Income Expense": 4899000.0,
        "Other Non Operating Income Expenses": 3493000.0,
        "Special Income Charges": -57000.0,
        "Gain On Sale Of Ppe": NaN,
        "Gain On Sale Of Business": NaN,
        "Restructuring And Mergern Acquisition": 57000.0,
        "Gain On Sale Of Security": 1463000.0,
        "Net Non Operating Interest Income Expense": -4578000.0,
        "Interest Expense Non Operating": 4578000.0,
        "Operating Income": 63056000.0,
        "Operating Expense": 101344000.0,
        "Research And Development": 15268000.0,
        "Selling General And Administration": 86076000.0,
        "Gross Profit": 164400000.0,
        "Cost Of Revenue": 207913000.0,
        "Total Revenue": 372313000.0,
        "Operating Revenue": 372313000.0
    },
    "2022-03-31": {
        "Diluted EPS": 0.9,
        "Total Revenue": 331,
        "Gross Profit": 143,
        "Operating Income": 43,
        "EBIT": 57,
        "Net Income": 36
    },
    "2021-12-31": {
        "Diluted EPS": -1.56,
        "Total Revenue": 410,
        "Gross Profit": 178,
        "Operating Income": -89,
        "EBIT": -75,
        "Net Income": -62
    },
    "2021-09-30": {
        "Diluted EPS": 0.54,
        "Total Revenue": 340,
        "Gross Profit": 149,
        "Operating Income": 32,
        "EBIT": 47,
        "Net Income": 21
    },
    "2021-06-30": {
        "Diluted EPS": 0.64,
        "Total Revenue": 341,
        "Gross Profit": 153,
        "Operating Income": 35,
        "EBIT": 47,
        "Net Income": 25
    },
    "2021-03-31": {
        "Diluted EPS": 0.92,
        "Total Revenue": 308,
        "Gross Profit": 135,
        "Operating Income": 44,
        "EBIT": 55,
        "Net Income": 36
    },
    "2020-12-31": {
        "Diluted EPS": 0.41,
        "Total Revenue": 388,
        "Gross Profit": 164,
        "Operating Income": 24,
        "EBIT": 34,
        "Net Income": 16
    },
    "2020-09-30": {
        "Diluted EPS": 0.71,
        "Total Revenue": 304,
        "Gross Profit": 132,
        "Operating Income": 41,
        "EBIT": 51,
        "Net Income": 28
    },
    "2020-06-30": {
        "Diluted EPS": 0.92,
        "Total Revenue": 314,
        "Gross Profit": 142,
        "Operating Income": 48,
        "EBIT": 58,
        "Net Income": 36
    },
    "2020-03-31": {
        "Diluted EPS": 1.11,
        "Total Revenue": 341,
        "Gross Profit": 157,
        "Operating Income": 59,
        "EBIT": 68,
        "Net Income": 44
    },
    "2019-12-31": {
        "Diluted EPS": 0.84,
        "Total Revenue": 375,
        "Gross Profit": 169,
        "Operating Income": 42,
        "EBIT": 52,
        "Net Income": 32
    },
    "2019-09-30": {
        "Diluted EPS": 1.08,
        "Total Revenue": 351,
        "Gross Profit": 159,
        "Operating Income": 60,
        "EBIT": 69,
        "Net Income": 42
    },
    "2019-06-30": {
        "Diluted EPS": 1.01,
        "Total Revenue": 350,
        "Gross Profit": 161,
        "Operating Income": 54,
        "EBIT": 64,
        "Net Income": 40
    },
    "2019-03-31": {
        "Diluted EPS": 0.59,
        "Total Revenue": 326,
        "Gross Profit": 150,
        "Operating Income": 32,
        "EBIT": 41,
        "Net Income": 23
    },
    "2018-12-31": {
        "Diluted EPS": 0.64,
        "Total Revenue": 362,
        "Gross Profit": 162,
        "Operating Income": 42,
        "EBIT": 52,
        "Net Income": 25
    },
    "2018-09-30": {
        "Diluted EPS": 0.86,
        "Total Revenue": 331,
        "Gross Profit": 148,
        "Operating Income": 40,
        "EBIT": 49,
        "Net Income": 34
    },
    "2018-06-30": {
        "Diluted EPS": 0.85,
        "Total Revenue": 339,
        "Gross Profit": 154,
        "Operating Income": 47,
        "EBIT": 56,
        "Net Income": 33
    },
    "2018-03-31": {
        "Diluted EPS": 0.83,
        "Total Revenue": 326,
        "Gross Profit": 147,
        "Operating Income": 44,
        "EBIT": 54,
        "Net Income": 32
    },
    "2017-12-31": {
        "Diluted EPS": -0.85,
        "Total Revenue": 346,
        "Gross Profit": 154,
        "Operating Income": -32,
        "EBIT": -22,
        "Net Income": -33
    },
    "2017-09-30": {
        "Diluted EPS": 0.83,
        "Total Revenue": 296,
        "Gross Profit": 132,
        "Operating Income": 40,
        "EBIT": 50,
        "Net Income": 32
    },
    "2017-06-30": {
        "Diluted EPS": 0.32,
        "Total Revenue": 289,
        "Gross Profit": 133,
        "Operating Income": 13,
        "EBIT": 22,
        "Net Income": 13
    },
    "2017-03-31": {
        "Diluted EPS": 0.37,
        "Total Revenue": 266,
        "Gross Profit": 120,
        "Operating Income": 19,
        "EBIT": 27,
        "Net Income": 14
    },
    "2016-12-31": {
        "Diluted EPS": 0.66,
        "Total Revenue": 296,
        "Gross Profit": 137,
        "Operating Income": 44,
        "EBIT": 53,
        "Net Income": 25
    },
    "2016-09-30": {
        "Diluted EPS": 0.63,
        "Total Revenue": 278,
        "Gross Profit": 129,
        "Operating Income": 40,
        "EBIT": 49,
        "Net Income": 24
    },
    "2016-06-30": {
        "Diluted EPS": 0.82,
        "Total Revenue": 296,
        "Gross Profit": 136,
        "Operating Income": 48,
        "EBIT": 56,
        "Net Income": 31
    },
    "2016-03-31": {
        "Diluted EPS": 0.31,
        "Total Revenue": 279,
        "Gross Profit": 121,
        "Operating Income": 29,
        "EBIT": 38,
        "Net Income": 12
    },
    "2015-12-31": {
        "Diluted EPS": 0.56,
        "Total Revenue": 313,
        "Gross Profit": 133,
        "Operating Income": 31,
        "EBIT": 40,
        "Net Income": 21
    },
    "2015-09-30": {
        "Diluted EPS": 0.42,
        "Total Revenue": 274,
        "Gross Profit": 120,
        "Operating Income": 26,
        "EBIT": 33,
        "Net Income": 16
    },
    "2015-06-30": {
        "Diluted EPS": 0.63,
        "Total Revenue": 287,
        "Gross Profit": 130,
        "Operating Income": 40,
        "EBIT": 49,
        "Net Income": 24
    },
    "2015-03-31": {
        "Diluted EPS": 0.26,
        "Total Revenue": 257,
        "Gross Profit": 117,
        "Operating Income": 25,
        "EBIT": 32,
        "Net Income": 10
    },
    "2014-12-31": {
        "Diluted EPS": 0.86,
        "Total Revenue": 310,
        "Gross Profit": 139,
        "Operating Income": 40,
        "EBIT": 48,
        "Net Income": 33
    },
    "2014-09-30": {
        "Diluted EPS": 0.51,
        "Total Revenue": 276,
        "Gross Profit": 124,
        "Operating Income": 34,
        "EBIT": 41,
        "Net Income": 19
    },
    "2014-06-30": {
        "Diluted EPS": 0.59,
        "Total Revenue": 283,
        "Gross Profit": 130,
        "Operating Income": 35,
        "EBIT": 43,
        "Net Income": 22
    },
    "2014-03-31": {
        "Diluted EPS": 0.37,
        "Total Revenue": 265,
        "Gross Profit": 122,
        "Operating Income": 26,
        "EBIT": 33,
        "Net Income": 14
    },
    "2013-12-31": {
        "Diluted EPS": 0.67,
        "Total Revenue": 290,
        "Gross Profit": 129,
        "Operating Income": 40,
        "EBIT": 48,
        "Net Income": 25
    },
    "2013-09-30": {
        "Diluted EPS": 0.52,
        "Total Revenue": 266,
        "Gross Profit": 116,
        "Operating Income": 32,
        "EBIT": 40,
        "Net Income": 20
    },
    "2013-06-30": {
        "Diluted EPS": 0.64,
        "Total Revenue": 286,
        "Gross Profit": 130,
        "Operating Income": 40,
        "EBIT": 48,
        "Net Income": 24
    },
    "2013-03-31": {
        "Diluted EPS": 0.51,
        "Total Revenue": 270,
        "Gross Profit": 122,
        "Operating Income": 29,
        "EBIT": 37,
        "Net Income": 19
    },
    "2012-12-31": {
        "Diluted EPS": 0.52,
        "Total Revenue": 238,
        "Gross Profit": 120,
        "Operating Income": 32,
        "EBIT": 40,
        "Net Income": 19
    },
    "2012-09-30": {
        "Diluted EPS": 0.51,
        "Total Revenue": 287,
        "Gross Profit": 122,
        "Operating Income": 31,
        "EBIT": 39,
        "Net Income": 19
    },
    "2012-06-30": {
        "Diluted EPS": 0.75,
        "Total Revenue": 303,
        "Gross Profit": 131,
        "Operating Income": 43,
        "EBIT": 51,
        "Net Income": 28
    },
    "2012-03-31": {
        "Diluted EPS": 0.64,
        "Total Revenue": 293,
        "Gross Profit": 127,
        "Operating Income": 41,
        "EBIT": 49,
        "Net Income": 24
    },
    "2011-12-31": {
        "Diluted EPS": 0.44,
        "Total Revenue": 244,
        "Gross Profit": 109,
        "Operating Income": 29,
        "EBIT": 37,
        "Net Income": 17
    },
    "2011-09-30": {
        "Diluted EPS": 0.54,
        "Total Revenue": 301,
        "Gross Profit": 123,
        "Operating Income": 35,
        "EBIT": 43,
        "Net Income": 20
    },
    "2011-06-30": {
        "Diluted EPS": 0.53,
        "Total Revenue": 296,
        "Gross Profit": 120,
        "Operating Income": 35,
        "EBIT": 43,
        "Net Income": 19
    },
    "2011-03-31": {
        "Diluted EPS": 0.36,
        "Total Revenue": 277,
        "Gross Profit": 111,
        "Operating Income": 28,
        "EBIT": 36,
        "Net Income": 13
    },
    "2010-12-31": {
        "Diluted EPS": 0.33,
        "Total Revenue": 289,
        "Gross Profit": 110,
        "Operating Income": 23,
        "EBIT": 31,
        "Net Income": 11
    },
    "2010-09-30": {
        "Diluted EPS": 0.26,
        "Total Revenue": 243,
        "Gross Profit": 92,
        "Operating Income": 23,
        "EBIT": 29,
        "Net Income": 10
    },
    "2010-06-30": {
        "Diluted EPS": 0.32,
        "Total Revenue": 237,
        "Gross Profit": 90,
        "Operating Income": 21,
        "EBIT": 28,
        "Net Income": 12
    },
    "2010-03-31": {
        "Diluted EPS": 0.14,
        "Total Revenue": 214,
        "Gross Profit": 84,
        "Operating Income": 14,
        "EBIT": 21,
        "Net Income": 5
    },
    "2009-12-31": {
        "Diluted EPS": 0.36,
        "Total Revenue": 240,
        "Gross Profit": 89,
        "Operating Income": 21,
        "EBIT": 28,
        "Net Income": 12
    },
    "2009-09-30": {
        "Diluted EPS": 0.3,
        "Total Revenue": 229,
        "Gross Profit": 83,
        "Operating Income": 19,
        "EBIT": 26,
        "Net Income": 11
    },
    "2009-06-30": {
        "Diluted EPS": 0.35,
        "Total Revenue": 228,
        "Gross Profit": 86,
        "Operating Income": 23,
        "EBIT": 29,
        "Net Income": 12
    },
    "2009-03-31": {
        "Diluted EPS": 0.2,
        "Total Revenue": 219,
        "Gross Profit": 84,
        "Operating Income": 20,
        "EBIT": 27,
        "Net Income": 7
    },
    "2023-09-30": {
        "Tax Effect Of Unusual Items": NaN,
        "Tax Rate For Calcs": NaN,
        "Normalized EBITDA": NaN,
        "Total Unusual Items": NaN,
        "Total Unusual Items Excluding Goodwill": NaN,
        "Net Income From Continuing Operation Net Minority Interest": NaN,
        "Reconciled Depreciation": NaN,
        "Reconciled Cost Of Revenue": NaN,
        "EBITDA": NaN,
        "EBIT": NaN,
        "Net Interest Income": NaN,
        "Interest Expense": NaN,
        "Normalized Income": NaN,
        "Net Income From Continuing And Discontinued Operation": NaN,
        "Total Expenses": NaN,
        "Total Operating Income As Reported": NaN,
        "Diluted Average Shares": 39450000.0,
        "Basic Average Shares": 39303000.0,
        "Diluted EPS": 1.65,
        "Basic EPS": 1.66,
        "Diluted NI Availto Com Stockholders": NaN,
        "Net Income Common Stockholders": NaN,
        "Otherunder Preferred Stock Dividend": NaN,
        "Preferred Stock Dividends": NaN,
        "Net Income": NaN,
        "Net Income Including Noncontrolling Interests": NaN,
        "Net Income Continuous Operations": NaN,
        "Tax Provision": NaN,
        "Pretax Income": NaN,
        "Other Income Expense": NaN,
        "Other Non Operating Income Expenses": NaN,
        "Special Income Charges": NaN,
        "Gain On Sale Of Business": NaN,
        "Restructuring And Mergern Acquisition": NaN,
        "Gain On Sale Of Security": NaN,
        "Net Non Operating Interest Income Expense": NaN,
        "Interest Expense Non Operating": NaN,
        "Operating Income": NaN,
        "Operating Expense": NaN,
        "Research And Development": NaN,
        "Selling General And Administration": NaN,
        "Gross Profit": NaN,
        "Cost Of Revenue": NaN,
        "Total Revenue": NaN,
        "Operating Revenue": NaN
    },
    "2023-12-31": {
        "Tax Effect Of Unusual Items": NaN,
        "Tax Rate For Calcs": NaN,
        "Normalized EBITDA": NaN,
        "Total Unusual Items": NaN,
        "Total Unusual Items Excluding Goodwill": NaN,
        "Net Income From Continuing Operation Net Minority Interest": NaN,
        "Reconciled Depreciation": NaN,
        "Reconciled Cost Of Revenue": NaN,
        "EBITDA": NaN,
        "EBIT": NaN,
        "Net Interest Income": NaN,
        "Interest Expense": NaN,
        "Normalized Income": NaN,
        "Net Income From Continuing And Discontinued Operation": NaN,
        "Total Expenses": NaN,
        "Total Operating Income As Reported": NaN,
        "Diluted Average Shares": NaN,
        "Basic Average Shares": NaN,
        "Diluted EPS": NaN,
        "Basic EPS": NaN,
        "Diluted NI Availto Com Stockholders": NaN,
        "Net Income Common Stockholders": NaN,
        "Otherunder Preferred Stock Dividend": NaN,
        "Preferred Stock Dividends": NaN,
        "Net Income": NaN,
        "Net Income Including Noncontrolling Interests": NaN,
        "Net Income Continuous Operations": NaN,
        "Tax Provision": NaN,
        "Pretax Income": NaN,
        "Other Income Expense": NaN,
        "Other Non Operating Income Expenses": NaN,
        "Special Income Charges": NaN,
        "Gain On Sale Of Business": 0.0,
        "Restructuring And Mergern Acquisition": NaN,
        "Gain On Sale Of Security": NaN,
        "Net Non Operating Interest Income Expense": NaN,
        "Interest Expense Non Operating": NaN,
        "Operating Income": NaN,
        "Operating Expense": NaN,
        "Research And Development": NaN,
        "Selling General And Administration": NaN,
        "Gross Profit": NaN,
        "Cost Of Revenue": NaN,
        "Total Revenue": NaN,
        "Operating Revenue": NaN
    },
    "2024-03-31": {
        "Tax Effect Of Unusual Items": NaN,
        "Tax Rate For Calcs": NaN,
        "Normalized EBITDA": NaN,
        "Total Unusual Items": NaN,
        "Total Unusual Items Excluding Goodwill": NaN,
        "Net Income From Continuing Operation Net Minority Interest": NaN,
        "Reconciled Depreciation": NaN,
        "Reconciled Cost Of Revenue": NaN,
        "EBITDA": NaN,
        "EBIT": NaN,
        "Net Interest Income": NaN,
        "Interest Expense": NaN,
        "Normalized Income": NaN,
        "Net Income From Continuing And Discontinued Operation": NaN,
        "Total Expenses": NaN,
        "Total Operating Income As Reported": NaN,
        "Diluted Average Shares": NaN,
        "Basic Average Shares": NaN,
        "Diluted EPS": NaN,
        "Basic EPS": NaN,
        "Diluted NI Availto Com Stockholders": NaN,
        "Net Income Common Stockholders": NaN,
        "Otherunder Preferred Stock Dividend": NaN,
        "Preferred Stock Dividends": NaN,
        "Net Income": NaN,
        "Net Income Including Noncontrolling Interests": NaN,
        "Net Income Continuous Operations": NaN,
        "Tax Provision": NaN,
        "Pretax Income": NaN,
        "Other Income Expense": NaN,
        "Other Non Operating Income Expenses": NaN,
        "Special Income Charges": NaN,
        "Gain On Sale Of Business": 0.0,
        "Restructuring And Mergern Acquisition": NaN,
        "Gain On Sale Of Security": NaN,
        "Net Non Operating Interest Income Expense": NaN,
        "Interest Expense Non Operating": NaN,
        "Operating Income": NaN,
        "Operating Expense": NaN,
        "Research And Development": NaN,
        "Selling General And Administration": NaN,
        "Gross Profit": NaN,
        "Cost Of Revenue": NaN,
        "Total Revenue": NaN,
        "Operating Revenue": NaN
    },
    "2024-06-30": {
        "Tax Effect Of Unusual Items": -220934.044987,
        "Tax Rate For Calcs": 0.235036,
        "Normalized EBITDA": 121078000.0,
        "Total Unusual Items": -940000.0,
        "Total Unusual Items Excluding Goodwill": -940000.0,
        "Net Income From Continuing Operation Net Minority Interest": 72234000.0,
        "Reconciled Depreciation": 16046000.0,
        "Reconciled Cost Of Revenue": 239434000.0,
        "EBITDA": 120138000.0,
        "EBIT": 104092000.0,
        "Net Interest Income": -9664000.0,
        "Interest Expense": 9664000.0,
        "Normalized Income": 72953065.955013,
        "Net Income From Continuing And Discontinued Operation": 72234000.0,
        "Total Expenses": 361579000.0,
        "Total Operating Income As Reported": 99944000.0,
        "Diluted Average Shares": 39541000.0,
        "Basic Average Shares": 39389000.0,
        "Diluted EPS": 1.83,
        "Basic EPS": 1.83,
        "Diluted NI Availto Com Stockholders": 72218000.0,
        "Net Income Common Stockholders": 72218000.0,
        "Otherunder Preferred Stock Dividend": 6000.0,
        "Preferred Stock Dividends": 10000.0,
        "Net Income": 72234000.0,
        "Net Income Including Noncontrolling Interests": 72234000.0,
        "Net Income Continuous Operations": 72234000.0,
        "Tax Provision": 22194000.0,
        "Pretax Income": 94428000.0,
        "Other Income Expense": 3208000.0,
        "Other Non Operating Income Expenses": 4148000.0,
        "Special Income Charges": -1543000.0,
        "Gain On Sale Of Business": 0.0,
        "Restructuring And Mergern Acquisition": 1543000.0,
        "Gain On Sale Of Security": 603000.0,
        "Net Non Operating Interest Income Expense": -9664000.0,
        "Interest Expense Non Operating": 9664000.0,
        "Operating Income": 100884000.0,
        "Operating Expense": 122145000.0,
        "Research And Development": 17070000.0,
        "Selling General And Administration": 105075000.0,
        "Gross Profit": 223029000.0,
        "Cost Of Revenue": 239434000.0,
        "Total Revenue": 462463000.0,
        "Operating Revenue": 462463000.0
    },
    "2024-09-30": {
        "Tax Effect Of Unusual Items": -1017236.0,
        "Tax Rate For Calcs": 0.244,
        "Normalized EBITDA": 117437000.0,
        "Total Unusual Items": -4169000.0,
        "Total Unusual Items Excluding Goodwill": -4169000.0,
        "Net Income From Continuing Operation Net Minority Interest": 66648000.0,
        "Reconciled Depreciation": 15958000.0,
        "Reconciled Cost Of Revenue": 225223000.0,
        "EBITDA": 113268000.0,
        "EBIT": 97310000.0,
        "Net Interest Income": -9153000.0,
        "Interest Expense": 9153000.0,
        "Normalized Income": 69799764.0,
        "Net Income From Continuing And Discontinued Operation": 66648000.0,
        "Total Expenses": 337033000.0,
        "Total Operating Income As Reported": 91477000.0,
        "Diluted Average Shares": 39495000.0,
        "Basic Average Shares": 39362000.0,
        "Diluted EPS": 1.69,
        "Basic EPS": 1.69,
        "Diluted NI Availto Com Stockholders": 66632000.0,
        "Net Income Common Stockholders": 66632000.0,
        "Otherunder Preferred Stock Dividend": 6000.0,
        "Preferred Stock Dividends": 10000.0,
        "Net Income": 66648000.0,
        "Net Income Including Noncontrolling Interests": 66648000.0,
        "Net Income Continuous Operations": 66648000.0,
        "Tax Provision": 21509000.0,
        "Pretax Income": 88157000.0,
        "Other Income Expense": 1664000.0,
        "Other Non Operating Income Expenses": 5833000.0,
        "Special Income Charges": -1184000.0,
        "Gain On Sale Of Business": 0.0,
        "Restructuring And Mergern Acquisition": 1184000.0,
        "Gain On Sale Of Security": -2985000.0,
        "Net Non Operating Interest Income Expense": -9153000.0,
        "Interest Expense Non Operating": 9153000.0,
        "Operating Income": 95646000.0,
        "Operating Expense": 111810000.0,
        "Research And Development": 16707000.0,
        "Selling General And Administration": 95103000.0,
        "Gross Profit": 207456000.0,
        "Cost Of Revenue": 225223000.0,
        "Total Revenue": 432679000.0,
        "Operating Revenue": 432679000.0
    },
    "2024-12-31": {
        "Tax Effect Of Unusual Items": -97615.525536,
        "Tax Rate For Calcs": 0.247128,
        "Normalized EBITDA": 141312000.0,
        "Total Unusual Items": -395000.0,
        "Total Unusual Items Excluding Goodwill": -395000.0,
        "Net Income From Continuing Operation Net Minority Interest": 87946000.0,
        "Reconciled Depreciation": 16770000.0,
        "Reconciled Cost Of Revenue": 265268000.0,
        "EBITDA": 140917000.0,
        "EBIT": 124147000.0,
        "Net Interest Income": -314000.0,
        "Interest Expense": 7333000.0,
        "Normalized Income": 88243384.474464,
        "Net Income From Continuing And Discontinued Operation": 87946000.0,
        "Total Expenses": 382477000.0,
        "Total Operating Income As Reported": 117644000.0,
        "Diluted Average Shares": 39548000.0,
        "Basic Average Shares": 39374000.0,
        "Diluted EPS": 2.22,
        "Basic EPS": 2.23,
        "Diluted NI Availto Com Stockholders": 87930000.0,
        "Net Income Common Stockholders": 87930000.0,
        "Otherunder Preferred Stock Dividend": 5000.0,
        "Preferred Stock Dividends": 11000.0,
        "Net Income": 87946000.0,
        "Net Income Including Noncontrolling Interests": 87946000.0,
        "Net Income Continuous Operations": 87946000.0,
        "Tax Provision": 28868000.0,
        "Pretax Income": 116814000.0,
        "Other Income Expense": -92000.0,
        "Other Non Operating Income Expenses": 303000.0,
        "Special Income Charges": -1472000.0,
        "Gain On Sale Of Business": 0.0,
        "Restructuring And Mergern Acquisition": 653000.0,
        "Gain On Sale Of Security": 1077000.0,
        "Net Non Operating Interest Income Expense": -314000.0,
        "Interest Expense Non Operating": 7333000.0,
        "Operating Income": 117220000.0,
        "Operating Expense": 117209000.0,
        "Research And Development": 16831000.0,
        "Selling General And Administration": 100378000.0,
        "Gross Profit": 234429000.0,
        "Cost Of Revenue": 265268000.0,
        "Total Revenue": 499697000.0,
        "Operating Revenue": 499697000.0
    },
    "2025-03-31": {
        "Tax Effect Of Unusual Items": -1410000.0,
        "Tax Rate For Calcs": 0.235,
        "Normalized EBITDA": 107035000.0,
        "Total Unusual Items": -6000000.0,
        "Total Unusual Items Excluding Goodwill": -6000000.0,
        "Net Income From Continuing Operation Net Minority Interest": 59605000.0,
        "Reconciled Depreciation": 16251000.0,
        "Reconciled Cost Of Revenue": 227945000.0,
        "EBITDA": 101035000.0,
        "EBIT": 84784000.0,
        "Net Interest Income": -6835000.0,
        "Interest Expense": 6835000.0,
        "Normalized Income": 64195000.0,
        "Net Income From Continuing And Discontinued Operation": 59605000.0,
        "Total Expenses": 337579000.0,
        "Total Operating Income As Reported": 77761000.0,
        "Diluted Average Shares": 39501000.0,
        "Basic Average Shares": 39334000.0,
        "Diluted EPS": 1.51,
        "Basic EPS": 1.51,
        "Diluted NI Availto Com Stockholders": 59590000.0,
        "Net Income Common Stockholders": 59590000.0,
        "Otherunder Preferred Stock Dividend": 5000.0,
        "Preferred Stock Dividends": 10000.0,
        "Net Income": 59605000.0,
        "Net Income Including Noncontrolling Interests": 59605000.0,
        "Net Income Continuous Operations": 59605000.0,
        "Tax Provision": 18344000.0,
        "Pretax Income": 77949000.0,
        "Other Income Expense": 1023000.0,
        "Other Non Operating Income Expenses": 7023000.0,
        "Special Income Charges": -1924000.0,
        "Gain On Sale Of Business": NaN,
        "Restructuring And Mergern Acquisition": 1924000.0,
        "Gain On Sale Of Security": -4076000.0,
        "Net Non Operating Interest Income Expense": -6835000.0,
        "Interest Expense Non Operating": 6835000.0,
        "Operating Income": 83761000.0,
        "Operating Expense": 109634000.0,
        "Research And Development": 15669000.0,
        "Selling General And Administration": 93965000.0,
        "Gross Profit": 193395000.0,
        "Cost Of Revenue": 227945000.0,
        "Total Revenue": 421340000.0,
        "Operating Revenue": 421340000.0
    },
    "2025-06-30": {
        "Tax Effect Of Unusual Items": -1393712.10693,
        "Tax Rate For Calcs": 0.241377,
        "Normalized EBITDA": 114735000.0,
        "Total Unusual Items": -5774000.0,
        "Total Unusual Items Excluding Goodwill": -5774000.0,
        "Net Income From Continuing Operation Net Minority Interest": 62773000.0,
        "Reconciled Depreciation": 18099000.0,
        "Reconciled Cost Of Revenue": 253406000.0,
        "EBITDA": 108961000.0,
        "EBIT": 90862000.0,
        "Net Interest Income": -8116000.0,
        "Interest Expense": 8116000.0,
        "Normalized Income": 67153287.89307,
        "Net Income From Continuing And Discontinued Operation": 62773000.0,
        "Total Expenses": 382480000.0,
        "Total Operating Income As Reported": 85862000.0,
        "Diluted Average Shares": 39359000.0,
        "Basic Average Shares": 39258000.0,
        "Diluted EPS": 1.59,
        "Basic EPS": 1.6,
        "Diluted NI Availto Com Stockholders": 62757000.0,
        "Net Income Common Stockholders": 62757000.0,
        "Otherunder Preferred Stock Dividend": 6000.0,
        "Preferred Stock Dividends": 10000.0,
        "Net Income": 62773000.0,
        "Net Income Including Noncontrolling Interests": 62773000.0,
        "Net Income Continuous Operations": 62773000.0,
        "Tax Provision": 19973000.0,
        "Pretax Income": 82746000.0,
        "Other Income Expense": -774000.0,
        "Other Non Operating Income Expenses": 5000000.0,
        "Special Income Charges": -488000.0,
        "Gain On Sale Of Business": NaN,
        "Restructuring And Mergern Acquisition": 488000.0,
        "Gain On Sale Of Security": -5286000.0,
        "Net Non Operating Interest Income Expense": -8116000.0,
        "Interest Expense Non Operating": 8116000.0,
        "Operating Income": 91636000.0,
        "Operating Expense": 129074000.0,
        "Research And Development": 16996000.0,
        "Selling General And Administration": 112078000.0,
        "Gross Profit": 220710000.0,
        "Cost Of Revenue": 253406000.0,
        "Total Revenue": 474116000.0,
        "Operating Revenue": 474116000.0
    }
}