{
    "2023-03-31": {
        "Tax Effect Of Unusual Items": NaN,
        "Tax Rate For Calcs": NaN,
        "Total Unusual Items": 0.0,
        "Total Unusual Items Excluding Goodwill": 0.0,
        "Net Income From Continuing Operation Net Minority Interest": NaN,
        "Reconciled Depreciation": NaN,
        "Net Interest Income": NaN,
        "Interest Expense": NaN,
        "Interest Income": NaN,
        "Normalized Income": NaN,
        "Net Income From Continuing And Discontinued Operation": NaN,
        "Diluted Average Shares": NaN,
        "Basic Average Shares": NaN,
        "Diluted EPS": NaN,
        "Basic EPS": NaN,
        "Diluted NI Availto Com Stockholders": NaN,
        "Average Dilution Earnings": 0.0,
        "Net Income Common Stockholders": NaN,
        "Otherunder Preferred Stock Dividend": NaN,
        "Preferred Stock Dividends": NaN,
        "Net Income": NaN,
        "Net Income Including Noncontrolling Interests": NaN,
        "Net Income Continuous Operations": NaN,
        "Tax Provision": NaN,
        "Pretax Income": NaN,
        "Special Income Charges": 0.0,
        "Write Off": 0.0,
        "Gain On Sale Of Security": NaN,
        "Depreciation Amortization Depletion Income Statement": NaN,
        "Depreciation And Amortization In Income Statement": NaN,
        "Amortization": NaN,
        "Amortization Of Intangibles Income Statement": NaN,
        "Selling General And Administration": NaN,
        "Selling And Marketing Expense": NaN,
        "General And Administrative Expense": NaN,
        "Insurance And Claims": NaN,
        "Salaries And Wages": NaN,
        "Total Revenue": NaN,
        "Operating Revenue": NaN,
        "Occupancy And Equipment": NaN,
        "Professional Expense And Contract Services Expense": NaN,
        "Other Non Interest Expense": NaN
    },
    "2022-12-31": {
        "Tax Effect Of Unusual Items": NaN,
        "Tax Rate For Calcs": NaN,
        "Total Unusual Items": -3250000.0,
        "Total Unusual Items Excluding Goodwill": -3250000.0,
        "Net Income From Continuing Operation Net Minority Interest": NaN,
        "Reconciled Depreciation": NaN,
        "Net Interest Income": NaN,
        "Interest Expense": NaN,
        "Interest Income": NaN,
        "Normalized Income": NaN,
        "Net Income From Continuing And Discontinued Operation": NaN,
        "Diluted Average Shares": NaN,
        "Basic Average Shares": NaN,
        "Diluted EPS": NaN,
        "Basic EPS": NaN,
        "Diluted NI Availto Com Stockholders": NaN,
        "Average Dilution Earnings": NaN,
        "Net Income Common Stockholders": NaN,
        "Otherunder Preferred Stock Dividend": NaN,
        "Preferred Stock Dividends": NaN,
        "Net Income": NaN,
        "Net Income Including Noncontrolling Interests": NaN,
        "Net Income Continuous Operations": NaN,
        "Tax Provision": NaN,
        "Pretax Income": NaN,
        "Special Income Charges": -3250000.0,
        "Write Off": 0.0,
        "Gain On Sale Of Security": NaN,
        "Depreciation Amortization Depletion Income Statement": NaN,
        "Depreciation And Amortization In Income Statement": NaN,
        "Amortization": NaN,
        "Amortization Of Intangibles Income Statement": NaN,
        "Selling General And Administration": NaN,
        "Selling And Marketing Expense": NaN,
        "General And Administrative Expense": NaN,
        "Insurance And Claims": NaN,
        "Salaries And Wages": NaN,
        "Total Revenue": NaN,
        "Operating Revenue": NaN,
        "Occupancy And Equipment": NaN,
        "Professional Expense And Contract Services Expense": NaN,
        "Other Non Interest Expense": NaN
    },
    "2022-09-30": {
        "Tax Effect Of Unusual Items": NaN,
        "Tax Rate For Calcs": NaN,
        "Total Unusual Items": NaN,
        "Total Unusual Items Excluding Goodwill": NaN,
        "Net Income From Continuing Operation Net Minority Interest": NaN,
        "Reconciled Depreciation": NaN,
        "Net Interest Income": NaN,
        "Interest Expense": NaN,
        "Interest Income": NaN,
        "Normalized Income": NaN,
        "Net Income From Continuing And Discontinued Operation": NaN,
        "Diluted Average Shares": 22390438.0,
        "Basic Average Shares": 22338828.0,
        "Diluted EPS": 1.04,
        "Basic EPS": 1.04,
        "Diluted NI Availto Com Stockholders": NaN,
        "Average Dilution Earnings": NaN,
        "Net Income Common Stockholders": NaN,
        "Otherunder Preferred Stock Dividend": NaN,
        "Preferred Stock Dividends": NaN,
        "Net Income": NaN,
        "Net Income Including Noncontrolling Interests": NaN,
        "Net Income Continuous Operations": NaN,
        "Tax Provision": NaN,
        "Pretax Income": NaN,
        "Special Income Charges": NaN,
        "Write Off": NaN,
        "Gain On Sale Of Security": NaN,
        "Depreciation Amortization Depletion Income Statement": NaN,
        "Depreciation And Amortization In Income Statement": NaN,
        "Amortization": NaN,
        "Amortization Of Intangibles Income Statement": NaN,
        "Selling General And Administration": NaN,
        "Selling And Marketing Expense": NaN,
        "General And Administrative Expense": NaN,
        "Other Gand A": 6680000.0,
        "Insurance And Claims": NaN,
        "Salaries And Wages": NaN,
        "Total Revenue": NaN,
        "Operating Revenue": NaN
    },
    "2022-06-30": {
        "Tax Effect Of Unusual Items": -217019.096925,
        "Tax Rate For Calcs": 0.249734,
        "Total Unusual Items": -869000.0,
        "Total Unusual Items Excluding Goodwill": -869000.0,
        "Net Income From Continuing Operation Net Minority Interest": 21883000.0,
        "Reconciled Depreciation": 3709000.0,
        "Net Interest Income": 61334000.0,
        "Interest Expense": 7902000.0,
        "Interest Income": 69236000.0,
        "Normalized Income": 22534980.903075,
        "Net Income From Continuing And Discontinued Operation": 21883000.0,
        "Diluted Average Shares": 22360819.0,
        "Basic Average Shares": 22305590.0,
        "Diluted EPS": 0.97,
        "Basic EPS": 0.97,
        "Diluted NI Availto Com Stockholders": 21640000.0,
        "Average Dilution Earnings": 1000.0,
        "Net Income Common Stockholders": 21639000.0,
        "Otherunder Preferred Stock Dividend": 244000.0,
        "Preferred Stock Dividends": NaN,
        "Net Income": 21883000.0,
        "Net Income Including Noncontrolling Interests": 21883000.0,
        "Net Income Continuous Operations": 21883000.0,
        "Tax Provision": 7284000.0,
        "Pretax Income": 29167000.0,
        "Special Income Charges": -869000.0,
        "Write Off": 869000.0,
        "Gain On Sale Of Security": -101000.0,
        "Depreciation Amortization Depletion Income Statement": 1318000.0,
        "Depreciation And Amortization In Income Statement": 1318000.0,
        "Amortization": 1318000.0,
        "Amortization Of Intangibles Income Statement": 1318000.0,
        "Selling General And Administration": 30095000.0,
        "Selling And Marketing Expense": 733000.0,
        "General And Administrative Expense": 29362000.0,
        "Other Gand A": 6717000.0,
        "Insurance And Claims": NaN,
        "Salaries And Wages": 22645000.0,
        "Total Revenue": 76816000.0,
        "Operating Revenue": 76816000.0
    },
    "2023-06-30": {
        "Tax Effect Of Unusual Items": NaN,
        "Tax Rate For Calcs": NaN,
        "Total Unusual Items": 0.0,
        "Total Unusual Items Excluding Goodwill": 0.0,
        "Net Income From Continuing Operation Net Minority Interest": NaN,
        "Reconciled Depreciation": NaN,
        "Net Interest Income": NaN,
        "Interest Expense": NaN,
        "Interest Income": NaN,
        "Normalized Income": NaN,
        "Net Income From Continuing And Discontinued Operation": NaN,
        "Diluted Average Shares": 22205079.0,
        "Basic Average Shares": 22200917.0,
        "Diluted EPS": 0.86,
        "Basic EPS": 0.86,
        "Diluted NI Availto Com Stockholders": NaN,
        "Average Dilution Earnings": 0.0,
        "Net Income Common Stockholders": NaN,
        "Otherunder Preferred Stock Dividend": NaN,
        "Preferred Stock Dividends": NaN,
        "Net Income": NaN,
        "Net Income Including Noncontrolling Interests": NaN,
        "Net Income Continuous Operations": NaN,
        "Tax Provision": NaN,
        "Pretax Income": NaN,
        "Special Income Charges": 0.0,
        "Write Off": 0.0,
        "Gain On Sale Of Security": NaN,
        "Depreciation Amortization Depletion Income Statement": NaN,
        "Depreciation And Amortization In Income Statement": NaN,
        "Amortization": NaN,
        "Amortization Of Intangibles Income Statement": NaN,
        "Selling General And Administration": NaN,
        "Selling And Marketing Expense": NaN,
        "General And Administrative Expense": NaN,
        "Insurance And Claims": NaN,
        "Salaries And Wages": NaN,
        "Total Revenue": NaN,
        "Operating Revenue": NaN,
        "Occupancy And Equipment": NaN,
        "Professional Expense And Contract Services Expense": NaN,
        "Other Non Interest Expense": NaN
    },
    "2022-03-31": {
        "Diluted EPS": 0.92,
        "Total Revenue": 78,
        "Gross Profit": 72,
        "Operating Income": 27,
        "EBIT": NaN,
        "Net Income": 21
    },
    "2021-12-31": {
        "Diluted EPS": 1.02,
        "Total Revenue": 83,
        "Gross Profit": 77,
        "Operating Income": 40,
        "EBIT": NaN,
        "Net Income": 23
    },
    "2021-09-30": {
        "Diluted EPS": 0.86,
        "Total Revenue": 74,
        "Gross Profit": 67,
        "Operating Income": 25,
        "EBIT": NaN,
        "Net Income": 20
    },
    "2021-06-30": {
        "Diluted EPS": 0.88,
        "Total Revenue": 76,
        "Gross Profit": 68,
        "Operating Income": 19,
        "EBIT": NaN,
        "Net Income": 20
    },
    "2021-03-31": {
        "Diluted EPS": 0.81,
        "Total Revenue": 75,
        "Gross Profit": 67,
        "Operating Income": 24,
        "EBIT": NaN,
        "Net Income": 19
    },
    "2020-12-31": {
        "Diluted EPS": 0.36,
        "Total Revenue": 77,
        "Gross Profit": 68,
        "Operating Income": 18,
        "EBIT": NaN,
        "Net Income": 8
    },
    "2020-09-30": {
        "Diluted EPS": 0.0,
        "Total Revenue": 79,
        "Gross Profit": 69,
        "Operating Income": 16,
        "EBIT": NaN,
        "Net Income": 0
    },
    "2020-06-30": {
        "Diluted EPS": 0.53,
        "Total Revenue": 80,
        "Gross Profit": 68,
        "Operating Income": 16,
        "EBIT": NaN,
        "Net Income": 13
    },
    "2020-03-31": {
        "Diluted EPS": 0.06,
        "Total Revenue": 70,
        "Gross Profit": 55,
        "Operating Income": 2,
        "EBIT": NaN,
        "Net Income": 2
    },
    "2019-12-31": {
        "Diluted EPS": 0.51,
        "Total Revenue": 83,
        "Gross Profit": 68,
        "Operating Income": 15,
        "EBIT": NaN,
        "Net Income": 13
    },
    "2019-09-30": {
        "Diluted EPS": 0.51,
        "Total Revenue": 85,
        "Gross Profit": 69,
        "Operating Income": 20,
        "EBIT": NaN,
        "Net Income": 13
    },
    "2019-06-30": {
        "Diluted EPS": 0.67,
        "Total Revenue": 80,
        "Gross Profit": 66,
        "Operating Income": 21,
        "EBIT": NaN,
        "Net Income": 16
    },
    "2019-03-31": {
        "Diluted EPS": 0.57,
        "Total Revenue": 77,
        "Gross Profit": 63,
        "Operating Income": 18,
        "EBIT": NaN,
        "Net Income": 14
    },
    "2018-12-31": {
        "Diluted EPS": 0.71,
        "Total Revenue": 83,
        "Gross Profit": 70,
        "Operating Income": 19,
        "EBIT": NaN,
        "Net Income": 16
    },
    "2018-09-30": {
        "Diluted EPS": 0.35,
        "Total Revenue": 75,
        "Gross Profit": 63,
        "Operating Income": 11,
        "EBIT": NaN,
        "Net Income": 8
    },
    "2018-06-30": {
        "Diluted EPS": 0.52,
        "Total Revenue": 74,
        "Gross Profit": 64,
        "Operating Income": 16,
        "EBIT": NaN,
        "Net Income": 13
    },
    "2018-03-31": {
        "Diluted EPS": 0.08,
        "Total Revenue": 63,
        "Gross Profit": 55,
        "Operating Income": 3,
        "EBIT": NaN,
        "Net Income": 2
    },
    "2017-12-31": {
        "Diluted EPS": 0.05,
        "Total Revenue": 58,
        "Gross Profit": 50,
        "Operating Income": 8,
        "EBIT": NaN,
        "Net Income": 2
    },
    "2017-09-30": {
        "Diluted EPS": 0.1,
        "Total Revenue": 59,
        "Gross Profit": 52,
        "Operating Income": 2,
        "EBIT": NaN,
        "Net Income": 2
    },
    "2017-06-30": {
        "Diluted EPS": 0.2,
        "Total Revenue": 48,
        "Gross Profit": 43,
        "Operating Income": 5,
        "EBIT": NaN,
        "Net Income": 4
    },
    "2017-03-31": {
        "Diluted EPS": 0.52,
        "Total Revenue": 48,
        "Gross Profit": 44,
        "Operating Income": 11,
        "EBIT": NaN,
        "Net Income": 8
    },
    "2016-12-31": {
        "Diluted EPS": 0.74,
        "Total Revenue": 60,
        "Gross Profit": 56,
        "Operating Income": 20,
        "EBIT": NaN,
        "Net Income": 11
    },
    "2016-09-30": {
        "Diluted EPS": 0.51,
        "Total Revenue": 46,
        "Gross Profit": 42,
        "Operating Income": 12,
        "EBIT": NaN,
        "Net Income": 8
    },
    "2016-06-30": {
        "Diluted EPS": 0.5,
        "Total Revenue": 46,
        "Gross Profit": 42,
        "Operating Income": 10,
        "EBIT": NaN,
        "Net Income": 7
    },
    "2016-03-31": {
        "Diluted EPS": 0.42,
        "Total Revenue": 41,
        "Gross Profit": 37,
        "Operating Income": 8,
        "EBIT": NaN,
        "Net Income": 5
    },
    "2015-12-31": {
        "Diluted EPS": 0.63,
        "Total Revenue": 43,
        "Gross Profit": 39,
        "Operating Income": 5,
        "EBIT": NaN,
        "Net Income": 8
    },
    "2015-09-30": {
        "Diluted EPS": 0.28,
        "Total Revenue": 43,
        "Gross Profit": 40,
        "Operating Income": 5,
        "EBIT": NaN,
        "Net Income": 3
    },
    "2015-06-30": {
        "Diluted EPS": 0.55,
        "Total Revenue": 45,
        "Gross Profit": 43,
        "Operating Income": 9,
        "EBIT": NaN,
        "Net Income": 7
    },
    "2015-03-31": {
        "Diluted EPS": 0.54,
        "Total Revenue": 45,
        "Gross Profit": 43,
        "Operating Income": 10,
        "EBIT": NaN,
        "Net Income": 6
    },
    "2014-12-31": {
        "Diluted EPS": 0.0,
        "Total Revenue": NaN,
        "Gross Profit": NaN,
        "Operating Income": NaN,
        "EBIT": NaN,
        "Net Income": NaN
    },
    "2013-12-31": {
        "Diluted EPS": 0.0,
        "Total Revenue": NaN,
        "Gross Profit": NaN,
        "Operating Income": NaN,
        "EBIT": NaN,
        "Net Income": NaN
    },
    "2023-09-30": {
        "Tax Effect Of Unusual Items": 0.0,
        "Tax Rate For Calcs": 0.21,
        "Total Unusual Items": 0.0,
        "Total Unusual Items Excluding Goodwill": 0.0,
        "Net Income From Continuing Operation Net Minority Interest": 11402000.0,
        "Reconciled Depreciation": 3363000.0,
        "Net Interest Income": 58596000.0,
        "Interest Expense": 44989000.0,
        "Interest Income": 103585000.0,
        "Normalized Income": 11402000.0,
        "Net Income From Continuing And Discontinued Operation": 11402000.0,
        "Diluted Average Shares": 21977196.0,
        "Basic Average Shares": 21970372.0,
        "Diluted EPS": 0.41,
        "Basic EPS": 0.41,
        "Diluted NI Availto Com Stockholders": 2468000.0,
        "Average Dilution Earnings": 0.0,
        "Net Income Common Stockholders": 2468000.0,
        "Otherunder Preferred Stock Dividend": 6705000.0,
        "Preferred Stock Dividends": 2229000.0,
        "Net Income": 11402000.0,
        "Net Income Including Noncontrolling Interests": 11402000.0,
        "Net Income Continuous Operations": 11402000.0,
        "Tax Provision": 11533000.0,
        "Pretax Income": 22935000.0,
        "Special Income Charges": 0.0,
        "Write Off": 0.0,
        "Gain On Sale Of Security": -4961000.0,
        "Depreciation Amortization Depletion Income Statement": 1129000.0,
        "Depreciation And Amortization In Income Statement": 1129000.0,
        "Amortization": 1129000.0,
        "Amortization Of Intangibles Income Statement": 1129000.0,
        "Selling General And Administration": 24364000.0,
        "Selling And Marketing Expense": 950000.0,
        "General And Administrative Expense": 23414000.0,
        "Insurance And Claims": 1107000.0,
        "Salaries And Wages": 22307000.0,
        "Total Revenue": 69275000.0,
        "Operating Revenue": 69275000.0,
        "Occupancy And Equipment": 3730000.0,
        "Professional Expense And Contract Services Expense": 1554000.0,
        "Other Non Interest Expense": 10395000.0
    },
    "2023-12-31": {
        "Tax Effect Of Unusual Items": NaN,
        "Tax Rate For Calcs": NaN,
        "Total Unusual Items": 0.0,
        "Total Unusual Items Excluding Goodwill": 0.0,
        "Net Income From Continuing Operation Net Minority Interest": NaN,
        "Reconciled Depreciation": NaN,
        "Net Interest Income": NaN,
        "Interest Expense": NaN,
        "Interest Income": NaN,
        "Normalized Income": NaN,
        "Net Income From Continuing And Discontinued Operation": NaN,
        "Diluted Average Shares": NaN,
        "Basic Average Shares": NaN,
        "Diluted EPS": NaN,
        "Basic EPS": NaN,
        "Diluted NI Availto Com Stockholders": NaN,
        "Average Dilution Earnings": 0.0,
        "Net Income Common Stockholders": NaN,
        "Otherunder Preferred Stock Dividend": NaN,
        "Preferred Stock Dividends": NaN,
        "Net Income": NaN,
        "Net Income Including Noncontrolling Interests": NaN,
        "Net Income Continuous Operations": NaN,
        "Tax Provision": NaN,
        "Pretax Income": NaN,
        "Special Income Charges": 0.0,
        "Write Off": 0.0,
        "Impairment Of Capital Assets": NaN,
        "Gain On Sale Of Security": NaN,
        "Depreciation Amortization Depletion Income Statement": NaN,
        "Depreciation And Amortization In Income Statement": NaN,
        "Amortization": NaN,
        "Amortization Of Intangibles Income Statement": NaN,
        "Selling General And Administration": NaN,
        "Selling And Marketing Expense": NaN,
        "General And Administrative Expense": NaN,
        "Insurance And Claims": NaN,
        "Salaries And Wages": NaN,
        "Total Revenue": NaN,
        "Operating Revenue": NaN,
        "Occupancy And Equipment": NaN,
        "Professional Expense And Contract Services Expense": NaN,
        "Other Non Interest Expense": NaN
    },
    "2024-03-31": {
        "Tax Effect Of Unusual Items": NaN,
        "Tax Rate For Calcs": NaN,
        "Total Unusual Items": 0.0,
        "Total Unusual Items Excluding Goodwill": 0.0,
        "Net Income From Continuing Operation Net Minority Interest": NaN,
        "Reconciled Depreciation": NaN,
        "Net Interest Income": NaN,
        "Interest Expense": NaN,
        "Interest Income": NaN,
        "Normalized Income": NaN,
        "Net Income From Continuing And Discontinued Operation": NaN,
        "Diluted Average Shares": NaN,
        "Basic Average Shares": NaN,
        "Diluted EPS": NaN,
        "Basic EPS": NaN,
        "Diluted NI Availto Com Stockholders": NaN,
        "Average Dilution Earnings": 0.0,
        "Net Income Common Stockholders": NaN,
        "Otherunder Preferred Stock Dividend": NaN,
        "Preferred Stock Dividends": NaN,
        "Net Income": NaN,
        "Net Income Including Noncontrolling Interests": NaN,
        "Net Income Continuous Operations": NaN,
        "Tax Provision": NaN,
        "Pretax Income": NaN,
        "Special Income Charges": 0.0,
        "Write Off": NaN,
        "Impairment Of Capital Assets": 0.0,
        "Gain On Sale Of Security": 0.0,
        "Depreciation Amortization Depletion Income Statement": NaN,
        "Depreciation And Amortization In Income Statement": NaN,
        "Amortization": NaN,
        "Amortization Of Intangibles Income Statement": NaN,
        "Selling General And Administration": NaN,
        "Selling And Marketing Expense": NaN,
        "General And Administrative Expense": NaN,
        "Insurance And Claims": NaN,
        "Salaries And Wages": NaN,
        "Total Revenue": NaN,
        "Operating Revenue": NaN,
        "Occupancy And Equipment": NaN,
        "Professional Expense And Contract Services Expense": NaN,
        "Other Non Interest Expense": NaN
    },
    "2024-06-30": {
        "Tax Effect Of Unusual Items": 0.0,
        "Tax Rate For Calcs": 0.191557,
        "Total Unusual Items": 0.0,
        "Total Unusual Items Excluding Goodwill": 0.0,
        "Net Income From Continuing Operation Net Minority Interest": 25719000.0,
        "Reconciled Depreciation": 3339000.0,
        "Net Interest Income": 58895000.0,
        "Interest Expense": 48243000.0,
        "Interest Income": 107138000.0,
        "Normalized Income": 25719000.0,
        "Net Income From Continuing And Discontinued Operation": 25719000.0,
        "Diluted Average Shares": 21734849.0,
        "Basic Average Shares": 21731195.0,
        "Diluted EPS": 1.06,
        "Basic EPS": 1.06,
        "Diluted NI Availto Com Stockholders": 23138000.0,
        "Average Dilution Earnings": 0.0,
        "Net Income Common Stockholders": 23138000.0,
        "Otherunder Preferred Stock Dividend": 353000.0,
        "Preferred Stock Dividends": 2228000.0,
        "Net Income": 25719000.0,
        "Net Income Including Noncontrolling Interests": 25719000.0,
        "Net Income Continuous Operations": 25719000.0,
        "Tax Provision": 6094000.0,
        "Pretax Income": 31813000.0,
        "Special Income Charges": 0.0,
        "Write Off": NaN,
        "Impairment Of Capital Assets": 0.0,
        "Gain On Sale Of Security": -152000.0,
        "Depreciation Amortization Depletion Income Statement": 1016000.0,
        "Depreciation And Amortization In Income Statement": 1016000.0,
        "Amortization": 1016000.0,
        "Amortization Of Intangibles Income Statement": 1016000.0,
        "Selling General And Administration": 24832000.0,
        "Selling And Marketing Expense": 741000.0,
        "General And Administrative Expense": 24091000.0,
        "Insurance And Claims": 1219000.0,
        "Salaries And Wages": 22872000.0,
        "Total Revenue": 86324000.0,
        "Operating Revenue": 86324000.0,
        "Occupancy And Equipment": 3964000.0,
        "Professional Expense And Contract Services Expense": 2243000.0,
        "Other Non Interest Expense": 14174000.0
    },
    "2024-09-30": {
        "Tax Effect Of Unusual Items": 0.0,
        "Tax Rate For Calcs": 0.181,
        "Total Unusual Items": NaN,
        "Total Unusual Items Excluding Goodwill": NaN,
        "Net Income From Continuing Operation Net Minority Interest": 18476000.0,
        "Reconciled Depreciation": 3184000.0,
        "Net Interest Income": 54950000.0,
        "Interest Expense": 49884000.0,
        "Interest Income": 104834000.0,
        "Normalized Income": 18476000.0,
        "Net Income From Continuing And Discontinued Operation": 18476000.0,
        "Diluted Average Shares": 21678242.0,
        "Basic Average Shares": 21675818.0,
        "Diluted EPS": 0.74,
        "Basic EPS": 0.74,
        "Diluted NI Availto Com Stockholders": 15985000.0,
        "Average Dilution Earnings": NaN,
        "Net Income Common Stockholders": 15985000.0,
        "Otherunder Preferred Stock Dividend": 262000.0,
        "Preferred Stock Dividends": 2229000.0,
        "Net Income": 18476000.0,
        "Net Income Including Noncontrolling Interests": 18476000.0,
        "Net Income Continuous Operations": 18476000.0,
        "Tax Provision": 4080000.0,
        "Pretax Income": 22556000.0,
        "Special Income Charges": NaN,
        "Write Off": NaN,
        "Impairment Of Capital Assets": NaN,
        "Gain On Sale Of Security": -44000.0,
        "Depreciation Amortization Depletion Income Statement": 951000.0,
        "Depreciation And Amortization In Income Statement": 951000.0,
        "Amortization": 951000.0,
        "Amortization Of Intangibles Income Statement": 951000.0,
        "Selling General And Administration": 26751000.0,
        "Selling And Marketing Expense": 967000.0,
        "General And Administrative Expense": 25784000.0,
        "Insurance And Claims": 1402000.0,
        "Salaries And Wages": 24382000.0,
        "Total Revenue": 72354000.0,
        "Operating Revenue": 72354000.0,
        "Occupancy And Equipment": 4393000.0,
        "Professional Expense And Contract Services Expense": 1744000.0,
        "Other Non Interest Expense": 10959000.0
    },
    "2025-03-31": {
        "Tax Effect Of Unusual Items": -32335170.0,
        "Tax Rate For Calcs": 0.21,
        "Total Unusual Items": -153977000.0,
        "Total Unusual Items Excluding Goodwill": -153977000.0,
        "Net Income From Continuing Operation Net Minority Interest": -140974000.0,
        "Reconciled Depreciation": 3124000.0,
        "Net Interest Income": 58290000.0,
        "Interest Expense": 41065000.0,
        "Interest Income": 99355000.0,
        "Normalized Income": -19332170.0,
        "Net Income From Continuing And Discontinued Operation": -140974000.0,
        "Diluted Average Shares": 21795570.0,
        "Basic Average Shares": 21795570.0,
        "Diluted EPS": -6.58,
        "Basic EPS": -6.58,
        "Diluted NI Availto Com Stockholders": -143318000.0,
        "Average Dilution Earnings": 0.0,
        "Net Income Common Stockholders": -143318000.0,
        "Otherunder Preferred Stock Dividend": 116000.0,
        "Preferred Stock Dividends": 2228000.0,
        "Net Income": -140974000.0,
        "Net Income Including Noncontrolling Interests": -140974000.0,
        "Net Income Continuous Operations": -140974000.0,
        "Tax Provision": 3172000.0,
        "Pretax Income": -137802000.0,
        "Special Income Charges": -153977000.0,
        "Write Off": NaN,
        "Impairment Of Capital Assets": 153977000.0,
        "Gain On Sale Of Security": NaN,
        "Depreciation Amortization Depletion Income Statement": 911000.0,
        "Depreciation And Amortization In Income Statement": 911000.0,
        "Amortization": 911000.0,
        "Amortization Of Intangibles Income Statement": 911000.0,
        "Selling General And Administration": 28672000.0,
        "Selling And Marketing Expense": 793000.0,
        "General And Administrative Expense": 27879000.0,
        "Insurance And Claims": 1463000.0,
        "Salaries And Wages": 26416000.0,
        "Total Revenue": 73968000.0,
        "Operating Revenue": 73968000.0,
        "Occupancy And Equipment": 4498000.0,
        "Professional Expense And Contract Services Expense": 2741000.0,
        "Other Non Interest Expense": 10121000.0
    },
    "2024-12-31": {
        "Tax Effect Of Unusual Items": 0.0,
        "Tax Rate For Calcs": 0.21,
        "Total Unusual Items": NaN,
        "Total Unusual Items Excluding Goodwill": NaN,
        "Net Income From Continuing Operation Net Minority Interest": -1067000.0,
        "Reconciled Depreciation": 3235000.0,
        "Net Interest Income": 70424000.0,
        "Interest Expense": 45900000.0,
        "Interest Income": 116324000.0,
        "Normalized Income": -1067000.0,
        "Net Income From Continuing And Discontinued Operation": -1067000.0,
        "Diluted Average Shares": 21753711.0,
        "Basic Average Shares": 21733730.0,
        "Diluted EPS": -2.52,
        "Basic EPS": -2.52,
        "Diluted NI Availto Com Stockholders": -3267000.0,
        "Average Dilution Earnings": NaN,
        "Net Income Common Stockholders": -3267000.0,
        "Otherunder Preferred Stock Dividend": -28000.0,
        "Preferred Stock Dividends": 2228000.0,
        "Net Income": -1067000.0,
        "Net Income Including Noncontrolling Interests": -1067000.0,
        "Net Income Continuous Operations": -1067000.0,
        "Tax Provision": -1258000.0,
        "Pretax Income": -2325000.0,
        "Special Income Charges": NaN,
        "Write Off": NaN,
        "Impairment Of Capital Assets": NaN,
        "Gain On Sale Of Security": -34000.0,
        "Depreciation Amortization Depletion Income Statement": 952000.0,
        "Depreciation And Amortization In Income Statement": 952000.0,
        "Amortization": 952000.0,
        "Amortization Of Intangibles Income Statement": 952000.0,
        "Selling General And Administration": 25147000.0,
        "Selling And Marketing Expense": 1481000.0,
        "General And Administrative Expense": 23666000.0,
        "Insurance And Claims": 1383000.0,
        "Salaries And Wages": 22283000.0,
        "Total Revenue": 136581000.0,
        "Operating Revenue": 136581000.0,
        "Occupancy And Equipment": 4286000.0,
        "Professional Expense And Contract Services Expense": 1580000.0,
        "Other Non Interest Expense": 14551000.0
    },
    "2025-06-30": {
        "Tax Effect Of Unusual Items": 0.0,
        "Tax Rate For Calcs": 0.191283,
        "Total Unusual Items": 0.0,
        "Total Unusual Items Excluding Goodwill": 0.0,
        "Net Income From Continuing Operation Net Minority Interest": 12024000.0,
        "Reconciled Depreciation": 2997000.0,
        "Net Interest Income": 58695000.0,
        "Interest Expense": 39229000.0,
        "Interest Income": 97924000.0,
        "Normalized Income": 12024000.0,
        "Net Income From Continuing And Discontinued Operation": 12024000.0,
        "Diluted Average Shares": 21820190.0,
        "Basic Average Shares": 21820190.0,
        "Diluted EPS": 0.44,
        "Basic EPS": 0.44,
        "Diluted NI Availto Com Stockholders": 9633000.0,
        "Average Dilution Earnings": 0.0,
        "Net Income Common Stockholders": 9633000.0,
        "Otherunder Preferred Stock Dividend": 163000.0,
        "Preferred Stock Dividends": 2228000.0,
        "Net Income": 12024000.0,
        "Net Income Including Noncontrolling Interests": 12024000.0,
        "Net Income Continuous Operations": 12024000.0,
        "Tax Provision": 2844000.0,
        "Pretax Income": 14868000.0,
        "Special Income Charges": 0.0,
        "Write Off": NaN,
        "Impairment Of Capital Assets": 0.0,
        "Gain On Sale Of Security": 0.0,
        "Depreciation Amortization Depletion Income Statement": 827000.0,
        "Depreciation And Amortization In Income Statement": 827000.0,
        "Amortization": 827000.0,
        "Amortization Of Intangibles Income Statement": 827000.0,
        "Selling General And Administration": 28390000.0,
        "Selling And Marketing Expense": 1283000.0,
        "General And Administrative Expense": 27107000.0,
        "Insurance And Claims": 1422000.0,
        "Salaries And Wages": 25685000.0,
        "Total Revenue": 78853000.0,
        "Operating Revenue": 78853000.0,
        "Occupancy And Equipment": 4166000.0,
        "Professional Expense And Contract Services Expense": 2792000.0,
        "Other Non Interest Expense": 10441000.0
    }
}