{
    "2023-03-31": {
        "Tax Effect Of Unusual Items": NaN,
        "Tax Rate For Calcs": NaN,
        "Normalized EBITDA": NaN,
        "Total Unusual Items": NaN,
        "Total Unusual Items Excluding Goodwill": NaN,
        "Net Income From Continuing Operation Net Minority Interest": NaN,
        "Reconciled Depreciation": NaN,
        "Reconciled Cost Of Revenue": NaN,
        "EBITDA": NaN,
        "EBIT": NaN,
        "Net Interest Income": NaN,
        "Interest Expense": NaN,
        "Interest Income": NaN,
        "Normalized Income": NaN,
        "Net Income From Continuing And Discontinued Operation": NaN,
        "Total Expenses": NaN,
        "Total Operating Income As Reported": NaN,
        "Diluted Average Shares": NaN,
        "Basic Average Shares": NaN,
        "Diluted EPS": NaN,
        "Basic EPS": NaN,
        "Diluted NI Availto Com Stockholders": NaN,
        "Net Income Common Stockholders": NaN,
        "Otherunder Preferred Stock Dividend": -3579000.0,
        "Net Income": NaN,
        "Minority Interests": -100000.0,
        "Net Income Including Noncontrolling Interests": NaN,
        "Net Income Continuous Operations": NaN,
        "Tax Provision": NaN,
        "Pretax Income": NaN,
        "Other Income Expense": NaN,
        "Other Non Operating Income Expenses": 1000.0,
        "Special Income Charges": NaN,
        "Other Special Charges": NaN,
        "Gain On Sale Of Security": NaN,
        "Net Non Operating Interest Income Expense": NaN,
        "Total Other Finance Cost": NaN,
        "Interest Expense Non Operating": NaN,
        "Interest Income Non Operating": NaN,
        "Operating Income": NaN,
        "Operating Expense": NaN,
        "Other Operating Expenses": 5164000.0,
        "Depreciation Amortization Depletion Income Statement": NaN,
        "Depreciation And Amortization In Income Statement": NaN,
        "Amortization": 824000.0,
        "Amortization Of Intangibles Income Statement": 824000.0,
        "Depreciation Income Statement": NaN,
        "Selling General And Administration": NaN,
        "General And Administrative Expense": NaN,
        "Other Gand A": NaN,
        "Gross Profit": NaN,
        "Cost Of Revenue": NaN,
        "Total Revenue": NaN,
        "Operating Revenue": NaN
    },
    "2022-12-31": {
        "Tax Effect Of Unusual Items": NaN,
        "Tax Rate For Calcs": NaN,
        "Normalized EBITDA": NaN,
        "Total Unusual Items": NaN,
        "Total Unusual Items Excluding Goodwill": NaN,
        "Net Income From Continuing Operation Net Minority Interest": NaN,
        "Reconciled Depreciation": NaN,
        "Reconciled Cost Of Revenue": NaN,
        "EBITDA": NaN,
        "EBIT": NaN,
        "Net Interest Income": NaN,
        "Interest Expense": NaN,
        "Interest Income": NaN,
        "Normalized Income": NaN,
        "Net Income From Continuing And Discontinued Operation": NaN,
        "Total Expenses": NaN,
        "Total Operating Income As Reported": NaN,
        "Diluted Average Shares": 192588175.0,
        "Basic Average Shares": 192588175.0,
        "Diluted EPS": -0.444,
        "Basic EPS": -0.444,
        "Diluted NI Availto Com Stockholders": NaN,
        "Net Income Common Stockholders": NaN,
        "Otherunder Preferred Stock Dividend": NaN,
        "Net Income": NaN,
        "Minority Interests": 34007000.0,
        "Net Income Including Noncontrolling Interests": NaN,
        "Net Income Continuous Operations": NaN,
        "Tax Provision": NaN,
        "Pretax Income": NaN,
        "Other Income Expense": NaN,
        "Other Non Operating Income Expenses": NaN,
        "Special Income Charges": 1731000.0,
        "Other Special Charges": NaN,
        "Gain On Sale Of Security": NaN,
        "Net Non Operating Interest Income Expense": NaN,
        "Total Other Finance Cost": NaN,
        "Interest Expense Non Operating": NaN,
        "Interest Income Non Operating": NaN,
        "Operating Income": NaN,
        "Operating Expense": NaN,
        "Other Operating Expenses": 5272000.0,
        "Depreciation Amortization Depletion Income Statement": NaN,
        "Depreciation And Amortization In Income Statement": NaN,
        "Amortization": 826000.0,
        "Amortization Of Intangibles Income Statement": 826000.0,
        "Depreciation Income Statement": NaN,
        "Selling General And Administration": NaN,
        "General And Administrative Expense": NaN,
        "Other Gand A": NaN,
        "Gross Profit": NaN,
        "Cost Of Revenue": NaN,
        "Total Revenue": NaN,
        "Operating Revenue": NaN
    },
    "2022-09-30": {
        "Tax Effect Of Unusual Items": NaN,
        "Tax Rate For Calcs": NaN,
        "Normalized EBITDA": NaN,
        "Total Unusual Items": NaN,
        "Total Unusual Items Excluding Goodwill": NaN,
        "Net Income From Continuing Operation Net Minority Interest": NaN,
        "Reconciled Depreciation": NaN,
        "Reconciled Cost Of Revenue": NaN,
        "EBITDA": NaN,
        "EBIT": NaN,
        "Net Interest Income": NaN,
        "Interest Expense": NaN,
        "Interest Income": NaN,
        "Normalized Income": NaN,
        "Net Income From Continuing And Discontinued Operation": NaN,
        "Total Expenses": NaN,
        "Total Operating Income As Reported": NaN,
        "Diluted Average Shares": 192588175.0,
        "Basic Average Shares": 192588175.0,
        "Diluted EPS": -0.444,
        "Basic EPS": -0.444,
        "Diluted NI Availto Com Stockholders": NaN,
        "Net Income Common Stockholders": NaN,
        "Otherunder Preferred Stock Dividend": -8016000.0,
        "Net Income": NaN,
        "Minority Interests": 324000.0,
        "Net Income Including Noncontrolling Interests": NaN,
        "Net Income Continuous Operations": NaN,
        "Tax Provision": NaN,
        "Pretax Income": NaN,
        "Other Income Expense": NaN,
        "Other Non Operating Income Expenses": NaN,
        "Special Income Charges": -785000.0,
        "Other Special Charges": 785000.0,
        "Gain On Sale Of Security": NaN,
        "Net Non Operating Interest Income Expense": NaN,
        "Total Other Finance Cost": NaN,
        "Interest Expense Non Operating": NaN,
        "Interest Income Non Operating": NaN,
        "Operating Income": NaN,
        "Operating Expense": NaN,
        "Other Operating Expenses": 369000.0,
        "Depreciation Amortization Depletion Income Statement": NaN,
        "Depreciation And Amortization In Income Statement": NaN,
        "Amortization": 823000.0,
        "Amortization Of Intangibles Income Statement": 823000.0,
        "Depreciation Income Statement": NaN,
        "Selling General And Administration": NaN,
        "General And Administrative Expense": NaN,
        "Other Gand A": NaN,
        "Gross Profit": NaN,
        "Cost Of Revenue": NaN,
        "Total Revenue": NaN,
        "Operating Revenue": NaN
    },
    "2022-06-30": {
        "Tax Effect Of Unusual Items": 2620.788072,
        "Tax Rate For Calcs": 0.001267,
        "Normalized EBITDA": -39810000.0,
        "Total Unusual Items": 2068000.0,
        "Total Unusual Items Excluding Goodwill": 2068000.0,
        "Net Income From Continuing Operation Net Minority Interest": -93492000.0,
        "Reconciled Depreciation": 31715000.0,
        "Reconciled Cost Of Revenue": 16739000.0,
        "EBITDA": -37742000.0,
        "EBIT": -69457000.0,
        "Net Interest Income": -23282000.0,
        "Interest Expense": 24443000.0,
        "Interest Income": 1265000.0,
        "Normalized Income": -95557379.211928,
        "Net Income From Continuing And Discontinued Operation": -93492000.0,
        "Total Expenses": 70798000.0,
        "Total Operating Income As Reported": -72686000.0,
        "Diluted Average Shares": 192588175.0,
        "Basic Average Shares": 192588175.0,
        "Diluted EPS": -0.444,
        "Basic EPS": -0.444,
        "Diluted NI Availto Com Stockholders": -93492000.0,
        "Net Income Common Stockholders": -93492000.0,
        "Otherunder Preferred Stock Dividend": -8061000.0,
        "Net Income": -93492000.0,
        "Minority Interests": 289000.0,
        "Net Income Including Noncontrolling Interests": -93781000.0,
        "Net Income Continuous Operations": -93781000.0,
        "Tax Provision": -119000.0,
        "Pretax Income": -93900000.0,
        "Other Income Expense": 2068000.0,
        "Other Non Operating Income Expenses": NaN,
        "Special Income Charges": 0.0,
        "Gain On Sale Of Security": 2068000.0,
        "Net Non Operating Interest Income Expense": -23282000.0,
        "Total Other Finance Cost": 104000.0,
        "Interest Expense Non Operating": 24443000.0,
        "Interest Income Non Operating": 1265000.0,
        "Operating Income": -72686000.0,
        "Operating Expense": 54059000.0,
        "Other Operating Expenses": 358000.0,
        "Depreciation Amortization Depletion Income Statement": 31715000.0,
        "Depreciation And Amortization In Income Statement": 31715000.0,
        "Amortization": 824000.0,
        "Amortization Of Intangibles Income Statement": 824000.0,
        "Depreciation Income Statement": 30891000.0,
        "Selling General And Administration": 21986000.0,
        "General And Administrative Expense": 21986000.0,
        "Other Gand A": 21986000.0,
        "Gross Profit": -18627000.0,
        "Cost Of Revenue": 16739000.0,
        "Total Revenue": -1888000.0,
        "Operating Revenue": -1888000.0
    },
    "2023-05-31": {
        "Diluted EPS": 1.69,
        "Total Revenue": NaN,
        "Gross Profit": 429,
        "Operating Income": 135,
        "EBIT": 154,
        "Net Income": 95
    },
    "2023-02-28": {
        "Diluted EPS": 1.41,
        "Total Revenue": 962,
        "Gross Profit": 397,
        "Operating Income": 114,
        "EBIT": 133,
        "Net Income": 79
    },
    "2022-11-30": {
        "Diluted EPS": 1.45,
        "Total Revenue": 958,
        "Gross Profit": 398,
        "Operating Income": 116,
        "EBIT": 135,
        "Net Income": 81
    },
    "2022-08-31": {
        "Diluted EPS": 1.85,
        "Total Revenue": NaN,
        "Gross Profit": 428,
        "Operating Income": 144,
        "EBIT": 162,
        "Net Income": 104
    },
    "2022-05-31": {
        "Diluted EPS": 1.78,
        "Total Revenue": 959,
        "Gross Profit": 411,
        "Operating Income": 137,
        "EBIT": 154,
        "Net Income": 100
    },
    "2022-02-28": {
        "Diluted EPS": 1.25,
        "Total Revenue": 863,
        "Gross Profit": 366,
        "Operating Income": 97,
        "EBIT": 115,
        "Net Income": 70
    },
    "2021-11-30": {
        "Diluted EPS": 1.18,
        "Total Revenue": 849,
        "Gross Profit": 353,
        "Operating Income": 91,
        "EBIT": 108,
        "Net Income": 66
    },
    "2021-08-31": {
        "Diluted EPS": 1.18,
        "Total Revenue": 831,
        "Gross Profit": 349,
        "Operating Income": 91,
        "EBIT": 108,
        "Net Income": 66
    },
    "2021-05-31": {
        "Diluted EPS": 1.68,
        "Total Revenue": 866,
        "Gross Profit": 366,
        "Operating Income": 129,
        "EBIT": 146,
        "Net Income": 94
    },
    "2021-02-28": {
        "Diluted EPS": 0.32,
        "Total Revenue": 774,
        "Gross Profit": 295,
        "Operating Income": 28,
        "EBIT": 45,
        "Net Income": 18
    },
    "2020-11-30": {
        "Diluted EPS": 0.69,
        "Total Revenue": 772,
        "Gross Profit": 323,
        "Operating Income": 54,
        "EBIT": 71,
        "Net Income": 38
    },
    "2020-08-31": {
        "Diluted EPS": 0.93,
        "Total Revenue": 748,
        "Gross Profit": 311,
        "Operating Income": 73,
        "EBIT": 91,
        "Net Income": 52
    },
    "2020-05-31": {
        "Diluted EPS": 1.4,
        "Total Revenue": 835,
        "Gross Profit": 354,
        "Operating Income": 110,
        "EBIT": 127,
        "Net Income": 78
    },
    "2020-02-29": {
        "Diluted EPS": 1.0,
        "Total Revenue": 786,
        "Gross Profit": 331,
        "Operating Income": 78,
        "EBIT": 95,
        "Net Income": 56
    },
    "2019-11-30": {
        "Diluted EPS": 1.18,
        "Total Revenue": 824,
        "Gross Profit": 347,
        "Operating Income": 90,
        "EBIT": 107,
        "Net Income": 65
    },
    "2019-08-31": {
        "Diluted EPS": 1.19,
        "Total Revenue": 843,
        "Gross Profit": 354,
        "Operating Income": 91,
        "EBIT": 107,
        "Net Income": 67
    },
    "2019-05-31": {
        "Diluted EPS": 1.44,
        "Total Revenue": 867,
        "Gross Profit": 369,
        "Operating Income": 111,
        "EBIT": 127,
        "Net Income": 80
    },
    "2019-02-28": {
        "Diluted EPS": 1.24,
        "Total Revenue": 823,
        "Gross Profit": 352,
        "Operating Income": 96,
        "EBIT": 112,
        "Net Income": 68
    },
    "2018-11-30": {
        "Diluted EPS": 1.33,
        "Total Revenue": 832,
        "Gross Profit": 358,
        "Operating Income": 103,
        "EBIT": 119,
        "Net Income": 74
    },
    "2018-08-31": {
        "Diluted EPS": 1.3,
        "Total Revenue": 838,
        "Gross Profit": 360,
        "Operating Income": 108,
        "EBIT": 124,
        "Net Income": 73
    },
    "2018-05-31": {
        "Diluted EPS": 1.39,
        "Total Revenue": 828,
        "Gross Profit": 361,
        "Operating Income": 115,
        "EBIT": 131,
        "Net Income": 79
    },
    "2018-02-28": {
        "Diluted EPS": 2.06,
        "Total Revenue": 769,
        "Gross Profit": 337,
        "Operating Income": 98,
        "EBIT": 114,
        "Net Income": 118
    },
    "2017-11-30": {
        "Diluted EPS": 1.05,
        "Total Revenue": 769,
        "Gross Profit": 335,
        "Operating Income": 99,
        "EBIT": 115,
        "Net Income": 60
    },
    "2017-08-31": {
        "Diluted EPS": 1.07,
        "Total Revenue": 754,
        "Gross Profit": 333,
        "Operating Income": 100,
        "EBIT": 116,
        "Net Income": 61
    },
    "2017-05-31": {
        "Diluted EPS": 1.09,
        "Total Revenue": 744,
        "Gross Profit": 330,
        "Operating Income": 102,
        "EBIT": 118,
        "Net Income": 63
    },
    "2017-02-28": {
        "Diluted EPS": 0.93,
        "Total Revenue": 704,
        "Gross Profit": 315,
        "Operating Income": 87,
        "EBIT": 102,
        "Net Income": 54
    },
    "2016-11-30": {
        "Diluted EPS": 0.96,
        "Total Revenue": 686,
        "Gross Profit": 309,
        "Operating Income": 91,
        "EBIT": 106,
        "Net Income": 54
    },
    "2016-08-31": {
        "Diluted EPS": 1.03,
        "Total Revenue": 745,
        "Gross Profit": 334,
        "Operating Income": 99,
        "EBIT": 118,
        "Net Income": 62
    },
    "2016-05-31": {
        "Diluted EPS": 1.05,
        "Total Revenue": 727,
        "Gross Profit": 327,
        "Operating Income": 106,
        "EBIT": 124,
        "Net Income": 65
    },
    "2016-02-29": {
        "Diluted EPS": 0.8,
        "Total Revenue": 684,
        "Gross Profit": 309,
        "Operating Income": 81,
        "EBIT": 98,
        "Net Income": 50
    },
    "2015-11-30": {
        "Diluted EPS": 0.89,
        "Total Revenue": 707,
        "Gross Profit": 319,
        "Operating Income": 90,
        "EBIT": 108,
        "Net Income": 55
    },
    "2015-08-31": {
        "Diluted EPS": 0.97,
        "Total Revenue": 727,
        "Gross Profit": 327,
        "Operating Income": 95,
        "EBIT": 113,
        "Net Income": 60
    },
    "2015-05-31": {
        "Diluted EPS": 1.03,
        "Total Revenue": 745,
        "Gross Profit": 338,
        "Operating Income": 104,
        "EBIT": 122,
        "Net Income": 63
    },
    "2015-02-28": {
        "Diluted EPS": 0.83,
        "Total Revenue": 706,
        "Gross Profit": 321,
        "Operating Income": 86,
        "EBIT": 103,
        "Net Income": 52
    },
    "2014-11-30": {
        "Diluted EPS": 0.91,
        "Total Revenue": 731,
        "Gross Profit": 330,
        "Operating Income": 94,
        "EBIT": 111,
        "Net Income": 56
    },
    "2014-08-31": {
        "Diluted EPS": 1.01,
        "Total Revenue": 727,
        "Gross Profit": 331,
        "Operating Income": 100,
        "EBIT": 116,
        "Net Income": 62
    },
    "2014-05-31": {
        "Diluted EPS": 1.03,
        "Total Revenue": 720,
        "Gross Profit": 333,
        "Operating Income": 105,
        "EBIT": 121,
        "Net Income": 64
    },
    "2014-02-28": {
        "Diluted EPS": 0.79,
        "Total Revenue": 662,
        "Gross Profit": 307,
        "Operating Income": 82,
        "EBIT": 98,
        "Net Income": 49
    },
    "2013-11-30": {
        "Diluted EPS": 0.93,
        "Total Revenue": 679,
        "Gross Profit": 315,
        "Operating Income": 97,
        "EBIT": 113,
        "Net Income": 59
    },
    "2013-08-31": {
        "Diluted EPS": 0.89,
        "Total Revenue": 674,
        "Gross Profit": 308,
        "Operating Income": 92,
        "EBIT": 108,
        "Net Income": 56
    },
    "2013-05-31": {
        "Diluted EPS": 0.98,
        "Total Revenue": 637,
        "Gross Profit": 290,
        "Operating Income": 100,
        "EBIT": 113,
        "Net Income": 62
    },
    "2013-02-28": {
        "Diluted EPS": 0.88,
        "Total Revenue": 569,
        "Gross Profit": 256,
        "Operating Income": 91,
        "EBIT": 102,
        "Net Income": 56
    },
    "2012-11-30": {
        "Diluted EPS": 1.0,
        "Total Revenue": 577,
        "Gross Profit": 265,
        "Operating Income": 102,
        "EBIT": 112,
        "Net Income": 63
    },
    "2012-08-31": {
        "Diluted EPS": 1.09,
        "Total Revenue": 635,
        "Gross Profit": 287,
        "Operating Income": 108,
        "EBIT": 117,
        "Net Income": 68
    },
    "2012-05-31": {
        "Diluted EPS": 1.1,
        "Total Revenue": 612,
        "Gross Profit": 280,
        "Operating Income": 111,
        "EBIT": 120,
        "Net Income": 70
    },
    "2012-02-29": {
        "Diluted EPS": 0.95,
        "Total Revenue": 563,
        "Gross Profit": 259,
        "Operating Income": 97,
        "EBIT": 105,
        "Net Income": 60
    },
    "2011-11-30": {
        "Diluted EPS": 0.95,
        "Total Revenue": 546,
        "Gross Profit": 252,
        "Operating Income": 97,
        "EBIT": 105,
        "Net Income": 59
    },
    "2011-08-31": {
        "Diluted EPS": 0.93,
        "Total Revenue": 533,
        "Gross Profit": 245,
        "Operating Income": 94,
        "EBIT": 102,
        "Net Income": 59
    },
    "2011-05-31": {
        "Diluted EPS": 0.97,
        "Total Revenue": 532,
        "Gross Profit": 252,
        "Operating Income": 98,
        "EBIT": 105,
        "Net Income": 62
    },
    "2011-02-28": {
        "Diluted EPS": 0.78,
        "Total Revenue": 483,
        "Gross Profit": 226,
        "Operating Income": 81,
        "EBIT": 88,
        "Net Income": 49
    },
    "2010-11-30": {
        "Diluted EPS": 0.75,
        "Total Revenue": 473,
        "Gross Profit": 218,
        "Operating Income": 77,
        "EBIT": 84,
        "Net Income": 47
    },
    "2010-08-31": {
        "Diluted EPS": 0.7,
        "Total Revenue": 461,
        "Gross Profit": 207,
        "Operating Income": 71,
        "EBIT": 77,
        "Net Income": 44
    },
    "2010-05-31": {
        "Diluted EPS": 0.69,
        "Total Revenue": 450,
        "Gross Profit": 205,
        "Operating Income": 70,
        "EBIT": 77,
        "Net Income": 44
    },
    "2010-02-28": {
        "Diluted EPS": 0.48,
        "Total Revenue": 395,
        "Gross Profit": 179,
        "Operating Income": 50,
        "EBIT": 56,
        "Net Income": 30
    },
    "2009-11-30": {
        "Diluted EPS": 0.5,
        "Total Revenue": 385,
        "Gross Profit": 176,
        "Operating Income": 51,
        "EBIT": 58,
        "Net Income": 31
    },
    "2009-08-31": {
        "Diluted EPS": 0.41,
        "Total Revenue": 354,
        "Gross Profit": 159,
        "Operating Income": 42,
        "EBIT": 49,
        "Net Income": 26
    },
    "2009-05-31": {
        "Diluted EPS": 0.44,
        "Total Revenue": 350,
        "Gross Profit": 161,
        "Operating Income": 45,
        "EBIT": 52,
        "Net Income": 28
    },
    "2009-02-28": {
        "Diluted EPS": 0.42,
        "Total Revenue": 352,
        "Gross Profit": 164,
        "Operating Income": 43,
        "EBIT": 50,
        "Net Income": 26
    },
    "2023-06-30": {
        "Tax Effect Of Unusual Items": NaN,
        "Tax Rate For Calcs": NaN,
        "Normalized EBITDA": NaN,
        "Total Unusual Items": NaN,
        "Total Unusual Items Excluding Goodwill": NaN,
        "Net Income From Continuing Operation Net Minority Interest": NaN,
        "Reconciled Depreciation": NaN,
        "Reconciled Cost Of Revenue": NaN,
        "EBITDA": NaN,
        "EBIT": NaN,
        "Net Interest Income": NaN,
        "Interest Expense": NaN,
        "Interest Income": NaN,
        "Normalized Income": NaN,
        "Net Income From Continuing And Discontinued Operation": NaN,
        "Total Expenses": NaN,
        "Total Operating Income As Reported": NaN,
        "Diluted Average Shares": 192588175.0,
        "Basic Average Shares": 192588175.0,
        "Diluted EPS": -0.252,
        "Basic EPS": -0.252,
        "Diluted NI Availto Com Stockholders": NaN,
        "Net Income Common Stockholders": NaN,
        "Otherunder Preferred Stock Dividend": -4565000.0,
        "Net Income": NaN,
        "Minority Interests": 4565000.0,
        "Net Income Including Noncontrolling Interests": NaN,
        "Net Income Continuous Operations": NaN,
        "Tax Provision": NaN,
        "Pretax Income": NaN,
        "Other Income Expense": NaN,
        "Other Non Operating Income Expenses": -62000.0,
        "Special Income Charges": NaN,
        "Other Special Charges": NaN,
        "Gain On Sale Of Security": NaN,
        "Net Non Operating Interest Income Expense": NaN,
        "Total Other Finance Cost": NaN,
        "Interest Expense Non Operating": NaN,
        "Interest Income Non Operating": NaN,
        "Operating Income": NaN,
        "Operating Expense": NaN,
        "Other Operating Expenses": 4833000.0,
        "Depreciation Amortization Depletion Income Statement": NaN,
        "Depreciation And Amortization In Income Statement": NaN,
        "Amortization": 824000.0,
        "Amortization Of Intangibles Income Statement": 824000.0,
        "Depreciation Income Statement": NaN,
        "Selling General And Administration": NaN,
        "General And Administrative Expense": NaN,
        "Other Gand A": NaN,
        "Gross Profit": NaN,
        "Cost Of Revenue": NaN,
        "Total Revenue": NaN,
        "Operating Revenue": NaN
    },
    "2023-09-30": {
        "Tax Effect Of Unusual Items": NaN,
        "Tax Rate For Calcs": NaN,
        "Normalized EBITDA": NaN,
        "Total Unusual Items": NaN,
        "Total Unusual Items Excluding Goodwill": NaN,
        "Net Income From Continuing Operation Net Minority Interest": NaN,
        "Reconciled Depreciation": NaN,
        "Reconciled Cost Of Revenue": NaN,
        "EBITDA": NaN,
        "EBIT": NaN,
        "Net Interest Income": NaN,
        "Interest Expense": NaN,
        "Interest Income": NaN,
        "Normalized Income": NaN,
        "Net Income From Continuing And Discontinued Operation": NaN,
        "Total Expenses": NaN,
        "Total Operating Income As Reported": NaN,
        "Diluted Average Shares": 192588175.0,
        "Basic Average Shares": 192588175.0,
        "Diluted EPS": -0.148,
        "Basic EPS": -0.148,
        "Diluted NI Availto Com Stockholders": NaN,
        "Net Income Common Stockholders": NaN,
        "Otherunder Preferred Stock Dividend": -2669000.0,
        "Net Income": NaN,
        "Minority Interests": 2669000.0,
        "Net Income Including Noncontrolling Interests": NaN,
        "Net Income Continuous Operations": NaN,
        "Tax Provision": NaN,
        "Pretax Income": NaN,
        "Other Income Expense": NaN,
        "Other Non Operating Income Expenses": 0.0,
        "Special Income Charges": -7543000.0,
        "Other Special Charges": 7543000.0,
        "Gain On Sale Of Security": NaN,
        "Net Non Operating Interest Income Expense": NaN,
        "Total Other Finance Cost": NaN,
        "Interest Expense Non Operating": NaN,
        "Interest Income Non Operating": NaN,
        "Operating Income": NaN,
        "Operating Expense": NaN,
        "Other Operating Expenses": NaN,
        "Depreciation Amortization Depletion Income Statement": NaN,
        "Depreciation And Amortization In Income Statement": NaN,
        "Amortization": NaN,
        "Amortization Of Intangibles Income Statement": NaN,
        "Depreciation Income Statement": NaN,
        "Selling General And Administration": NaN,
        "General And Administrative Expense": NaN,
        "Other Gand A": NaN,
        "Gross Profit": NaN,
        "Cost Of Revenue": NaN,
        "Total Revenue": NaN,
        "Operating Revenue": NaN
    },
    "2023-12-31": {
        "Tax Effect Of Unusual Items": 3389.657541,
        "Tax Rate For Calcs": 0.000196,
        "Normalized EBITDA": 48841000.0,
        "Total Unusual Items": 17272000.0,
        "Total Unusual Items Excluding Goodwill": 17272000.0,
        "Net Income From Continuing Operation Net Minority Interest": -7811000.0,
        "Reconciled Depreciation": 50734000.0,
        "Reconciled Cost Of Revenue": 42050000.0,
        "EBITDA": 66113000.0,
        "EBIT": 15379000.0,
        "Net Interest Income": -33365000.0,
        "Interest Expense": 35761000.0,
        "Interest Income": 2502000.0,
        "Normalized Income": -25079610.342459,
        "Net Income From Continuing And Discontinued Operation": -7811000.0,
        "Total Expenses": 145534000.0,
        "Total Operating Income As Reported": 13337000.0,
        "Diluted Average Shares": NaN,
        "Basic Average Shares": NaN,
        "Diluted EPS": NaN,
        "Basic EPS": NaN,
        "Diluted NI Availto Com Stockholders": -18624000.0,
        "Net Income Common Stockholders": -18624000.0,
        "Otherunder Preferred Stock Dividend": NaN,
        "Net Income": -7811000.0,
        "Minority Interests": NaN,
        "Net Income Including Noncontrolling Interests": -20378000.0,
        "Net Income Continuous Operations": -20378000.0,
        "Tax Provision": -4000.0,
        "Pretax Income": -20382000.0,
        "Other Income Expense": 17266000.0,
        "Other Non Operating Income Expenses": -6000.0,
        "Special Income Charges": 19151000.0,
        "Other Special Charges": -19151000.0,
        "Gain On Sale Of Security": -1879000.0,
        "Net Non Operating Interest Income Expense": -33365000.0,
        "Total Other Finance Cost": 106000.0,
        "Interest Expense Non Operating": 35761000.0,
        "Interest Income Non Operating": 2502000.0,
        "Operating Income": -4283000.0,
        "Operating Expense": 103484000.0,
        "Other Operating Expenses": NaN,
        "Depreciation Amortization Depletion Income Statement": 50734000.0,
        "Depreciation And Amortization In Income Statement": 50734000.0,
        "Amortization": NaN,
        "Amortization Of Intangibles Income Statement": NaN,
        "Depreciation Income Statement": 50734000.0,
        "Selling General And Administration": 35299000.0,
        "General And Administrative Expense": 35299000.0,
        "Other Gand A": 35299000.0,
        "Gross Profit": 99201000.0,
        "Cost Of Revenue": 42050000.0,
        "Total Revenue": 141251000.0,
        "Operating Revenue": 141251000.0
    },
    "2024-03-31": {
        "Tax Effect Of Unusual Items": 158400.0,
        "Tax Rate For Calcs": 0.12,
        "Normalized EBITDA": 67685000.0,
        "Total Unusual Items": 1320000.0,
        "Total Unusual Items Excluding Goodwill": 1320000.0,
        "Net Income From Continuing Operation Net Minority Interest": -15951000.0,
        "Reconciled Depreciation": 50122000.0,
        "Reconciled Cost Of Revenue": 48565000.0,
        "EBITDA": 69005000.0,
        "EBIT": 18883000.0,
        "Net Interest Income": -33307000.0,
        "Interest Expense": 34791000.0,
        "Interest Income": 1588000.0,
        "Normalized Income": -17112600.0,
        "Net Income From Continuing And Discontinued Operation": -15951000.0,
        "Total Expenses": 134078000.0,
        "Total Operating Income As Reported": 16079000.0,
        "Diluted Average Shares": 192588175.0,
        "Basic Average Shares": 192588175.0,
        "Diluted EPS": -0.076,
        "Basic EPS": -0.076,
        "Diluted NI Availto Com Stockholders": -14579000.0,
        "Net Income Common Stockholders": -14579000.0,
        "Otherunder Preferred Stock Dividend": -1372000.0,
        "Net Income": -15951000.0,
        "Minority Interests": NaN,
        "Net Income Including Noncontrolling Interests": -15951000.0,
        "Net Income Continuous Operations": -15951000.0,
        "Tax Provision": 43000.0,
        "Pretax Income": -15908000.0,
        "Other Income Expense": 1320000.0,
        "Other Non Operating Income Expenses": NaN,
        "Special Income Charges": NaN,
        "Other Special Charges": NaN,
        "Gain On Sale Of Security": 1320000.0,
        "Net Non Operating Interest Income Expense": -33307000.0,
        "Total Other Finance Cost": 104000.0,
        "Interest Expense Non Operating": 34791000.0,
        "Interest Income Non Operating": 1588000.0,
        "Operating Income": 16079000.0,
        "Operating Expense": 85513000.0,
        "Other Operating Expenses": -1000.0,
        "Depreciation Amortization Depletion Income Statement": 50122000.0,
        "Depreciation And Amortization In Income Statement": 50122000.0,
        "Amortization": NaN,
        "Amortization Of Intangibles Income Statement": NaN,
        "Depreciation Income Statement": 50122000.0,
        "Selling General And Administration": 35392000.0,
        "General And Administrative Expense": 35392000.0,
        "Other Gand A": 35392000.0,
        "Gross Profit": 101592000.0,
        "Cost Of Revenue": 48565000.0,
        "Total Revenue": 150157000.0,
        "Operating Revenue": 150157000.0
    },
    "2024-06-30": {
        "Tax Effect Of Unusual Items": -303000.0,
        "Tax Rate For Calcs": 0.12,
        "Normalized EBITDA": 54522000.0,
        "Total Unusual Items": -2525000.0,
        "Total Unusual Items Excluding Goodwill": -2525000.0,
        "Net Income From Continuing Operation Net Minority Interest": -33431000.0,
        "Reconciled Depreciation": 50326000.0,
        "Reconciled Cost Of Revenue": 59766000.0,
        "EBITDA": 51997000.0,
        "EBIT": 1671000.0,
        "Net Interest Income": -32422000.0,
        "Interest Expense": 33646000.0,
        "Interest Income": 1328000.0,
        "Normalized Income": -31209000.0,
        "Net Income From Continuing And Discontinued Operation": -33431000.0,
        "Total Expenses": 158523000.0,
        "Total Operating Income As Reported": 2972000.0,
        "Diluted Average Shares": 192588175.0,
        "Basic Average Shares": 192588175.0,
        "Diluted EPS": -0.172,
        "Basic EPS": -0.172,
        "Diluted NI Availto Com Stockholders": -33431000.0,
        "Net Income Common Stockholders": -33431000.0,
        "Otherunder Preferred Stock Dividend": NaN,
        "Net Income": -33431000.0,
        "Minority Interests": 3147000.0,
        "Net Income Including Noncontrolling Interests": -36578000.0,
        "Net Income Continuous Operations": -36578000.0,
        "Tax Provision": 4603000.0,
        "Pretax Income": -31975000.0,
        "Other Income Expense": -2525000.0,
        "Other Non Operating Income Expenses": NaN,
        "Special Income Charges": -869000.0,
        "Other Special Charges": 869000.0,
        "Gain On Sale Of Security": -1656000.0,
        "Net Non Operating Interest Income Expense": -32422000.0,
        "Total Other Finance Cost": 104000.0,
        "Interest Expense Non Operating": 33646000.0,
        "Interest Income Non Operating": 1328000.0,
        "Operating Income": 2972000.0,
        "Operating Expense": 98757000.0,
        "Other Operating Expenses": 747000.0,
        "Depreciation Amortization Depletion Income Statement": 50326000.0,
        "Depreciation And Amortization In Income Statement": 50326000.0,
        "Amortization": NaN,
        "Amortization Of Intangibles Income Statement": NaN,
        "Depreciation Income Statement": 50326000.0,
        "Selling General And Administration": 47684000.0,
        "General And Administrative Expense": 47684000.0,
        "Other Gand A": 47684000.0,
        "Gross Profit": 101729000.0,
        "Cost Of Revenue": 59766000.0,
        "Total Revenue": 161495000.0,
        "Operating Revenue": 161495000.0
    },
    "2024-09-30": {
        "Tax Effect Of Unusual Items": -488280.0,
        "Tax Rate For Calcs": 0.12,
        "Normalized EBITDA": 68265000.0,
        "Total Unusual Items": -4069000.0,
        "Total Unusual Items Excluding Goodwill": -4069000.0,
        "Net Income From Continuing Operation Net Minority Interest": -20968000.0,
        "Reconciled Depreciation": 51846000.0,
        "Reconciled Cost Of Revenue": 61207000.0,
        "EBITDA": 64196000.0,
        "EBIT": 12350000.0,
        "Net Interest Income": -32366000.0,
        "Interest Expense": 32785000.0,
        "Interest Income": 524000.0,
        "Normalized Income": -17387280.0,
        "Net Income From Continuing And Discontinued Operation": -20968000.0,
        "Total Expenses": 158630000.0,
        "Total Operating Income As Reported": 15977000.0,
        "Diluted Average Shares": 192588175.0,
        "Basic Average Shares": 192588175.0,
        "Diluted EPS": -0.108,
        "Basic EPS": -0.108,
        "Diluted NI Availto Com Stockholders": -20968000.0,
        "Net Income Common Stockholders": -20968000.0,
        "Otherunder Preferred Stock Dividend": NaN,
        "Net Income": -20968000.0,
        "Minority Interests": 1974000.0,
        "Net Income Including Noncontrolling Interests": -22942000.0,
        "Net Income Continuous Operations": -22942000.0,
        "Tax Provision": 2507000.0,
        "Pretax Income": -20435000.0,
        "Other Income Expense": -4069000.0,
        "Other Non Operating Income Expenses": NaN,
        "Special Income Charges": -137000.0,
        "Other Special Charges": 137000.0,
        "Gain On Sale Of Security": -3932000.0,
        "Net Non Operating Interest Income Expense": -32366000.0,
        "Total Other Finance Cost": 105000.0,
        "Interest Expense Non Operating": 32785000.0,
        "Interest Income Non Operating": 524000.0,
        "Operating Income": 16000000.0,
        "Operating Expense": 97423000.0,
        "Other Operating Expenses": NaN,
        "Depreciation Amortization Depletion Income Statement": 51846000.0,
        "Depreciation And Amortization In Income Statement": 51846000.0,
        "Amortization": NaN,
        "Amortization Of Intangibles Income Statement": NaN,
        "Depreciation Income Statement": 51846000.0,
        "Selling General And Administration": 45577000.0,
        "General And Administrative Expense": 45577000.0,
        "Other Gand A": 45577000.0,
        "Gross Profit": 113423000.0,
        "Cost Of Revenue": 61207000.0,
        "Total Revenue": 174630000.0,
        "Operating Revenue": 174630000.0
    },
    "2024-12-31": {
        "Tax Effect Of Unusual Items": -50400.0,
        "Tax Rate For Calcs": 0.12,
        "Normalized EBITDA": 55397000.0,
        "Total Unusual Items": -420000.0,
        "Total Unusual Items Excluding Goodwill": -420000.0,
        "Net Income From Continuing Operation Net Minority Interest": -27748000.0,
        "Reconciled Depreciation": 52766000.0,
        "Reconciled Cost Of Revenue": 54381000.0,
        "EBITDA": 54977000.0,
        "EBIT": 2211000.0,
        "Net Interest Income": -32032000.0,
        "Interest Expense": 32372000.0,
        "Interest Income": 619000.0,
        "Normalized Income": -27378400.0,
        "Net Income From Continuing And Discontinued Operation": -27748000.0,
        "Total Expenses": 150572000.0,
        "Total Operating Income As Reported": 3120000.0,
        "Diluted Average Shares": NaN,
        "Basic Average Shares": NaN,
        "Diluted EPS": NaN,
        "Basic EPS": NaN,
        "Diluted NI Availto Com Stockholders": -27748000.0,
        "Net Income Common Stockholders": -27748000.0,
        "Otherunder Preferred Stock Dividend": NaN,
        "Net Income": -27748000.0,
        "Minority Interests": 2612000.0,
        "Net Income Including Noncontrolling Interests": -30360000.0,
        "Net Income Continuous Operations": -30360000.0,
        "Tax Provision": 199000.0,
        "Pretax Income": -30161000.0,
        "Other Income Expense": -420000.0,
        "Other Non Operating Income Expenses": NaN,
        "Special Income Charges": 812000.0,
        "Other Special Charges": -812000.0,
        "Gain On Sale Of Security": -1232000.0,
        "Net Non Operating Interest Income Expense": -32032000.0,
        "Total Other Finance Cost": 279000.0,
        "Interest Expense Non Operating": 32372000.0,
        "Interest Income Non Operating": 619000.0,
        "Operating Income": 2291000.0,
        "Operating Expense": 96191000.0,
        "Other Operating Expenses": NaN,
        "Depreciation Amortization Depletion Income Statement": 52766000.0,
        "Depreciation And Amortization In Income Statement": 52766000.0,
        "Amortization": NaN,
        "Amortization Of Intangibles Income Statement": NaN,
        "Depreciation Income Statement": 52766000.0,
        "Selling General And Administration": 42618000.0,
        "General And Administrative Expense": 42618000.0,
        "Other Gand A": 42618000.0,
        "Gross Profit": 98482000.0,
        "Cost Of Revenue": 54381000.0,
        "Total Revenue": 152863000.0,
        "Operating Revenue": 152863000.0
    }
}