{
    "2023-06-30": {
        "Tax Effect Of Unusual Items": 0.0,
        "Tax Rate For Calcs": 0.196,
        "Normalized EBITDA": 390932000.0,
        "Net Income From Continuing Operation Net Minority Interest": 246825000.0,
        "Reconciled Depreciation": 37157000.0,
        "Reconciled Cost Of Revenue": 104262000.0,
        "EBITDA": 390932000.0,
        "EBIT": 353775000.0,
        "Net Interest Income": -36214000.0,
        "Interest Expense": 46617000.0,
        "Interest Income": 10403000.0,
        "Normalized Income": 246825000.0,
        "Net Income From Continuing And Discontinued Operation": 246825000.0,
        "Total Expenses": 275204000.0,
        "Total Operating Income As Reported": 345953000.0,
        "Diluted Average Shares": 79905000.0,
        "Basic Average Shares": 79592000.0,
        "Diluted EPS": 3.09,
        "Basic EPS": 3.1,
        "Diluted NI Availto Com Stockholders": 246825000.0,
        "Net Income Common Stockholders": 246825000.0,
        "Net Income": 246825000.0,
        "Net Income Including Noncontrolling Interests": 246825000.0,
        "Net Income Continuous Operations": 246825000.0,
        "Tax Provision": 60333000.0,
        "Pretax Income": 307158000.0,
        "Other Income Expense": -2581000.0,
        "Other Non Operating Income Expenses": -2581000.0,
        "Net Non Operating Interest Income Expense": -36214000.0,
        "Interest Expense Non Operating": 46617000.0,
        "Interest Income Non Operating": 10403000.0,
        "Operating Income": 345953000.0,
        "Operating Expense": 165138000.0,
        "Depreciation Amortization Depletion Income Statement": 31353000.0,
        "Depreciation And Amortization In Income Statement": 31353000.0,
        "Amortization": 26154000.0,
        "Amortization Of Intangibles Income Statement": 26154000.0,
        "Depreciation Income Statement": 5199000.0,
        "Research And Development": 30140000.0,
        "Selling General And Administration": 103645000.0,
        "Selling And Marketing Expense": 67988000.0,
        "General And Administrative Expense": 35657000.0,
        "Other Gand A": 35657000.0,
        "Gross Profit": 511091000.0,
        "Cost Of Revenue": 110066000.0,
        "Total Revenue": 621157000.0,
        "Operating Revenue": 621157000.0
    },
    "2023-03-31": {
        "Tax Effect Of Unusual Items": 0.0,
        "Tax Rate For Calcs": 0.136,
        "Normalized EBITDA": 358487000.0,
        "Total Unusual Items": NaN,
        "Total Unusual Items Excluding Goodwill": NaN,
        "Net Income From Continuing Operation Net Minority Interest": 238728000.0,
        "Reconciled Depreciation": 35909000.0,
        "Reconciled Cost Of Revenue": 102865000.0,
        "EBITDA": 358487000.0,
        "EBIT": 322578000.0,
        "Net Interest Income": -35844000.0,
        "Interest Expense": 46206000.0,
        "Interest Income": 10362000.0,
        "Normalized Income": 238728000.0,
        "Net Income From Continuing And Discontinued Operation": 238728000.0,
        "Total Expenses": 277616000.0,
        "Total Operating Income As Reported": 314602000.0,
        "Diluted Average Shares": 80482000.0,
        "Basic Average Shares": 80041000.0,
        "Diluted EPS": 2.97,
        "Basic EPS": 2.98,
        "Diluted NI Availto Com Stockholders": 238728000.0,
        "Net Income Common Stockholders": 238728000.0,
        "Net Income": 238728000.0,
        "Net Income Including Noncontrolling Interests": 238728000.0,
        "Net Income Continuous Operations": 238728000.0,
        "Tax Provision": 37644000.0,
        "Pretax Income": 276372000.0,
        "Other Income Expense": -2386000.0,
        "Other Non Operating Income Expenses": -2386000.0,
        "Special Income Charges": NaN,
        "Impairment Of Capital Assets": NaN,
        "Net Non Operating Interest Income Expense": -35844000.0,
        "Interest Expense Non Operating": 46206000.0,
        "Interest Income Non Operating": 10362000.0,
        "Operating Income": 314602000.0,
        "Operating Expense": 168969000.0,
        "Depreciation Amortization Depletion Income Statement": 30127000.0,
        "Depreciation And Amortization In Income Statement": 30127000.0,
        "Amortization": 24667000.0,
        "Amortization Of Intangibles Income Statement": 24667000.0,
        "Depreciation Income Statement": 5460000.0,
        "Research And Development": 31323000.0,
        "Selling General And Administration": 107519000.0,
        "Selling And Marketing Expense": 66475000.0,
        "General And Administrative Expense": 41044000.0,
        "Other Gand A": 41044000.0,
        "Gross Profit": 483571000.0,
        "Cost Of Revenue": 108647000.0,
        "Total Revenue": 592218000.0,
        "Operating Revenue": 592218000.0
    },
    "2022-12-31": {
        "Tax Effect Of Unusual Items": NaN,
        "Tax Rate For Calcs": NaN,
        "Normalized EBITDA": NaN,
        "Total Unusual Items": 0.0,
        "Total Unusual Items Excluding Goodwill": 0.0,
        "Net Income From Continuing Operation Net Minority Interest": NaN,
        "Reconciled Depreciation": NaN,
        "Reconciled Cost Of Revenue": NaN,
        "EBITDA": NaN,
        "EBIT": NaN,
        "Net Interest Income": NaN,
        "Interest Expense": NaN,
        "Interest Income": NaN,
        "Normalized Income": NaN,
        "Net Income From Continuing And Discontinued Operation": NaN,
        "Total Expenses": NaN,
        "Total Operating Income As Reported": NaN,
        "Diluted Average Shares": NaN,
        "Basic Average Shares": NaN,
        "Diluted EPS": NaN,
        "Basic EPS": NaN,
        "Diluted NI Availto Com Stockholders": NaN,
        "Net Income Common Stockholders": NaN,
        "Net Income": NaN,
        "Net Income Including Noncontrolling Interests": NaN,
        "Net Income Continuous Operations": NaN,
        "Tax Provision": NaN,
        "Pretax Income": NaN,
        "Other Income Expense": NaN,
        "Other Non Operating Income Expenses": NaN,
        "Special Income Charges": 0.0,
        "Impairment Of Capital Assets": 0.0,
        "Net Non Operating Interest Income Expense": NaN,
        "Interest Expense Non Operating": NaN,
        "Interest Income Non Operating": NaN,
        "Operating Income": NaN,
        "Operating Expense": NaN,
        "Depreciation Amortization Depletion Income Statement": NaN,
        "Depreciation And Amortization In Income Statement": NaN,
        "Amortization": NaN,
        "Amortization Of Intangibles Income Statement": NaN,
        "Depreciation Income Statement": NaN,
        "Research And Development": NaN,
        "Selling General And Administration": NaN,
        "Selling And Marketing Expense": NaN,
        "General And Administrative Expense": NaN,
        "Other Gand A": NaN,
        "Gross Profit": NaN,
        "Cost Of Revenue": NaN,
        "Total Revenue": NaN,
        "Operating Revenue": NaN
    },
    "2022-09-30": {
        "Tax Effect Of Unusual Items": NaN,
        "Tax Rate For Calcs": NaN,
        "Normalized EBITDA": NaN,
        "Total Unusual Items": 0.0,
        "Total Unusual Items Excluding Goodwill": 0.0,
        "Net Income From Continuing Operation Net Minority Interest": NaN,
        "Reconciled Depreciation": NaN,
        "Reconciled Cost Of Revenue": NaN,
        "EBITDA": NaN,
        "EBIT": NaN,
        "Net Interest Income": NaN,
        "Interest Expense": NaN,
        "Interest Income": NaN,
        "Normalized Income": NaN,
        "Net Income From Continuing And Discontinued Operation": NaN,
        "Total Expenses": NaN,
        "Total Operating Income As Reported": NaN,
        "Diluted Average Shares": NaN,
        "Basic Average Shares": NaN,
        "Diluted EPS": NaN,
        "Basic EPS": NaN,
        "Diluted NI Availto Com Stockholders": NaN,
        "Net Income Common Stockholders": NaN,
        "Net Income": NaN,
        "Net Income Including Noncontrolling Interests": NaN,
        "Net Income Continuous Operations": NaN,
        "Tax Provision": NaN,
        "Pretax Income": NaN,
        "Other Income Expense": NaN,
        "Other Non Operating Income Expenses": NaN,
        "Special Income Charges": 0.0,
        "Impairment Of Capital Assets": 0.0,
        "Net Non Operating Interest Income Expense": NaN,
        "Interest Expense Non Operating": NaN,
        "Interest Income Non Operating": NaN,
        "Operating Income": NaN,
        "Operating Expense": NaN,
        "Depreciation Amortization Depletion Income Statement": NaN,
        "Depreciation And Amortization In Income Statement": NaN,
        "Amortization": NaN,
        "Amortization Of Intangibles Income Statement": NaN,
        "Depreciation Income Statement": NaN,
        "Research And Development": NaN,
        "Selling General And Administration": NaN,
        "Selling And Marketing Expense": NaN,
        "General And Administrative Expense": NaN,
        "Other Gand A": NaN,
        "Gross Profit": NaN,
        "Cost Of Revenue": NaN,
        "Total Revenue": NaN,
        "Operating Revenue": NaN
    },
    "2022-06-30": {
        "Tax Effect Of Unusual Items": 0.0,
        "Tax Rate For Calcs": 0.19,
        "Normalized EBITDA": 336260000.0,
        "Total Unusual Items": 0.0,
        "Total Unusual Items Excluding Goodwill": 0.0,
        "Net Income From Continuing Operation Net Minority Interest": 210587000.0,
        "Reconciled Depreciation": 35143000.0,
        "Reconciled Cost Of Revenue": 94569000.0,
        "EBITDA": 336260000.0,
        "EBIT": 301117000.0,
        "Net Interest Income": -40161000.0,
        "Interest Expense": 41085000.0,
        "Interest Income": 924000.0,
        "Normalized Income": 210587000.0,
        "Net Income From Continuing And Discontinued Operation": 210587000.0,
        "Total Expenses": 251425000.0,
        "Total Operating Income As Reported": 300381000.0,
        "Diluted Average Shares": 81295000.0,
        "Basic Average Shares": 80923000.0,
        "Diluted EPS": 2.59,
        "Basic EPS": 2.6,
        "Diluted NI Availto Com Stockholders": 210587000.0,
        "Net Income Common Stockholders": 210587000.0,
        "Net Income": 210587000.0,
        "Net Income Including Noncontrolling Interests": 210587000.0,
        "Net Income Continuous Operations": 210587000.0,
        "Tax Provision": 49445000.0,
        "Pretax Income": 260032000.0,
        "Other Income Expense": -188000.0,
        "Other Non Operating Income Expenses": -188000.0,
        "Special Income Charges": 0.0,
        "Impairment Of Capital Assets": 0.0,
        "Net Non Operating Interest Income Expense": -40161000.0,
        "Interest Expense Non Operating": 41085000.0,
        "Interest Income Non Operating": 924000.0,
        "Operating Income": 300381000.0,
        "Operating Expense": 150657000.0,
        "Depreciation Amortization Depletion Income Statement": 28944000.0,
        "Depreciation And Amortization In Income Statement": 28944000.0,
        "Amortization": 22179000.0,
        "Amortization Of Intangibles Income Statement": 22179000.0,
        "Depreciation Income Statement": 6765000.0,
        "Research And Development": 23916000.0,
        "Selling General And Administration": 97797000.0,
        "Selling And Marketing Expense": 61073000.0,
        "General And Administrative Expense": 36724000.0,
        "Other Gand A": 36724000.0,
        "Gross Profit": 451038000.0,
        "Cost Of Revenue": 100768000.0,
        "Total Revenue": 551806000.0,
        "Operating Revenue": 551806000.0
    },
    "2022-03-31": {
        "Diluted EPS": 2.78,
        "Total Revenue": 560,
        "Gross Profit": 457,
        "Operating Income": 289,
        "EBIT": 325,
        "Net Income": 228
    },
    "2021-12-31": {
        "Diluted EPS": 2.32,
        "Total Revenue": 550,
        "Gross Profit": 454,
        "Operating Income": 281,
        "EBIT": 317,
        "Net Income": 194
    },
    "2021-09-30": {
        "Diluted EPS": 2.03,
        "Total Revenue": 517,
        "Gross Profit": 427,
        "Operating Income": 280,
        "EBIT": 309,
        "Net Income": 170
    },
    "2021-06-30": {
        "Diluted EPS": 1.99,
        "Total Revenue": 498,
        "Gross Profit": 411,
        "Operating Income": 258,
        "EBIT": 302,
        "Net Income": 165
    },
    "2021-03-31": {
        "Diluted EPS": 2.36,
        "Total Revenue": 478,
        "Gross Profit": 393,
        "Operating Income": 254,
        "EBIT": 284,
        "Net Income": 197
    },
    "2020-12-31": {
        "Diluted EPS": 1.87,
        "Total Revenue": 444,
        "Gross Profit": 368,
        "Operating Income": 234,
        "EBIT": 263,
        "Net Income": 156
    },
    "2020-09-30": {
        "Diluted EPS": 2.16,
        "Total Revenue": 425,
        "Gross Profit": 355,
        "Operating Income": 228,
        "EBIT": 257,
        "Net Income": 182
    },
    "2020-06-30": {
        "Diluted EPS": 1.36,
        "Total Revenue": 410,
        "Gross Profit": 339,
        "Operating Income": 215,
        "EBIT": 244,
        "Net Income": 115
    },
    "2020-03-31": {
        "Diluted EPS": 1.73,
        "Total Revenue": 417,
        "Gross Profit": 342,
        "Operating Income": 208,
        "EBIT": 236,
        "Net Income": 148
    },
    "2019-12-31": {
        "Diluted EPS": 1.44,
        "Total Revenue": 407,
        "Gross Profit": 336,
        "Operating Income": 199,
        "EBIT": 227,
        "Net Income": 123
    },
    "2019-09-30": {
        "Diluted EPS": 1.6,
        "Total Revenue": 394,
        "Gross Profit": 324,
        "Operating Income": 201,
        "EBIT": 227,
        "Net Income": 137
    },
    "2019-06-30": {
        "Diluted EPS": 1.47,
        "Total Revenue": 386,
        "Gross Profit": 314,
        "Operating Income": 192,
        "EBIT": 224,
        "Net Income": 126
    },
    "2019-03-31": {
        "Diluted EPS": 2.08,
        "Total Revenue": 371,
        "Gross Profit": 289,
        "Operating Income": 163,
        "EBIT": 183,
        "Net Income": 178
    },
    "2018-12-31": {
        "Diluted EPS": 1.78,
        "Total Revenue": 362,
        "Gross Profit": 288,
        "Operating Income": 170,
        "EBIT": 191,
        "Net Income": 152
    },
    "2018-09-30": {
        "Diluted EPS": 1.36,
        "Total Revenue": 358,
        "Gross Profit": 287,
        "Operating Income": 176,
        "EBIT": 197,
        "Net Income": 124
    },
    "2018-06-30": {
        "Diluted EPS": 1.28,
        "Total Revenue": 363,
        "Gross Profit": 292,
        "Operating Income": 174,
        "EBIT": 201,
        "Net Income": 117
    },
    "2018-03-31": {
        "Diluted EPS": 1.24,
        "Total Revenue": 351,
        "Gross Profit": 280,
        "Operating Income": 167,
        "EBIT": 188,
        "Net Income": 115
    },
    "2017-12-31": {
        "Diluted EPS": 0.69,
        "Total Revenue": 335,
        "Gross Profit": 266,
        "Operating Income": 154,
        "EBIT": 175,
        "Net Income": 65
    },
    "2017-09-30": {
        "Diluted EPS": 0.93,
        "Total Revenue": 322,
        "Gross Profit": 254,
        "Operating Income": 149,
        "EBIT": 170,
        "Net Income": 85
    },
    "2017-06-30": {
        "Diluted EPS": 0.89,
        "Total Revenue": 316,
        "Gross Profit": 248,
        "Operating Income": 146,
        "EBIT": 167,
        "Net Income": 81
    },
    "2017-03-31": {
        "Diluted EPS": 0.8,
        "Total Revenue": 301,
        "Gross Profit": 234,
        "Operating Income": 131,
        "EBIT": 152,
        "Net Income": 73
    },
    "2016-12-31": {
        "Diluted EPS": 0.73,
        "Total Revenue": 293,
        "Gross Profit": 229,
        "Operating Income": 126,
        "EBIT": 148,
        "Net Income": 68
    },
    "2016-09-30": {
        "Diluted EPS": 0.68,
        "Total Revenue": 288,
        "Gross Profit": 225,
        "Operating Income": 123,
        "EBIT": 144,
        "Net Income": 65
    },
    "2016-06-30": {
        "Diluted EPS": 0.69,
        "Total Revenue": 291,
        "Gross Profit": 228,
        "Operating Income": 126,
        "EBIT": 147,
        "Net Income": 67
    },
    "2016-03-31": {
        "Diluted EPS": 0.6,
        "Total Revenue": 279,
        "Gross Profit": 216,
        "Operating Income": 113,
        "EBIT": 134,
        "Net Income": 60
    },
    "2015-12-31": {
        "Diluted EPS": 0.55,
        "Total Revenue": 273,
        "Gross Profit": 208,
        "Operating Income": 108,
        "EBIT": 128,
        "Net Income": 59
    },
    "2015-09-30": {
        "Diluted EPS": 0.59,
        "Total Revenue": 269,
        "Gross Profit": 203,
        "Operating Income": 109,
        "EBIT": 129,
        "Net Income": 64
    },
    "2015-06-30": {
        "Diluted EPS": 0.5,
        "Total Revenue": 271,
        "Gross Profit": 203,
        "Operating Income": 99,
        "EBIT": 119,
        "Net Income": 56
    },
    "2015-03-31": {
        "Diluted EPS": 0.39,
        "Total Revenue": 263,
        "Gross Profit": 193,
        "Operating Income": 89,
        "EBIT": 108,
        "Net Income": 44
    },
    "2014-12-31": {
        "Diluted EPS": 0.4,
        "Total Revenue": 251,
        "Gross Profit": 196,
        "Operating Income": 85,
        "EBIT": 113,
        "Net Income": 44
    },
    "2014-09-30": {
        "Diluted EPS": 0.44,
        "Total Revenue": 252,
        "Gross Profit": 182,
        "Operating Income": 84,
        "EBIT": 103,
        "Net Income": 52
    },
    "2014-06-30": {
        "Diluted EPS": 0.91,
        "Total Revenue": 254,
        "Gross Profit": 177,
        "Operating Income": 89,
        "EBIT": 106,
        "Net Income": 108
    },
    "2014-03-31": {
        "Diluted EPS": 0.68,
        "Total Revenue": 240,
        "Gross Profit": 164,
        "Operating Income": 80,
        "EBIT": 100,
        "Net Income": 80
    },
    "2013-12-31": {
        "Diluted EPS": 0.39,
        "Total Revenue": 237,
        "Gross Profit": 199,
        "Operating Income": 84,
        "EBIT": 106,
        "Net Income": 47
    },
    "2013-09-30": {
        "Diluted EPS": 0.46,
        "Total Revenue": 229,
        "Gross Profit": 160,
        "Operating Income": 84,
        "EBIT": 105,
        "Net Income": 55
    },
    "2013-06-30": {
        "Diluted EPS": 0.5,
        "Total Revenue": 228,
        "Gross Profit": 159,
        "Operating Income": 90,
        "EBIT": 111,
        "Net Income": 61
    },
    "2013-03-31": {
        "Diluted EPS": 0.48,
        "Total Revenue": 219,
        "Gross Profit": 154,
        "Operating Income": 83,
        "EBIT": 103,
        "Net Income": 59
    },
    "2012-12-31": {
        "Diluted EPS": 0.44,
        "Total Revenue": 124,
        "Gross Profit": 108,
        "Operating Income": 67,
        "EBIT": 88,
        "Net Income": 54
    },
    "2012-09-30": {
        "Diluted EPS": 0.39,
        "Total Revenue": 235,
        "Gross Profit": 167,
        "Operating Income": 84,
        "EBIT": 105,
        "Net Income": 48
    },
    "2012-06-30": {
        "Diluted EPS": 0.3,
        "Total Revenue": 239,
        "Gross Profit": 165,
        "Operating Income": 87,
        "EBIT": 128,
        "Net Income": 38
    },
    "2012-03-31": {
        "Diluted EPS": 0.35,
        "Total Revenue": 229,
        "Gross Profit": 157,
        "Operating Income": 81,
        "EBIT": 103,
        "Net Income": 44
    },
    "2011-12-31": {
        "Diluted EPS": 0.37,
        "Total Revenue": 226,
        "Gross Profit": 157,
        "Operating Income": 82,
        "EBIT": 104,
        "Net Income": 46
    },
    "2011-09-30": {
        "Diluted EPS": 0.4,
        "Total Revenue": 225,
        "Gross Profit": 156,
        "Operating Income": 82,
        "EBIT": 105,
        "Net Income": 49
    },
    "2011-06-30": {
        "Diluted EPS": 0.37,
        "Total Revenue": 226,
        "Gross Profit": 158,
        "Operating Income": 83,
        "EBIT": 106,
        "Net Income": 45
    },
    "2011-03-31": {
        "Diluted EPS": 0.27,
        "Total Revenue": 223,
        "Gross Profit": 153,
        "Operating Income": 75,
        "EBIT": 99,
        "Net Income": 33
    },
    "2010-12-31": {
        "Diluted EPS": 0.11,
        "Total Revenue": 73,
        "Gross Profit": 52,
        "Operating Income": 27,
        "EBIT": -10,
        "Net Income": 14
    },
    "2010-11-30": {
        "Diluted EPS": 0.0,
        "Total Revenue": NaN,
        "Gross Profit": NaN,
        "Operating Income": NaN,
        "EBIT": NaN,
        "Net Income": NaN
    },
    "2010-08-31": {
        "Diluted EPS": 0.08,
        "Total Revenue": 203,
        "Gross Profit": 133,
        "Operating Income": 41,
        "EBIT": 66,
        "Net Income": 10
    },
    "2010-05-31": {
        "Diluted EPS": 0.22,
        "Total Revenue": 125,
        "Gross Profit": 95,
        "Operating Income": 47,
        "EBIT": 58,
        "Net Income": 24
    },
    "2010-02-28": {
        "Diluted EPS": 0.26,
        "Total Revenue": 122,
        "Gross Profit": 92,
        "Operating Income": 47,
        "EBIT": 55,
        "Net Income": 27
    },
    "2009-11-30": {
        "Diluted EPS": 0.0,
        "Total Revenue": NaN,
        "Gross Profit": NaN,
        "Operating Income": NaN,
        "EBIT": NaN,
        "Net Income": NaN
    },
    "2009-08-31": {
        "Diluted EPS": 0.2,
        "Total Revenue": 109,
        "Gross Profit": 81,
        "Operating Income": 38,
        "EBIT": 48,
        "Net Income": 20
    },
    "2009-05-31": {
        "Diluted EPS": 0.19,
        "Total Revenue": 109,
        "Gross Profit": 80,
        "Operating Income": 37,
        "EBIT": 46,
        "Net Income": 19
    },
    "2009-02-28": {
        "Diluted EPS": 0.16,
        "Total Revenue": 106,
        "Gross Profit": 77,
        "Operating Income": 33,
        "EBIT": 43,
        "Net Income": 16
    },
    "2023-09-30": {
        "Tax Effect Of Unusual Items": NaN,
        "Tax Rate For Calcs": NaN,
        "Normalized EBITDA": NaN,
        "Net Income From Continuing Operation Net Minority Interest": NaN,
        "Reconciled Depreciation": NaN,
        "Reconciled Cost Of Revenue": NaN,
        "EBITDA": NaN,
        "EBIT": NaN,
        "Net Interest Income": NaN,
        "Interest Expense": NaN,
        "Interest Income": NaN,
        "Normalized Income": NaN,
        "Net Income From Continuing And Discontinued Operation": NaN,
        "Total Expenses": NaN,
        "Total Operating Income As Reported": NaN,
        "Diluted Average Shares": 79500000.0,
        "Basic Average Shares": 79116000.0,
        "Diluted EPS": 3.27,
        "Basic EPS": 3.28,
        "Diluted NI Availto Com Stockholders": NaN,
        "Net Income Common Stockholders": NaN,
        "Net Income": NaN,
        "Net Income Including Noncontrolling Interests": NaN,
        "Net Income Continuous Operations": NaN,
        "Tax Provision": NaN,
        "Pretax Income": NaN,
        "Other Income Expense": NaN,
        "Other Non Operating Income Expenses": NaN,
        "Net Non Operating Interest Income Expense": NaN,
        "Interest Expense Non Operating": NaN,
        "Interest Income Non Operating": NaN,
        "Operating Income": NaN,
        "Operating Expense": NaN,
        "Depreciation Amortization Depletion Income Statement": NaN,
        "Depreciation And Amortization In Income Statement": NaN,
        "Amortization": NaN,
        "Amortization Of Intangibles Income Statement": NaN,
        "Depreciation Income Statement": NaN,
        "Research And Development": NaN,
        "Selling General And Administration": NaN,
        "Selling And Marketing Expense": NaN,
        "General And Administrative Expense": NaN,
        "Other Gand A": NaN,
        "Gross Profit": NaN,
        "Cost Of Revenue": NaN,
        "Total Revenue": NaN,
        "Operating Revenue": NaN
    },
    "2023-12-31": {
        "Tax Effect Of Unusual Items": 0.0,
        "Tax Rate For Calcs": 0.137847,
        "Normalized EBITDA": 563110000.0,
        "Net Income From Continuing Operation Net Minority Interest": 403380000.0,
        "Reconciled Depreciation": 48281000.0,
        "Reconciled Cost Of Revenue": 116260000.0,
        "EBITDA": 563110000.0,
        "EBIT": 514829000.0,
        "Net Interest Income": -43554000.0,
        "Interest Expense": 46954000.0,
        "Interest Income": 3400000.0,
        "Normalized Income": 403380000.0,
        "Net Income From Continuing And Discontinued Operation": 403380000.0,
        "Total Expenses": 319361000.0,
        "Total Operating Income As Reported": 370745000.0,
        "Diluted Average Shares": 79499000.0,
        "Basic Average Shares": 79115000.0,
        "Diluted EPS": 5.07,
        "Basic EPS": 5.1,
        "Diluted NI Availto Com Stockholders": 403380000.0,
        "Net Income Common Stockholders": 403380000.0,
        "Net Income": 403380000.0,
        "Net Income Including Noncontrolling Interests": 403380000.0,
        "Net Income Continuous Operations": 403380000.0,
        "Tax Provision": 64495000.0,
        "Pretax Income": 467875000.0,
        "Other Income Expense": 140684000.0,
        "Other Non Operating Income Expenses": -2345000.0,
        "Net Non Operating Interest Income Expense": -43554000.0,
        "Interest Expense Non Operating": 46954000.0,
        "Interest Income Non Operating": 3400000.0,
        "Operating Income": 370745000.0,
        "Operating Expense": 196804000.0,
        "Depreciation Amortization Depletion Income Statement": 41984000.0,
        "Depreciation And Amortization In Income Statement": 41984000.0,
        "Amortization": 36886000.0,
        "Amortization Of Intangibles Income Statement": 36886000.0,
        "Depreciation Income Statement": 5098000.0,
        "Research And Development": 39220000.0,
        "Selling General And Administration": 115600000.0,
        "Selling And Marketing Expense": 75160000.0,
        "General And Administrative Expense": 40440000.0,
        "Other Gand A": 40440000.0,
        "Gross Profit": 567549000.0,
        "Cost Of Revenue": 122557000.0,
        "Total Revenue": 690106000.0,
        "Operating Revenue": 690106000.0
    },
    "2024-03-31": {
        "Tax Effect Of Unusual Items": 0.0,
        "Tax Rate For Calcs": 0.135,
        "Normalized EBITDA": 391065000.0,
        "Net Income From Continuing Operation Net Minority Interest": 255954000.0,
        "Reconciled Depreciation": 48498000.0,
        "Reconciled Cost Of Revenue": 122701000.0,
        "EBITDA": 391065000.0,
        "EBIT": 342567000.0,
        "Net Interest Income": -40626000.0,
        "Interest Expense": 46674000.0,
        "Interest Income": 6048000.0,
        "Normalized Income": 255954000.0,
        "Net Income From Continuing And Discontinued Operation": 255954000.0,
        "Total Expenses": 340583000.0,
        "Total Operating Income As Reported": 339382000.0,
        "Diluted Average Shares": 79508000.0,
        "Basic Average Shares": 79195000.0,
        "Diluted EPS": 3.22,
        "Basic EPS": 3.23,
        "Diluted NI Availto Com Stockholders": 255954000.0,
        "Net Income Common Stockholders": 255954000.0,
        "Net Income": 255954000.0,
        "Net Income Including Noncontrolling Interests": 255954000.0,
        "Net Income Continuous Operations": 255954000.0,
        "Tax Provision": 39939000.0,
        "Pretax Income": 295893000.0,
        "Other Income Expense": -2863000.0,
        "Other Non Operating Income Expenses": -2863000.0,
        "Net Non Operating Interest Income Expense": -40626000.0,
        "Interest Expense Non Operating": 46674000.0,
        "Interest Income Non Operating": 6048000.0,
        "Operating Income": 339382000.0,
        "Operating Expense": 212069000.0,
        "Depreciation Amortization Depletion Income Statement": 42685000.0,
        "Depreciation And Amortization In Income Statement": 42685000.0,
        "Amortization": 38604000.0,
        "Amortization Of Intangibles Income Statement": 38604000.0,
        "Depreciation Income Statement": 4081000.0,
        "Research And Development": 40525000.0,
        "Selling General And Administration": 128859000.0,
        "Selling And Marketing Expense": 72168000.0,
        "General And Administrative Expense": 56691000.0,
        "Other Gand A": 56691000.0,
        "Gross Profit": 551451000.0,
        "Cost Of Revenue": 128514000.0,
        "Total Revenue": 679965000.0,
        "Operating Revenue": 679965000.0
    },
    "2024-06-30": {
        "Tax Effect Of Unusual Items": 0.0,
        "Tax Rate For Calcs": 0.215,
        "Normalized EBITDA": 437650000.0,
        "Net Income From Continuing Operation Net Minority Interest": 266758000.0,
        "Reconciled Depreciation": 51023000.0,
        "Reconciled Cost Of Revenue": 122085000.0,
        "EBITDA": 437650000.0,
        "EBIT": 386627000.0,
        "Net Interest Income": -40523000.0,
        "Interest Expense": 46633000.0,
        "Interest Income": 6110000.0,
        "Normalized Income": 266758000.0,
        "Net Income From Continuing And Discontinued Operation": 266758000.0,
        "Total Expenses": 325341000.0,
        "Total Operating Income As Reported": 382608000.0,
        "Diluted Average Shares": 79245000.0,
        "Basic Average Shares": 79085000.0,
        "Diluted EPS": 3.37,
        "Basic EPS": 3.37,
        "Diluted NI Availto Com Stockholders": 266758000.0,
        "Net Income Common Stockholders": 266758000.0,
        "Net Income": 266758000.0,
        "Net Income Including Noncontrolling Interests": 266758000.0,
        "Net Income Continuous Operations": 266758000.0,
        "Tax Provision": 73236000.0,
        "Pretax Income": 339994000.0,
        "Other Income Expense": -2091000.0,
        "Other Non Operating Income Expenses": -2091000.0,
        "Net Non Operating Interest Income Expense": -40523000.0,
        "Interest Expense Non Operating": 46633000.0,
        "Interest Income Non Operating": 6110000.0,
        "Operating Income": 382608000.0,
        "Operating Expense": 197232000.0,
        "Depreciation Amortization Depletion Income Statement": 44999000.0,
        "Depreciation And Amortization In Income Statement": 44999000.0,
        "Amortization": 40773000.0,
        "Amortization Of Intangibles Income Statement": 40773000.0,
        "Depreciation Income Statement": 4226000.0,
        "Research And Development": 41073000.0,
        "Selling General And Administration": 111160000.0,
        "Selling And Marketing Expense": 71454000.0,
        "General And Administrative Expense": 39706000.0,
        "Other Gand A": 39706000.0,
        "Gross Profit": 579840000.0,
        "Cost Of Revenue": 128109000.0,
        "Total Revenue": 707949000.0,
        "Operating Revenue": 707949000.0
    },
    "2024-09-30": {
        "Tax Effect Of Unusual Items": 0.0,
        "Tax Rate For Calcs": 0.213,
        "Normalized EBITDA": 457640000.0,
        "Net Income From Continuing Operation Net Minority Interest": 280901000.0,
        "Reconciled Depreciation": 54016000.0,
        "Reconciled Cost Of Revenue": 118447000.0,
        "EBITDA": 457640000.0,
        "EBIT": 403624000.0,
        "Net Interest Income": -41471000.0,
        "Interest Expense": 46688000.0,
        "Interest Income": 5217000.0,
        "Normalized Income": 280901000.0,
        "Net Income From Continuing And Discontinued Operation": 280901000.0,
        "Total Expenses": 323371000.0,
        "Total Operating Income As Reported": 401334000.0,
        "Diluted Average Shares": NaN,
        "Basic Average Shares": NaN,
        "Diluted EPS": NaN,
        "Basic EPS": NaN,
        "Diluted NI Availto Com Stockholders": 280901000.0,
        "Net Income Common Stockholders": 280901000.0,
        "Net Income": 280901000.0,
        "Net Income Including Noncontrolling Interests": 280901000.0,
        "Net Income Continuous Operations": 280901000.0,
        "Tax Provision": 76035000.0,
        "Pretax Income": 356936000.0,
        "Other Income Expense": -2927000.0,
        "Other Non Operating Income Expenses": -2927000.0,
        "Net Non Operating Interest Income Expense": -41471000.0,
        "Interest Expense Non Operating": 46688000.0,
        "Interest Income Non Operating": 5217000.0,
        "Operating Income": 401334000.0,
        "Operating Expense": 197179000.0,
        "Depreciation Amortization Depletion Income Statement": 46271000.0,
        "Depreciation And Amortization In Income Statement": 46271000.0,
        "Amortization": 41939000.0,
        "Amortization Of Intangibles Income Statement": 41939000.0,
        "Depreciation Income Statement": 4332000.0,
        "Research And Development": 38584000.0,
        "Selling General And Administration": 112324000.0,
        "Selling And Marketing Expense": 70763000.0,
        "General And Administrative Expense": 41561000.0,
        "Other Gand A": 41561000.0,
        "Gross Profit": 598513000.0,
        "Cost Of Revenue": 126192000.0,
        "Total Revenue": 724705000.0,
        "Operating Revenue": 724705000.0
    },
    "2024-12-31": {
        "Tax Effect Of Unusual Items": 0.0,
        "Tax Rate For Calcs": 0.15916,
        "Normalized EBITDA": 461588000.0,
        "Net Income From Continuing Operation Net Minority Interest": 305515000.0,
        "Reconciled Depreciation": 52738000.0,
        "Reconciled Cost Of Revenue": 125889000.0,
        "EBITDA": 461588000.0,
        "EBIT": 408850000.0,
        "Net Interest Income": -41603000.0,
        "Interest Expense": 45505000.0,
        "Interest Income": 3902000.0,
        "Normalized Income": 305515000.0,
        "Net Income From Continuing And Discontinued Operation": 305515000.0,
        "Total Expenses": 338315000.0,
        "Total Operating Income As Reported": 405194000.0,
        "Diluted Average Shares": 78365000.0,
        "Basic Average Shares": 78070000.0,
        "Diluted EPS": 3.9,
        "Basic EPS": 3.91,
        "Diluted NI Availto Com Stockholders": 305515000.0,
        "Net Income Common Stockholders": 305515000.0,
        "Net Income": 305515000.0,
        "Net Income Including Noncontrolling Interests": 305515000.0,
        "Net Income Continuous Operations": 305515000.0,
        "Tax Provision": 57830000.0,
        "Pretax Income": 363345000.0,
        "Other Income Expense": -246000.0,
        "Other Non Operating Income Expenses": -246000.0,
        "Net Non Operating Interest Income Expense": -41603000.0,
        "Interest Expense Non Operating": 45505000.0,
        "Interest Income Non Operating": 3902000.0,
        "Operating Income": 405194000.0,
        "Operating Expense": 206748000.0,
        "Depreciation Amortization Depletion Income Statement": 47060000.0,
        "Depreciation And Amortization In Income Statement": 47060000.0,
        "Amortization": 42721000.0,
        "Amortization Of Intangibles Income Statement": 42721000.0,
        "Depreciation Income Statement": 4339000.0,
        "Research And Development": 38471000.0,
        "Selling General And Administration": 121217000.0,
        "Selling And Marketing Expense": 76835000.0,
        "General And Administrative Expense": 44382000.0,
        "Other Gand A": 44382000.0,
        "Gross Profit": 611942000.0,
        "Cost Of Revenue": 131567000.0,
        "Total Revenue": 743509000.0,
        "Operating Revenue": 743509000.0
    },
    "2025-03-31": {
        "Tax Effect Of Unusual Items": 0.0,
        "Tax Rate For Calcs": 0.128,
        "Normalized EBITDA": 432111000.0,
        "Net Income From Continuing Operation Net Minority Interest": 288600000.0,
        "Reconciled Depreciation": 54549000.0,
        "Reconciled Cost Of Revenue": 130859000.0,
        "EBITDA": 432111000.0,
        "EBIT": 377562000.0,
        "Net Interest Income": -42616000.0,
        "Interest Expense": 46492000.0,
        "Interest Income": 3876000.0,
        "Normalized Income": 288600000.0,
        "Net Income From Continuing And Discontinued Operation": 288600000.0,
        "Total Expenses": 368803000.0,
        "Total Operating Income As Reported": 377023000.0,
        "Diluted Average Shares": 77807000.0,
        "Basic Average Shares": 77630000.0,
        "Diluted EPS": 3.71,
        "Basic EPS": 3.72,
        "Diluted NI Availto Com Stockholders": 288600000.0,
        "Net Income Common Stockholders": 288600000.0,
        "Net Income": 288600000.0,
        "Net Income Including Noncontrolling Interests": 288600000.0,
        "Net Income Continuous Operations": 288600000.0,
        "Tax Provision": 42470000.0,
        "Pretax Income": 331070000.0,
        "Other Income Expense": -3337000.0,
        "Other Non Operating Income Expenses": -3337000.0,
        "Net Non Operating Interest Income Expense": -42616000.0,
        "Interest Expense Non Operating": 46492000.0,
        "Interest Income Non Operating": 3876000.0,
        "Operating Income": 377023000.0,
        "Operating Expense": 232013000.0,
        "Depreciation Amortization Depletion Income Statement": 48618000.0,
        "Depreciation And Amortization In Income Statement": 48618000.0,
        "Amortization": 43872000.0,
        "Amortization Of Intangibles Income Statement": 43872000.0,
        "Depreciation Income Statement": 4746000.0,
        "Research And Development": 47591000.0,
        "Selling General And Administration": 135804000.0,
        "Selling And Marketing Expense": 78707000.0,
        "General And Administrative Expense": 57097000.0,
        "Other Gand A": 57097000.0,
        "Gross Profit": 609036000.0,
        "Cost Of Revenue": 136790000.0,
        "Total Revenue": 745826000.0,
        "Operating Revenue": 745826000.0
    },
    "2025-06-30": {
        "Tax Effect Of Unusual Items": 0.0,
        "Tax Rate For Calcs": 0.196,
        "Normalized EBITDA": 479352000.0,
        "Net Income From Continuing Operation Net Minority Interest": 303650000.0,
        "Reconciled Depreciation": 55328000.0,
        "Reconciled Cost Of Revenue": 131484000.0,
        "EBITDA": 479352000.0,
        "EBIT": 424024000.0,
        "Net Interest Income": -43255000.0,
        "Interest Expense": 46184000.0,
        "Interest Income": 2929000.0,
        "Normalized Income": 303650000.0,
        "Net Income From Continuing And Discontinued Operation": 303650000.0,
        "Total Expenses": 347445000.0,
        "Total Operating Income As Reported": 425234000.0,
        "Diluted Average Shares": 77496000.0,
        "Basic Average Shares": 77400000.0,
        "Diluted EPS": 3.92,
        "Basic EPS": 3.92,
        "Diluted NI Availto Com Stockholders": 303650000.0,
        "Net Income Common Stockholders": 303650000.0,
        "Net Income": 303650000.0,
        "Net Income Including Noncontrolling Interests": 303650000.0,
        "Net Income Continuous Operations": 303650000.0,
        "Tax Provision": 74190000.0,
        "Pretax Income": 377840000.0,
        "Other Income Expense": -4139000.0,
        "Other Non Operating Income Expenses": -4139000.0,
        "Net Non Operating Interest Income Expense": -43255000.0,
        "Interest Expense Non Operating": 46184000.0,
        "Interest Income Non Operating": 2929000.0,
        "Operating Income": 425234000.0,
        "Operating Expense": 209778000.0,
        "Depreciation Amortization Depletion Income Statement": 49145000.0,
        "Depreciation And Amortization In Income Statement": 49145000.0,
        "Amortization": 43760000.0,
        "Amortization Of Intangibles Income Statement": 43760000.0,
        "Depreciation Income Statement": 5385000.0,
        "Research And Development": 44074000.0,
        "Selling General And Administration": 116559000.0,
        "Selling And Marketing Expense": 78210000.0,
        "General And Administrative Expense": 38349000.0,
        "Other Gand A": 38349000.0,
        "Gross Profit": 635012000.0,
        "Cost Of Revenue": 137667000.0,
        "Total Revenue": 772679000.0,
        "Operating Revenue": 772679000.0
    },
    "2025-09-30": {
        "Tax Effect Of Unusual Items": 0.0,
        "Tax Rate For Calcs": 0.179,
        "Normalized EBITDA": 503222000.0,
        "Net Income From Continuing Operation Net Minority Interest": 325386000.0,
        "Reconciled Depreciation": 53094000.0,
        "Reconciled Cost Of Revenue": 126174000.0,
        "EBITDA": 503222000.0,
        "EBIT": 450128000.0,
        "Net Interest Income": -48511000.0,
        "Interest Expense": 53620000.0,
        "Interest Income": 5109000.0,
        "Normalized Income": 325386000.0,
        "Net Income From Continuing And Discontinued Operation": 325386000.0,
        "Total Expenses": 345736000.0,
        "Total Operating Income As Reported": 447690000.0,
        "Diluted Average Shares": 76579000.0,
        "Basic Average Shares": 76460000.0,
        "Diluted EPS": 4.25,
        "Basic EPS": 4.26,
        "Diluted NI Availto Com Stockholders": 325386000.0,
        "Net Income Common Stockholders": 325386000.0,
        "Net Income": 325386000.0,
        "Net Income Including Noncontrolling Interests": 325386000.0,
        "Net Income Continuous Operations": 325386000.0,
        "Tax Provision": 71122000.0,
        "Pretax Income": 396508000.0,
        "Other Income Expense": -2671000.0,
        "Other Non Operating Income Expenses": -2671000.0,
        "Net Non Operating Interest Income Expense": -48511000.0,
        "Interest Expense Non Operating": 53620000.0,
        "Interest Income Non Operating": 5109000.0,
        "Operating Income": 447690000.0,
        "Operating Expense": 213208000.0,
        "Depreciation Amortization Depletion Income Statement": 46740000.0,
        "Depreciation And Amortization In Income Statement": 46740000.0,
        "Amortization": 40937000.0,
        "Amortization Of Intangibles Income Statement": 40937000.0,
        "Depreciation Income Statement": 5803000.0,
        "Research And Development": 44807000.0,
        "Selling General And Administration": 121661000.0,
        "Selling And Marketing Expense": 79856000.0,
        "General And Administrative Expense": 41805000.0,
        "Other Gand A": 41805000.0,
        "Gross Profit": 660898000.0,
        "Cost Of Revenue": 132528000.0,
        "Total Revenue": 793426000.0,
        "Operating Revenue": 793426000.0
    },
    "2025-12-31": {
        "Tax Effect Of Unusual Items": NaN,
        "Tax Rate For Calcs": NaN,
        "Normalized EBITDA": NaN,
        "Net Income From Continuing Operation Net Minority Interest": NaN,
        "Reconciled Depreciation": NaN,
        "Reconciled Cost Of Revenue": NaN,
        "EBITDA": NaN,
        "EBIT": NaN,
        "Net Interest Income": NaN,
        "Interest Expense": NaN,
        "Interest Income": NaN,
        "Normalized Income": NaN,
        "Net Income From Continuing And Discontinued Operation": NaN,
        "Total Expenses": NaN,
        "Total Operating Income As Reported": NaN,
        "Diluted Average Shares": 74697000.0,
        "Basic Average Shares": 74561000.0,
        "Diluted EPS": 3.81,
        "Basic EPS": 3.82,
        "Diluted NI Availto Com Stockholders": NaN,
        "Net Income Common Stockholders": NaN,
        "Net Income": NaN,
        "Net Income Including Noncontrolling Interests": NaN,
        "Net Income Continuous Operations": NaN,
        "Tax Provision": NaN,
        "Pretax Income": NaN,
        "Other Income Expense": NaN,
        "Other Non Operating Income Expenses": NaN,
        "Net Non Operating Interest Income Expense": NaN,
        "Interest Expense Non Operating": NaN,
        "Interest Income Non Operating": NaN,
        "Operating Income": NaN,
        "Operating Expense": NaN,
        "Depreciation Amortization Depletion Income Statement": NaN,
        "Depreciation And Amortization In Income Statement": NaN,
        "Amortization": NaN,
        "Amortization Of Intangibles Income Statement": NaN,
        "Depreciation Income Statement": NaN,
        "Research And Development": NaN,
        "Selling General And Administration": NaN,
        "Selling And Marketing Expense": NaN,
        "General And Administrative Expense": NaN,
        "Other Gand A": NaN,
        "Gross Profit": NaN,
        "Cost Of Revenue": NaN,
        "Total Revenue": NaN,
        "Operating Revenue": NaN
    }
}