{
    "2023-06-30": {
        "Tax Effect Of Unusual Items": NaN,
        "Tax Rate For Calcs": NaN,
        "Normalized EBITDA": NaN,
        "Total Unusual Items": 0.0,
        "Total Unusual Items Excluding Goodwill": 0.0,
        "Net Income From Continuing Operation Net Minority Interest": NaN,
        "Reconciled Depreciation": NaN,
        "Reconciled Cost Of Revenue": NaN,
        "EBITDA": NaN,
        "EBIT": NaN,
        "Net Interest Income": NaN,
        "Interest Expense": NaN,
        "Normalized Income": NaN,
        "Net Income From Continuing And Discontinued Operation": NaN,
        "Total Expenses": NaN,
        "Total Operating Income As Reported": NaN,
        "Diluted Average Shares": 17828000.0,
        "Basic Average Shares": 17713000.0,
        "Diluted EPS": 0.55,
        "Basic EPS": 0.56,
        "Diluted NI Availto Com Stockholders": NaN,
        "Average Dilution Earnings": NaN,
        "Net Income Common Stockholders": NaN,
        "Preferred Stock Dividends": NaN,
        "Net Income": NaN,
        "Net Income Including Noncontrolling Interests": NaN,
        "Net Income Continuous Operations": NaN,
        "Tax Provision": NaN,
        "Pretax Income": NaN,
        "Other Income Expense": NaN,
        "Other Non Operating Income Expenses": NaN,
        "Special Income Charges": 0.0,
        "Gain On Sale Of Business": 0.0,
        "Other Special Charges": NaN,
        "Net Non Operating Interest Income Expense": NaN,
        "Interest Expense Non Operating": NaN,
        "Operating Income": NaN,
        "Operating Expense": NaN,
        "Other Taxes": NaN,
        "Depreciation Amortization Depletion Income Statement": NaN,
        "Depreciation And Amortization In Income Statement": NaN,
        "Depreciation Income Statement": NaN,
        "Gross Profit": NaN,
        "Cost Of Revenue": NaN,
        "Total Revenue": NaN,
        "Operating Revenue": NaN
    },
    "2023-03-31": {
        "Tax Effect Of Unusual Items": NaN,
        "Tax Rate For Calcs": NaN,
        "Normalized EBITDA": NaN,
        "Total Unusual Items": 813000.0,
        "Total Unusual Items Excluding Goodwill": 813000.0,
        "Net Income From Continuing Operation Net Minority Interest": NaN,
        "Reconciled Depreciation": NaN,
        "Reconciled Cost Of Revenue": NaN,
        "EBITDA": NaN,
        "EBIT": NaN,
        "Net Interest Income": NaN,
        "Interest Expense": NaN,
        "Normalized Income": NaN,
        "Net Income From Continuing And Discontinued Operation": NaN,
        "Total Expenses": NaN,
        "Total Operating Income As Reported": NaN,
        "Diluted Average Shares": NaN,
        "Basic Average Shares": NaN,
        "Diluted EPS": NaN,
        "Basic EPS": NaN,
        "Diluted NI Availto Com Stockholders": NaN,
        "Average Dilution Earnings": NaN,
        "Net Income Common Stockholders": NaN,
        "Preferred Stock Dividends": NaN,
        "Net Income": NaN,
        "Net Income Including Noncontrolling Interests": NaN,
        "Net Income Continuous Operations": NaN,
        "Tax Provision": NaN,
        "Pretax Income": NaN,
        "Other Income Expense": NaN,
        "Other Non Operating Income Expenses": NaN,
        "Special Income Charges": 813000.0,
        "Gain On Sale Of Business": 0.0,
        "Other Special Charges": -813000.0,
        "Net Non Operating Interest Income Expense": NaN,
        "Interest Expense Non Operating": NaN,
        "Operating Income": NaN,
        "Operating Expense": NaN,
        "Other Taxes": NaN,
        "Depreciation Amortization Depletion Income Statement": NaN,
        "Depreciation And Amortization In Income Statement": NaN,
        "Depreciation Income Statement": NaN,
        "Gross Profit": NaN,
        "Cost Of Revenue": NaN,
        "Total Revenue": NaN,
        "Operating Revenue": NaN
    },
    "2022-12-31": {
        "Tax Effect Of Unusual Items": NaN,
        "Tax Rate For Calcs": NaN,
        "Normalized EBITDA": NaN,
        "Total Unusual Items": NaN,
        "Total Unusual Items Excluding Goodwill": NaN,
        "Net Income From Continuing Operation Net Minority Interest": NaN,
        "Reconciled Depreciation": NaN,
        "Reconciled Cost Of Revenue": NaN,
        "EBITDA": NaN,
        "EBIT": NaN,
        "Net Interest Income": NaN,
        "Interest Expense": NaN,
        "Normalized Income": NaN,
        "Net Income From Continuing And Discontinued Operation": NaN,
        "Total Expenses": NaN,
        "Total Operating Income As Reported": NaN,
        "Diluted Average Shares": NaN,
        "Basic Average Shares": NaN,
        "Diluted EPS": NaN,
        "Basic EPS": NaN,
        "Diluted NI Availto Com Stockholders": NaN,
        "Average Dilution Earnings": NaN,
        "Net Income Common Stockholders": NaN,
        "Preferred Stock Dividends": NaN,
        "Net Income": NaN,
        "Net Income Including Noncontrolling Interests": NaN,
        "Net Income Continuous Operations": NaN,
        "Tax Provision": NaN,
        "Pretax Income": NaN,
        "Other Income Expense": NaN,
        "Other Non Operating Income Expenses": NaN,
        "Special Income Charges": NaN,
        "Gain On Sale Of Business": 0.0,
        "Other Special Charges": -761000.0,
        "Net Non Operating Interest Income Expense": NaN,
        "Interest Expense Non Operating": NaN,
        "Operating Income": NaN,
        "Operating Expense": NaN,
        "Other Operating Expenses": -761000.0,
        "Other Taxes": NaN,
        "Depreciation Amortization Depletion Income Statement": NaN,
        "Depreciation And Amortization In Income Statement": NaN,
        "Depreciation Income Statement": NaN,
        "Gross Profit": NaN,
        "Cost Of Revenue": NaN,
        "Total Revenue": NaN,
        "Operating Revenue": NaN
    },
    "2022-09-30": {
        "Tax Effect Of Unusual Items": NaN,
        "Tax Rate For Calcs": NaN,
        "Normalized EBITDA": NaN,
        "Total Unusual Items": NaN,
        "Total Unusual Items Excluding Goodwill": NaN,
        "Net Income From Continuing Operation Net Minority Interest": NaN,
        "Reconciled Depreciation": NaN,
        "Reconciled Cost Of Revenue": NaN,
        "EBITDA": NaN,
        "EBIT": NaN,
        "Net Interest Income": NaN,
        "Interest Expense": NaN,
        "Normalized Income": NaN,
        "Net Income From Continuing And Discontinued Operation": NaN,
        "Total Expenses": NaN,
        "Total Operating Income As Reported": NaN,
        "Diluted Average Shares": NaN,
        "Basic Average Shares": NaN,
        "Diluted EPS": NaN,
        "Basic EPS": NaN,
        "Diluted NI Availto Com Stockholders": NaN,
        "Average Dilution Earnings": NaN,
        "Net Income Common Stockholders": NaN,
        "Preferred Stock Dividends": NaN,
        "Net Income": NaN,
        "Net Income Including Noncontrolling Interests": NaN,
        "Net Income Continuous Operations": NaN,
        "Tax Provision": NaN,
        "Pretax Income": NaN,
        "Other Income Expense": NaN,
        "Other Non Operating Income Expenses": NaN,
        "Special Income Charges": NaN,
        "Gain On Sale Of Business": NaN,
        "Other Special Charges": -627000.0,
        "Net Non Operating Interest Income Expense": NaN,
        "Interest Expense Non Operating": NaN,
        "Operating Income": NaN,
        "Operating Expense": NaN,
        "Other Operating Expenses": -627000.0,
        "Other Taxes": NaN,
        "Depreciation Amortization Depletion Income Statement": NaN,
        "Depreciation And Amortization In Income Statement": NaN,
        "Depreciation Income Statement": NaN,
        "Gross Profit": NaN,
        "Cost Of Revenue": NaN,
        "Total Revenue": NaN,
        "Operating Revenue": NaN
    },
    "2022-06-30": {
        "Tax Effect Of Unusual Items": 0.0,
        "Tax Rate For Calcs": 0.082273,
        "Normalized EBITDA": 18608000.0,
        "Total Unusual Items": 0.0,
        "Total Unusual Items Excluding Goodwill": 0.0,
        "Net Income From Continuing Operation Net Minority Interest": 8868000.0,
        "Reconciled Depreciation": 6576000.0,
        "Reconciled Cost Of Revenue": 18651000.0,
        "EBITDA": 18608000.0,
        "EBIT": 12032000.0,
        "Net Interest Income": -2369000.0,
        "Interest Expense": 2369000.0,
        "Normalized Income": 8868000.0,
        "Net Income From Continuing And Discontinued Operation": 8868000.0,
        "Total Expenses": 29047000.0,
        "Total Operating Income As Reported": 10088000.0,
        "Diluted Average Shares": 17698000.0,
        "Basic Average Shares": 17583000.0,
        "Diluted EPS": 0.5,
        "Basic EPS": 0.5,
        "Diluted NI Availto Com Stockholders": 8855000.0,
        "Average Dilution Earnings": 17000.0,
        "Net Income Common Stockholders": 8838000.0,
        "Preferred Stock Dividends": 30000.0,
        "Net Income": 8868000.0,
        "Net Income Including Noncontrolling Interests": 8868000.0,
        "Net Income Continuous Operations": 8868000.0,
        "Tax Provision": 795000.0,
        "Pretax Income": 9663000.0,
        "Other Income Expense": 1396000.0,
        "Other Non Operating Income Expenses": 1396000.0,
        "Special Income Charges": 0.0,
        "Gain On Sale Of Business": 0.0,
        "Other Special Charges": -548000.0,
        "Net Non Operating Interest Income Expense": -2369000.0,
        "Interest Expense Non Operating": 2369000.0,
        "Operating Income": 10636000.0,
        "Operating Expense": 9490000.0,
        "Other Operating Expenses": -548000.0,
        "Other Taxes": 4368000.0,
        "Depreciation Amortization Depletion Income Statement": 5670000.0,
        "Depreciation And Amortization In Income Statement": 5670000.0,
        "Depreciation Income Statement": 5670000.0,
        "Gross Profit": 20126000.0,
        "Cost Of Revenue": 19557000.0,
        "Total Revenue": 39683000.0,
        "Operating Revenue": 39683000.0
    },
    "2022-03-31": {
        "Diluted EPS": 0.68,
        "Total Revenue": 36,
        "Gross Profit": 36,
        "Operating Income": 13,
        "EBIT": 19,
        "Net Income": 12
    },
    "2021-12-31": {
        "Diluted EPS": 0.41,
        "Total Revenue": 34,
        "Gross Profit": 34,
        "Operating Income": 6,
        "EBIT": 16,
        "Net Income": 7
    },
    "2021-09-30": {
        "Diluted EPS": 0.65,
        "Total Revenue": 40,
        "Gross Profit": 40,
        "Operating Income": 11,
        "EBIT": 16,
        "Net Income": 11
    },
    "2021-06-30": {
        "Diluted EPS": 0.62,
        "Total Revenue": 37,
        "Gross Profit": 37,
        "Operating Income": 10,
        "EBIT": 16,
        "Net Income": 11
    },
    "2021-03-31": {
        "Diluted EPS": 0.39,
        "Total Revenue": 33,
        "Gross Profit": 33,
        "Operating Income": 6,
        "EBIT": 12,
        "Net Income": 7
    },
    "2020-12-31": {
        "Diluted EPS": 0.47,
        "Total Revenue": 35,
        "Gross Profit": 35,
        "Operating Income": 8,
        "EBIT": 14,
        "Net Income": 8
    },
    "2020-09-30": {
        "Diluted EPS": 0.72,
        "Total Revenue": 40,
        "Gross Profit": 40,
        "Operating Income": 13,
        "EBIT": 18,
        "Net Income": 13
    },
    "2020-06-30": {
        "Diluted EPS": 0.55,
        "Total Revenue": 35,
        "Gross Profit": 35,
        "Operating Income": 9,
        "EBIT": 15,
        "Net Income": 10
    },
    "2020-03-31": {
        "Diluted EPS": 0.44,
        "Total Revenue": 32,
        "Gross Profit": 32,
        "Operating Income": 7,
        "EBIT": 12,
        "Net Income": 8
    },
    "2019-12-31": {
        "Diluted EPS": 0.47,
        "Total Revenue": 33,
        "Gross Profit": 33,
        "Operating Income": 8,
        "EBIT": 12,
        "Net Income": 8
    },
    "2019-09-30": {
        "Diluted EPS": 0.66,
        "Total Revenue": 38,
        "Gross Profit": 38,
        "Operating Income": 12,
        "EBIT": 16,
        "Net Income": 11
    },
    "2019-06-30": {
        "Diluted EPS": 0.49,
        "Total Revenue": 33,
        "Gross Profit": 33,
        "Operating Income": 9,
        "EBIT": 13,
        "Net Income": 8
    },
    "2019-03-31": {
        "Diluted EPS": 0.39,
        "Total Revenue": 31,
        "Gross Profit": 31,
        "Operating Income": 7,
        "EBIT": 11,
        "Net Income": 7
    },
    "2018-12-31": {
        "Diluted EPS": 0.43,
        "Total Revenue": 33,
        "Gross Profit": 33,
        "Operating Income": 7,
        "EBIT": 11,
        "Net Income": 7
    },
    "2018-09-30": {
        "Diluted EPS": 0.74,
        "Total Revenue": 39,
        "Gross Profit": 39,
        "Operating Income": 13,
        "EBIT": 17,
        "Net Income": 12
    },
    "2018-06-30": {
        "Diluted EPS": 0.52,
        "Total Revenue": 35,
        "Gross Profit": 35,
        "Operating Income": 11,
        "EBIT": 15,
        "Net Income": 9
    },
    "2018-03-31": {
        "Diluted EPS": 0.27,
        "Total Revenue": 31,
        "Gross Profit": 31,
        "Operating Income": 6,
        "EBIT": 10,
        "Net Income": 4
    },
    "2017-12-31": {
        "Diluted EPS": 0.32,
        "Total Revenue": 31,
        "Gross Profit": 31,
        "Operating Income": 8,
        "EBIT": 12,
        "Net Income": 5
    },
    "2017-09-30": {
        "Diluted EPS": 0.46,
        "Total Revenue": 36,
        "Gross Profit": 36,
        "Operating Income": 13,
        "EBIT": 16,
        "Net Income": 8
    },
    "2017-06-30": {
        "Diluted EPS": 0.33,
        "Total Revenue": 33,
        "Gross Profit": 33,
        "Operating Income": 9,
        "EBIT": 13,
        "Net Income": 5
    },
    "2017-03-31": {
        "Diluted EPS": 0.27,
        "Total Revenue": 30,
        "Gross Profit": 30,
        "Operating Income": 8,
        "EBIT": 11,
        "Net Income": 4
    },
    "2016-12-31": {
        "Diluted EPS": 0.19,
        "Total Revenue": 32,
        "Gross Profit": 32,
        "Operating Income": 8,
        "EBIT": 11,
        "Net Income": 3
    },
    "2016-09-30": {
        "Diluted EPS": 0.54,
        "Total Revenue": 38,
        "Gross Profit": 38,
        "Operating Income": 14,
        "EBIT": 17,
        "Net Income": 9
    },
    "2016-06-30": {
        "Diluted EPS": 0.36,
        "Total Revenue": 33,
        "Gross Profit": 33,
        "Operating Income": 10,
        "EBIT": 14,
        "Net Income": 6
    },
    "2016-03-31": {
        "Diluted EPS": 0.29,
        "Total Revenue": 31,
        "Gross Profit": 31,
        "Operating Income": 8,
        "EBIT": 12,
        "Net Income": 5
    },
    "2015-12-31": {
        "Diluted EPS": 0.28,
        "Total Revenue": 31,
        "Gross Profit": 31,
        "Operating Income": 8,
        "EBIT": 12,
        "Net Income": 5
    },
    "2015-09-30": {
        "Diluted EPS": 0.41,
        "Total Revenue": 35,
        "Gross Profit": 35,
        "Operating Income": 11,
        "EBIT": 15,
        "Net Income": 7
    },
    "2015-06-30": {
        "Diluted EPS": 0.31,
        "Total Revenue": 32,
        "Gross Profit": 32,
        "Operating Income": 9,
        "EBIT": 13,
        "Net Income": 5
    },
    "2015-03-31": {
        "Diluted EPS": 0.22,
        "Total Revenue": 29,
        "Gross Profit": 29,
        "Operating Income": 7,
        "EBIT": 10,
        "Net Income": 4
    },
    "2014-12-31": {
        "Diluted EPS": 0.22,
        "Total Revenue": 28,
        "Gross Profit": 28,
        "Operating Income": 8,
        "EBIT": 11,
        "Net Income": 4
    },
    "2014-09-30": {
        "Diluted EPS": 0.42,
        "Total Revenue": 33,
        "Gross Profit": 33,
        "Operating Income": 12,
        "EBIT": 15,
        "Net Income": 7
    },
    "2014-06-30": {
        "Diluted EPS": 0.29,
        "Total Revenue": 29,
        "Gross Profit": 29,
        "Operating Income": 9,
        "EBIT": 12,
        "Net Income": 5
    },
    "2014-03-31": {
        "Diluted EPS": 0.2,
        "Total Revenue": 27,
        "Gross Profit": 27,
        "Operating Income": 6,
        "EBIT": 9,
        "Net Income": 3
    },
    "2013-12-31": {
        "Diluted EPS": 0.19,
        "Total Revenue": 27,
        "Gross Profit": 27,
        "Operating Income": 7,
        "EBIT": 10,
        "Net Income": 3
    },
    "2013-09-30": {
        "Diluted EPS": 0.36,
        "Total Revenue": 31,
        "Gross Profit": 31,
        "Operating Income": 10,
        "EBIT": 13,
        "Net Income": 6
    },
    "2013-06-30": {
        "Diluted EPS": 0.28,
        "Total Revenue": 29,
        "Gross Profit": 29,
        "Operating Income": 8,
        "EBIT": 11,
        "Net Income": 4
    },
    "2013-03-31": {
        "Diluted EPS": 0.2,
        "Total Revenue": 27,
        "Gross Profit": 27,
        "Operating Income": 6,
        "EBIT": 9,
        "Net Income": 3
    },
    "2012-12-31": {
        "Diluted EPS": 0.18,
        "Total Revenue": 27,
        "Gross Profit": 27,
        "Operating Income": 6,
        "EBIT": 9,
        "Net Income": 3
    },
    "2012-09-30": {
        "Diluted EPS": 0.38,
        "Total Revenue": 32,
        "Gross Profit": 32,
        "Operating Income": 11,
        "EBIT": 14,
        "Net Income": 6
    },
    "2012-06-30": {
        "Diluted EPS": 0.23,
        "Total Revenue": 27,
        "Gross Profit": 27,
        "Operating Income": 7,
        "EBIT": 10,
        "Net Income": 4
    },
    "2012-03-31": {
        "Diluted EPS": 0.11,
        "Total Revenue": 24,
        "Gross Profit": 24,
        "Operating Income": 4,
        "EBIT": 6,
        "Net Income": 2
    },
    "2011-12-31": {
        "Diluted EPS": 0.12,
        "Total Revenue": 23,
        "Gross Profit": 23,
        "Operating Income": 4,
        "EBIT": 7,
        "Net Income": 2
    },
    "2011-09-30": {
        "Diluted EPS": 0.32,
        "Total Revenue": 29,
        "Gross Profit": 29,
        "Operating Income": 9,
        "EBIT": 11,
        "Net Income": 5
    },
    "2011-06-30": {
        "Diluted EPS": 0.23,
        "Total Revenue": 26,
        "Gross Profit": 26,
        "Operating Income": 7,
        "EBIT": 9,
        "Net Income": 4
    },
    "2011-03-31": {
        "Diluted EPS": 0.17,
        "Total Revenue": 24,
        "Gross Profit": 24,
        "Operating Income": 5,
        "EBIT": 7,
        "Net Income": 3
    },
    "2010-12-31": {
        "Diluted EPS": 0.18,
        "Total Revenue": 25,
        "Gross Profit": 25,
        "Operating Income": 5,
        "EBIT": 8,
        "Net Income": 3
    },
    "2010-09-30": {
        "Diluted EPS": 0.36,
        "Total Revenue": 30,
        "Gross Profit": 30,
        "Operating Income": 10,
        "EBIT": 13,
        "Net Income": 6
    },
    "2010-06-30": {
        "Diluted EPS": 0.31,
        "Total Revenue": 27,
        "Gross Profit": 27,
        "Operating Income": 8,
        "EBIT": 10,
        "Net Income": 4
    },
    "2010-03-31": {
        "Diluted EPS": 0.11,
        "Total Revenue": 22,
        "Gross Profit": 22,
        "Operating Income": 3,
        "EBIT": 6,
        "Net Income": 2
    },
    "2009-12-31": {
        "Diluted EPS": 0.12,
        "Total Revenue": 22,
        "Gross Profit": 22,
        "Operating Income": 4,
        "EBIT": 7,
        "Net Income": 2
    },
    "2009-09-30": {
        "Diluted EPS": 0.29,
        "Total Revenue": 25,
        "Gross Profit": 25,
        "Operating Income": 7,
        "EBIT": 10,
        "Net Income": 4
    },
    "2009-06-30": {
        "Diluted EPS": 0.21,
        "Total Revenue": 23,
        "Gross Profit": 23,
        "Operating Income": 6,
        "EBIT": 8,
        "Net Income": 3
    },
    "2009-03-31": {
        "Diluted EPS": 0.1,
        "Total Revenue": 21,
        "Gross Profit": 21,
        "Operating Income": 3,
        "EBIT": 5,
        "Net Income": 1
    },
    "2023-09-30": {
        "Tax Effect Of Unusual Items": NaN,
        "Tax Rate For Calcs": NaN,
        "Normalized EBITDA": NaN,
        "Total Unusual Items": 0.0,
        "Total Unusual Items Excluding Goodwill": 0.0,
        "Net Income From Continuing Operation Net Minority Interest": NaN,
        "Reconciled Depreciation": NaN,
        "Reconciled Cost Of Revenue": NaN,
        "EBITDA": NaN,
        "EBIT": NaN,
        "Net Interest Income": NaN,
        "Interest Expense": NaN,
        "Normalized Income": NaN,
        "Net Income From Continuing And Discontinued Operation": NaN,
        "Total Expenses": NaN,
        "Total Operating Income As Reported": NaN,
        "Diluted Average Shares": NaN,
        "Basic Average Shares": NaN,
        "Diluted EPS": NaN,
        "Basic EPS": NaN,
        "Diluted NI Availto Com Stockholders": NaN,
        "Average Dilution Earnings": NaN,
        "Net Income Common Stockholders": NaN,
        "Preferred Stock Dividends": NaN,
        "Net Income": NaN,
        "Net Income Including Noncontrolling Interests": NaN,
        "Net Income Continuous Operations": NaN,
        "Tax Provision": NaN,
        "Pretax Income": NaN,
        "Other Income Expense": NaN,
        "Other Non Operating Income Expenses": NaN,
        "Special Income Charges": 0.0,
        "Gain On Sale Of Business": 0.0,
        "Other Special Charges": NaN,
        "Net Non Operating Interest Income Expense": NaN,
        "Interest Expense Non Operating": NaN,
        "Operating Income": NaN,
        "Operating Expense": NaN,
        "Other Taxes": NaN,
        "Depreciation Amortization Depletion Income Statement": NaN,
        "Depreciation And Amortization In Income Statement": NaN,
        "Depreciation Income Statement": NaN,
        "Gross Profit": NaN,
        "Cost Of Revenue": NaN,
        "Total Revenue": NaN,
        "Operating Revenue": NaN
    },
    "2023-12-31": {
        "Tax Effect Of Unusual Items": NaN,
        "Tax Rate For Calcs": NaN,
        "Normalized EBITDA": NaN,
        "Total Unusual Items": 0.0,
        "Total Unusual Items Excluding Goodwill": 0.0,
        "Net Income From Continuing Operation Net Minority Interest": NaN,
        "Reconciled Depreciation": NaN,
        "Reconciled Cost Of Revenue": NaN,
        "EBITDA": NaN,
        "EBIT": NaN,
        "Net Interest Income": NaN,
        "Interest Expense": NaN,
        "Normalized Income": NaN,
        "Net Income From Continuing And Discontinued Operation": NaN,
        "Total Expenses": NaN,
        "Total Operating Income As Reported": NaN,
        "Diluted Average Shares": NaN,
        "Basic Average Shares": NaN,
        "Diluted EPS": NaN,
        "Basic EPS": NaN,
        "Diluted NI Availto Com Stockholders": NaN,
        "Average Dilution Earnings": NaN,
        "Net Income Common Stockholders": NaN,
        "Preferred Stock Dividends": NaN,
        "Net Income": NaN,
        "Net Income Including Noncontrolling Interests": NaN,
        "Net Income Continuous Operations": NaN,
        "Tax Provision": NaN,
        "Pretax Income": NaN,
        "Other Income Expense": NaN,
        "Other Non Operating Income Expenses": NaN,
        "Special Income Charges": 0.0,
        "Gain On Sale Of Business": 0.0,
        "Other Special Charges": NaN,
        "Net Non Operating Interest Income Expense": NaN,
        "Interest Expense Non Operating": NaN,
        "Operating Income": NaN,
        "Operating Expense": NaN,
        "Other Taxes": NaN,
        "Depreciation Amortization Depletion Income Statement": NaN,
        "Depreciation And Amortization In Income Statement": NaN,
        "Depreciation Income Statement": NaN,
        "Gross Profit": NaN,
        "Cost Of Revenue": NaN,
        "Total Revenue": NaN,
        "Operating Revenue": NaN
    },
    "2024-03-31": {
        "Tax Effect Of Unusual Items": 18819.831118,
        "Tax Rate For Calcs": 0.106931,
        "Normalized EBITDA": 21033000.0,
        "Total Unusual Items": 176000.0,
        "Total Unusual Items Excluding Goodwill": 176000.0,
        "Net Income From Continuing Operation Net Minority Interest": 10682000.0,
        "Reconciled Depreciation": 5979000.0,
        "Reconciled Cost Of Revenue": 19882000.0,
        "EBITDA": 21209000.0,
        "EBIT": 15230000.0,
        "Net Interest Income": -3269000.0,
        "Interest Expense": 3269000.0,
        "Normalized Income": 10524819.831118,
        "Net Income From Continuing And Discontinued Operation": 10682000.0,
        "Total Expenses": 30659000.0,
        "Total Operating Income As Reported": 9865000.0,
        "Diluted Average Shares": 17934000.0,
        "Basic Average Shares": 17819000.0,
        "Diluted EPS": 0.59,
        "Basic EPS": 0.6,
        "Diluted NI Availto Com Stockholders": 10669000.0,
        "Average Dilution Earnings": 17000.0,
        "Net Income Common Stockholders": 10652000.0,
        "Preferred Stock Dividends": 30000.0,
        "Net Income": 10682000.0,
        "Net Income Including Noncontrolling Interests": 10682000.0,
        "Net Income Continuous Operations": 10682000.0,
        "Tax Provision": 1279000.0,
        "Pretax Income": 11961000.0,
        "Other Income Expense": 5365000.0,
        "Other Non Operating Income Expenses": 5189000.0,
        "Special Income Charges": 176000.0,
        "Gain On Sale Of Business": NaN,
        "Other Special Charges": -176000.0,
        "Net Non Operating Interest Income Expense": -3269000.0,
        "Interest Expense Non Operating": 3269000.0,
        "Operating Income": 9865000.0,
        "Operating Expense": 10194000.0,
        "Other Taxes": 4798000.0,
        "Depreciation Amortization Depletion Income Statement": 5396000.0,
        "Depreciation And Amortization In Income Statement": 5396000.0,
        "Depreciation Income Statement": 5396000.0,
        "Gross Profit": 20059000.0,
        "Cost Of Revenue": 20465000.0,
        "Total Revenue": 40524000.0,
        "Operating Revenue": 40524000.0
    },
    "2024-06-30": {
        "Tax Effect Of Unusual Items": 0.0,
        "Tax Rate For Calcs": 0.242929,
        "Normalized EBITDA": 25000000.0,
        "Total Unusual Items": NaN,
        "Total Unusual Items Excluding Goodwill": NaN,
        "Net Income From Continuing Operation Net Minority Interest": 10546000.0,
        "Reconciled Depreciation": 7029000.0,
        "Reconciled Cost Of Revenue": 21101000.0,
        "EBITDA": 25000000.0,
        "EBIT": 17971000.0,
        "Net Interest Income": -4041000.0,
        "Interest Expense": 4041000.0,
        "Normalized Income": 10546000.0,
        "Net Income From Continuing And Discontinued Operation": 10546000.0,
        "Total Expenses": 33831000.0,
        "Total Operating Income As Reported": 15315000.0,
        "Diluted Average Shares": 17944000.0,
        "Basic Average Shares": 17829000.0,
        "Diluted EPS": 0.59,
        "Basic EPS": 0.59,
        "Diluted NI Availto Com Stockholders": 10533000.0,
        "Average Dilution Earnings": 17000.0,
        "Net Income Common Stockholders": 10516000.0,
        "Preferred Stock Dividends": 30000.0,
        "Net Income": 10546000.0,
        "Net Income Including Noncontrolling Interests": 10546000.0,
        "Net Income Continuous Operations": 10546000.0,
        "Tax Provision": 3384000.0,
        "Pretax Income": 13930000.0,
        "Other Income Expense": 2656000.0,
        "Other Non Operating Income Expenses": 2656000.0,
        "Special Income Charges": NaN,
        "Gain On Sale Of Business": NaN,
        "Other Special Charges": NaN,
        "Net Non Operating Interest Income Expense": -4041000.0,
        "Interest Expense Non Operating": 4041000.0,
        "Operating Income": 15315000.0,
        "Operating Expense": 12006000.0,
        "Other Taxes": 5701000.0,
        "Depreciation Amortization Depletion Income Statement": 6305000.0,
        "Depreciation And Amortization In Income Statement": 6305000.0,
        "Depreciation Income Statement": 6305000.0,
        "Gross Profit": 27321000.0,
        "Cost Of Revenue": 21825000.0,
        "Total Revenue": 49146000.0,
        "Operating Revenue": 49146000.0
    },
    "2024-09-30": {
        "Tax Effect Of Unusual Items": 0.0,
        "Tax Rate For Calcs": 0.108295,
        "Normalized EBITDA": 26338000.0,
        "Total Unusual Items": NaN,
        "Total Unusual Items Excluding Goodwill": NaN,
        "Net Income From Continuing Operation Net Minority Interest": 14319000.0,
        "Reconciled Depreciation": 7223000.0,
        "Reconciled Cost Of Revenue": 24445000.0,
        "EBITDA": 26338000.0,
        "EBIT": 19115000.0,
        "Net Interest Income": -3057000.0,
        "Interest Expense": 3057000.0,
        "Normalized Income": 14319000.0,
        "Net Income From Continuing And Discontinued Operation": 14319000.0,
        "Total Expenses": 37599000.0,
        "Total Operating Income As Reported": 17501000.0,
        "Diluted Average Shares": 17952000.0,
        "Basic Average Shares": 17838000.0,
        "Diluted EPS": 0.8,
        "Basic EPS": 0.8,
        "Diluted NI Availto Com Stockholders": 14307000.0,
        "Average Dilution Earnings": 17000.0,
        "Net Income Common Stockholders": 14290000.0,
        "Preferred Stock Dividends": 29000.0,
        "Net Income": 14319000.0,
        "Net Income Including Noncontrolling Interests": 14319000.0,
        "Net Income Continuous Operations": 14319000.0,
        "Tax Provision": 1739000.0,
        "Pretax Income": 16058000.0,
        "Other Income Expense": 1614000.0,
        "Other Non Operating Income Expenses": 1614000.0,
        "Special Income Charges": NaN,
        "Gain On Sale Of Business": NaN,
        "Other Special Charges": NaN,
        "Net Non Operating Interest Income Expense": -3057000.0,
        "Interest Expense Non Operating": 3057000.0,
        "Operating Income": 17501000.0,
        "Operating Expense": 12240000.0,
        "Other Taxes": 5931000.0,
        "Depreciation Amortization Depletion Income Statement": 6309000.0,
        "Depreciation And Amortization In Income Statement": 6309000.0,
        "Depreciation Income Statement": 6309000.0,
        "Gross Profit": 29741000.0,
        "Cost Of Revenue": 25359000.0,
        "Total Revenue": 55100000.0,
        "Operating Revenue": 55100000.0
    },
    "2024-12-31": {
        "Tax Effect Of Unusual Items": 0.0,
        "Tax Rate For Calcs": 0.054045,
        "Normalized EBITDA": 19949000.0,
        "Total Unusual Items": NaN,
        "Total Unusual Items Excluding Goodwill": NaN,
        "Net Income From Continuing Operation Net Minority Interest": 8804000.0,
        "Reconciled Depreciation": 7807000.0,
        "Reconciled Cost Of Revenue": 23327000.0,
        "EBITDA": 19949000.0,
        "EBIT": 12142000.0,
        "Net Interest Income": -2835000.0,
        "Interest Expense": 2835000.0,
        "Normalized Income": 8804000.0,
        "Net Income From Continuing And Discontinued Operation": 8804000.0,
        "Total Expenses": 36578000.0,
        "Total Operating Income As Reported": 10529000.0,
        "Diluted Average Shares": 17954000.0,
        "Basic Average Shares": 17881000.0,
        "Diluted EPS": 0.49,
        "Basic EPS": 0.49,
        "Diluted NI Availto Com Stockholders": 8777000.0,
        "Average Dilution Earnings": -4000.0,
        "Net Income Common Stockholders": 8781000.0,
        "Preferred Stock Dividends": 23000.0,
        "Net Income": 8804000.0,
        "Net Income Including Noncontrolling Interests": 8804000.0,
        "Net Income Continuous Operations": 8804000.0,
        "Tax Provision": 503000.0,
        "Pretax Income": 9307000.0,
        "Other Income Expense": 1613000.0,
        "Other Non Operating Income Expenses": 1613000.0,
        "Special Income Charges": NaN,
        "Gain On Sale Of Business": NaN,
        "Other Special Charges": NaN,
        "Net Non Operating Interest Income Expense": -2835000.0,
        "Interest Expense Non Operating": 2835000.0,
        "Operating Income": 10529000.0,
        "Operating Expense": 11864000.0,
        "Other Taxes": 5444000.0,
        "Depreciation Amortization Depletion Income Statement": 6420000.0,
        "Depreciation And Amortization In Income Statement": 6420000.0,
        "Depreciation Income Statement": 6420000.0,
        "Gross Profit": 22393000.0,
        "Cost Of Revenue": 24714000.0,
        "Total Revenue": 47107000.0,
        "Operating Revenue": 47107000.0
    },
    "2025-03-31": {
        "Tax Effect Of Unusual Items": 40622.497886,
        "Tax Rate For Calcs": 0.1092,
        "Normalized EBITDA": 20895000.0,
        "Total Unusual Items": 372000.0,
        "Total Unusual Items Excluding Goodwill": 372000.0,
        "Net Income From Continuing Operation Net Minority Interest": 9479000.0,
        "Reconciled Depreciation": 7913000.0,
        "Reconciled Cost Of Revenue": 19723000.0,
        "EBITDA": 21267000.0,
        "EBIT": 13354000.0,
        "Net Interest Income": -2713000.0,
        "Interest Expense": 2713000.0,
        "Normalized Income": 9147622.497886,
        "Net Income From Continuing And Discontinued Operation": 9479000.0,
        "Total Expenses": 32744000.0,
        "Total Operating Income As Reported": 11557000.0,
        "Diluted Average Shares": 17951000.0,
        "Basic Average Shares": 17890000.0,
        "Diluted EPS": 0.53,
        "Basic EPS": 0.53,
        "Diluted NI Availto Com Stockholders": 9467000.0,
        "Average Dilution Earnings": 10000.0,
        "Net Income Common Stockholders": 9457000.0,
        "Preferred Stock Dividends": 22000.0,
        "Net Income": 9479000.0,
        "Net Income Including Noncontrolling Interests": 9479000.0,
        "Net Income Continuous Operations": 9479000.0,
        "Tax Provision": 1162000.0,
        "Pretax Income": 10641000.0,
        "Other Income Expense": 1797000.0,
        "Other Non Operating Income Expenses": 1425000.0,
        "Special Income Charges": 372000.0,
        "Gain On Sale Of Business": NaN,
        "Other Special Charges": -372000.0,
        "Net Non Operating Interest Income Expense": -2713000.0,
        "Interest Expense Non Operating": 2713000.0,
        "Operating Income": 11557000.0,
        "Operating Expense": 11635000.0,
        "Other Taxes": 5108000.0,
        "Depreciation Amortization Depletion Income Statement": 6527000.0,
        "Depreciation And Amortization In Income Statement": 6527000.0,
        "Depreciation Income Statement": 6527000.0,
        "Gross Profit": 23192000.0,
        "Cost Of Revenue": 21109000.0,
        "Total Revenue": 44301000.0,
        "Operating Revenue": 44301000.0
    }
}