{
    "2023-03-31": {
        "Tax Effect Of Unusual Items": 0.0,
        "Tax Rate For Calcs": 0.0,
        "Normalized EBITDA": -11466000.0,
        "Total Unusual Items": 8276000.0,
        "Total Unusual Items Excluding Goodwill": 8276000.0,
        "Net Income From Continuing Operation Net Minority Interest": 5970000.0,
        "Reconciled Depreciation": 229000.0,
        "Reconciled Cost Of Revenue": 2723000.0,
        "EBITDA": -3190000.0,
        "EBIT": -3419000.0,
        "Net Interest Income": 356000.0,
        "Interest Income": 356000.0,
        "Normalized Income": -2306000.0,
        "Net Income From Continuing And Discontinued Operation": 5970000.0,
        "Total Expenses": 15568000.0,
        "Total Operating Income As Reported": -3419000.0,
        "Diluted Average Shares": 27561271.0,
        "Basic Average Shares": 25421112.0,
        "Diluted EPS": 0.225,
        "Basic EPS": 0.225,
        "Diluted NI Availto Com Stockholders": 5970000.0,
        "Net Income Common Stockholders": 5970000.0,
        "Net Income": 5970000.0,
        "Minority Interests": 636000.0,
        "Net Income Including Noncontrolling Interests": 5334000.0,
        "Net Income Continuous Operations": 5334000.0,
        "Earnings From Equity Interest Net Of Tax": 144000.0,
        "Tax Provision": 0.0,
        "Pretax Income": 5190000.0,
        "Other Income Expense": 8253000.0,
        "Other Non Operating Income Expenses": -23000.0,
        "Special Income Charges": NaN,
        "Impairment Of Capital Assets": NaN,
        "Gain On Sale Of Security": 8276000.0,
        "Net Non Operating Interest Income Expense": 356000.0,
        "Interest Income Non Operating": 356000.0,
        "Operating Income": -3419000.0,
        "Operating Expense": 12845000.0,
        "Research And Development": 4902000.0,
        "Selling General And Administration": 7943000.0,
        "Selling And Marketing Expense": 4896000.0,
        "General And Administrative Expense": 3047000.0,
        "Other Gand A": 3047000.0,
        "Gross Profit": 9426000.0,
        "Cost Of Revenue": 2723000.0,
        "Total Revenue": 12149000.0,
        "Operating Revenue": 12080000.0
    },
    "2022-12-31": {
        "Tax Effect Of Unusual Items": -2157218.348624,
        "Tax Rate For Calcs": 0.110186,
        "Normalized EBITDA": -1514000.0,
        "Total Unusual Items": -19578000.0,
        "Total Unusual Items Excluding Goodwill": -19578000.0,
        "Net Income From Continuing Operation Net Minority Interest": -18437000.0,
        "Reconciled Depreciation": 162000.0,
        "Reconciled Cost Of Revenue": 2757000.0,
        "EBITDA": -21092000.0,
        "EBIT": -21254000.0,
        "Net Interest Income": 347000.0,
        "Interest Expense": 1000.0,
        "Interest Income": 348000.0,
        "Normalized Income": -1016218.348624,
        "Net Income From Continuing And Discontinued Operation": -18437000.0,
        "Total Expenses": 16285000.0,
        "Total Operating Income As Reported": -4731000.0,
        "Diluted Average Shares": NaN,
        "Basic Average Shares": NaN,
        "Diluted EPS": NaN,
        "Basic EPS": NaN,
        "Diluted NI Availto Com Stockholders": -18437000.0,
        "Net Income Common Stockholders": -18437000.0,
        "Net Income": -18437000.0,
        "Minority Interests": 278000.0,
        "Net Income Including Noncontrolling Interests": -18715000.0,
        "Net Income Discontinuous Operations": 0.0,
        "Net Income Continuous Operations": -18715000.0,
        "Earnings From Equity Interest Net Of Tax": 198000.0,
        "Tax Provision": -2342000.0,
        "Pretax Income": -21255000.0,
        "Other Income Expense": -17821000.0,
        "Other Non Operating Income Expenses": 1757000.0,
        "Special Income Charges": 40490000.0,
        "Impairment Of Capital Assets": -40490000.0,
        "Restructuring And Mergern Acquisition": 0.0,
        "Gain On Sale Of Security": -60068000.0,
        "Net Non Operating Interest Income Expense": 347000.0,
        "Interest Expense Non Operating": 1000.0,
        "Interest Income Non Operating": 348000.0,
        "Operating Income": -3781000.0,
        "Operating Expense": 13528000.0,
        "Other Operating Expenses": 12000.0,
        "Research And Development": 4223000.0,
        "Selling General And Administration": 9293000.0,
        "Selling And Marketing Expense": 5168000.0,
        "General And Administrative Expense": 4125000.0,
        "Other Gand A": 4125000.0,
        "Gross Profit": 9747000.0,
        "Cost Of Revenue": 2757000.0,
        "Total Revenue": 12504000.0,
        "Operating Revenue": 12005000.0
    },
    "2022-09-30": {
        "Tax Effect Of Unusual Items": 0.0,
        "Tax Rate For Calcs": 0.0,
        "Normalized EBITDA": -2871000.0,
        "Total Unusual Items": -49643000.0,
        "Total Unusual Items Excluding Goodwill": -49643000.0,
        "Net Income From Continuing Operation Net Minority Interest": -52134000.0,
        "Reconciled Depreciation": 187000.0,
        "Reconciled Cost Of Revenue": 2692000.0,
        "EBITDA": -52514000.0,
        "EBIT": -52514000.0,
        "Net Interest Income": 32000.0,
        "Interest Expense": 0.0,
        "Interest Income": 32000.0,
        "Normalized Income": -2491000.0,
        "Net Income From Continuing And Discontinued Operation": -52134000.0,
        "Total Expenses": 14907000.0,
        "Total Operating Income As Reported": -2898000.0,
        "Diluted Average Shares": 25291667.0,
        "Basic Average Shares": 25291667.0,
        "Diluted EPS": -2.07,
        "Basic EPS": -2.07,
        "Diluted NI Availto Com Stockholders": -52134000.0,
        "Net Income Common Stockholders": -52134000.0,
        "Net Income": -52134000.0,
        "Minority Interests": 337000.0,
        "Net Income Including Noncontrolling Interests": -52471000.0,
        "Net Income Discontinuous Operations": 0.0,
        "Net Income Continuous Operations": -52471000.0,
        "Earnings From Equity Interest Net Of Tax": 43000.0,
        "Tax Provision": 0.0,
        "Pretax Income": -52514000.0,
        "Other Income Expense": -49637000.0,
        "Other Non Operating Income Expenses": 6000.0,
        "Special Income Charges": -41452000.0,
        "Impairment Of Capital Assets": 41452000.0,
        "Restructuring And Mergern Acquisition": 0.0,
        "Gain On Sale Of Security": -8191000.0,
        "Net Non Operating Interest Income Expense": 32000.0,
        "Interest Expense Non Operating": 0.0,
        "Interest Income Non Operating": 32000.0,
        "Operating Income": -2909000.0,
        "Operating Expense": 12215000.0,
        "Other Operating Expenses": 11000.0,
        "Research And Development": 4274000.0,
        "Selling General And Administration": 7930000.0,
        "Selling And Marketing Expense": 4828000.0,
        "General And Administrative Expense": 3102000.0,
        "Other Gand A": 3102000.0,
        "Gross Profit": 9306000.0,
        "Cost Of Revenue": 2692000.0,
        "Total Revenue": 11998000.0,
        "Operating Revenue": 11998000.0
    },
    "2022-06-30": {
        "Tax Effect Of Unusual Items": 0.0,
        "Tax Rate For Calcs": 0.0,
        "Normalized EBITDA": 11221000.0,
        "Total Unusual Items": 13363000.0,
        "Total Unusual Items Excluding Goodwill": 13363000.0,
        "Net Income From Continuing Operation Net Minority Interest": -1356000.0,
        "Reconciled Depreciation": 156000.0,
        "Reconciled Cost Of Revenue": 2514000.0,
        "EBITDA": 11221000.0,
        "EBIT": 11221000.0,
        "Net Interest Income": 12000.0,
        "Interest Expense": NaN,
        "Interest Income": 36000.0,
        "Normalized Income": -1356000.0,
        "Net Income From Continuing And Discontinued Operation": -1356000.0,
        "Total Expenses": 14755000.0,
        "Total Operating Income As Reported": -3743000.0,
        "Diluted Average Shares": 25287609.0,
        "Basic Average Shares": 25287609.0,
        "Diluted EPS": -0.045,
        "Basic EPS": -0.045,
        "Diluted NI Availto Com Stockholders": -1356000.0,
        "Net Income Common Stockholders": -1356000.0,
        "Net Income": -1356000.0,
        "Minority Interests": 192000.0,
        "Net Income Including Noncontrolling Interests": -1548000.0,
        "Net Income Discontinuous Operations": NaN,
        "Net Income Continuous Operations": -1548000.0,
        "Earnings From Equity Interest Net Of Tax": -11154000.0,
        "Tax Provision": 0.0,
        "Pretax Income": 9606000.0,
        "Other Income Expense": 13364000.0,
        "Other Non Operating Income Expenses": 1000.0,
        "Special Income Charges": NaN,
        "Impairment Of Capital Assets": NaN,
        "Restructuring And Mergern Acquisition": NaN,
        "Gain On Sale Of Security": 13363000.0,
        "Net Non Operating Interest Income Expense": 12000.0,
        "Interest Expense Non Operating": NaN,
        "Interest Income Non Operating": 36000.0,
        "Operating Income": -3770000.0,
        "Operating Expense": 12241000.0,
        "Other Operating Expenses": NaN,
        "Research And Development": 4092000.0,
        "Selling General And Administration": 8122000.0,
        "Selling And Marketing Expense": 4833000.0,
        "General And Administrative Expense": 3289000.0,
        "Other Gand A": 3289000.0,
        "Gross Profit": 8471000.0,
        "Cost Of Revenue": 2514000.0,
        "Total Revenue": 10985000.0,
        "Operating Revenue": 10985000.0
    },
    "2022-03-31": {
        "Diluted EPS": -0.13,
        "Total Revenue": 10,
        "Gross Profit": 8,
        "Operating Income": -5,
        "EBIT": -5,
        "Net Income": -3
    },
    "2019-06-30": {
        "Diluted EPS": 2.52,
        "Total Revenue": 105,
        "Gross Profit": 4,
        "Operating Income": -15,
        "EBIT": -15,
        "Net Income": 96
    },
    "2019-03-31": {
        "Diluted EPS": -1.2,
        "Total Revenue": 110,
        "Gross Profit": 9,
        "Operating Income": -11,
        "EBIT": -11,
        "Net Income": -28
    },
    "2018-12-31": {
        "Diluted EPS": -0.42,
        "Total Revenue": 118,
        "Gross Profit": 10,
        "Operating Income": -11,
        "EBIT": -11,
        "Net Income": -23
    },
    "2018-09-30": {
        "Diluted EPS": -1.26,
        "Total Revenue": 117,
        "Gross Profit": -3,
        "Operating Income": -44,
        "EBIT": -44,
        "Net Income": -29
    },
    "2018-06-30": {
        "Diluted EPS": 6.63,
        "Total Revenue": 130,
        "Gross Profit": 4,
        "Operating Income": -32,
        "EBIT": -32,
        "Net Income": 166
    },
    "2018-03-31": {
        "Diluted EPS": -1.8,
        "Total Revenue": 134,
        "Gross Profit": 10,
        "Operating Income": -24,
        "EBIT": -24,
        "Net Income": -42
    },
    "2017-12-31": {
        "Diluted EPS": -2.49,
        "Total Revenue": 74,
        "Gross Profit": -5,
        "Operating Income": -18,
        "EBIT": -18,
        "Net Income": -54
    },
    "2017-09-30": {
        "Diluted EPS": -0.99,
        "Total Revenue": 60,
        "Gross Profit": 6,
        "Operating Income": -27,
        "EBIT": -27,
        "Net Income": -23
    },
    "2017-06-30": {
        "Diluted EPS": -0.75,
        "Total Revenue": 20,
        "Gross Profit": 5,
        "Operating Income": -15,
        "EBIT": -15,
        "Net Income": -17
    },
    "2017-03-31": {
        "Diluted EPS": -0.72,
        "Total Revenue": 21,
        "Gross Profit": 6,
        "Operating Income": -18,
        "EBIT": -18,
        "Net Income": -16
    },
    "2016-12-31": {
        "Diluted EPS": -4.05,
        "Total Revenue": 20,
        "Gross Profit": 4,
        "Operating Income": -16,
        "EBIT": -16,
        "Net Income": -93
    },
    "2016-09-30": {
        "Diluted EPS": -0.99,
        "Total Revenue": 18,
        "Gross Profit": 4,
        "Operating Income": -19,
        "EBIT": -19,
        "Net Income": -23
    },
    "2016-06-30": {
        "Diluted EPS": -2.04,
        "Total Revenue": 14,
        "Gross Profit": 1,
        "Operating Income": -19,
        "EBIT": -19,
        "Net Income": -46
    },
    "2016-03-31": {
        "Diluted EPS": -1.02,
        "Total Revenue": 11,
        "Gross Profit": 2,
        "Operating Income": -19,
        "EBIT": -19,
        "Net Income": -23
    },
    "2015-12-31": {
        "Diluted EPS": -2.4,
        "Total Revenue": 14,
        "Gross Profit": 0,
        "Operating Income": -29,
        "EBIT": -29,
        "Net Income": -53
    },
    "2015-09-30": {
        "Diluted EPS": -3.3,
        "Total Revenue": 9,
        "Gross Profit": 1,
        "Operating Income": -23,
        "EBIT": -23,
        "Net Income": -73
    },
    "2015-06-30": {
        "Diluted EPS": -3.15,
        "Total Revenue": 10,
        "Gross Profit": 3,
        "Operating Income": -25,
        "EBIT": -25,
        "Net Income": -70
    },
    "2015-03-31": {
        "Diluted EPS": -1.05,
        "Total Revenue": 8,
        "Gross Profit": 1,
        "Operating Income": -28,
        "EBIT": -28,
        "Net Income": -24
    },
    "2014-12-31": {
        "Diluted EPS": 1.5,
        "Total Revenue": 17,
        "Gross Profit": 5,
        "Operating Income": -32,
        "EBIT": 33,
        "Net Income": 35
    },
    "2014-09-30": {
        "Diluted EPS": -1.65,
        "Total Revenue": 20,
        "Gross Profit": 7,
        "Operating Income": -30,
        "EBIT": -30,
        "Net Income": -38
    },
    "2014-06-30": {
        "Diluted EPS": 1.35,
        "Total Revenue": 25,
        "Gross Profit": 9,
        "Operating Income": -30,
        "EBIT": -30,
        "Net Income": 31
    },
    "2014-03-31": {
        "Diluted EPS": 1.35,
        "Total Revenue": 25,
        "Gross Profit": 9,
        "Operating Income": -29,
        "EBIT": -29,
        "Net Income": 32
    },
    "2013-12-31": {
        "Diluted EPS": 4.05,
        "Total Revenue": 31,
        "Gross Profit": 50,
        "Operating Income": 77,
        "EBIT": 77,
        "Net Income": 102
    },
    "2013-09-30": {
        "Diluted EPS": -1.05,
        "Total Revenue": 48,
        "Gross Profit": 30,
        "Operating Income": -36,
        "EBIT": -36,
        "Net Income": -25
    },
    "2013-06-30": {
        "Diluted EPS": -0.3,
        "Total Revenue": 50,
        "Gross Profit": 32,
        "Operating Income": -35,
        "EBIT": -35,
        "Net Income": -9
    },
    "2013-03-31": {
        "Diluted EPS": -0.15,
        "Total Revenue": 47,
        "Gross Profit": 30,
        "Operating Income": -27,
        "EBIT": -27,
        "Net Income": -3
    },
    "2012-12-31": {
        "Diluted EPS": -0.9,
        "Total Revenue": 49,
        "Gross Profit": 48,
        "Operating Income": 29,
        "EBIT": 29,
        "Net Income": -21
    },
    "2012-09-30": {
        "Diluted EPS": -0.9,
        "Total Revenue": 45,
        "Gross Profit": 25,
        "Operating Income": -26,
        "EBIT": -26,
        "Net Income": -25
    },
    "2012-06-30": {
        "Diluted EPS": -0.9,
        "Total Revenue": 45,
        "Gross Profit": 28,
        "Operating Income": -22,
        "EBIT": -22,
        "Net Income": -25
    },
    "2012-03-31": {
        "Diluted EPS": -0.45,
        "Total Revenue": 32,
        "Gross Profit": 20,
        "Operating Income": -21,
        "EBIT": -21,
        "Net Income": -14
    },
    "2011-12-31": {
        "Diluted EPS": 1.65,
        "Total Revenue": 33,
        "Gross Profit": 23,
        "Operating Income": -17,
        "EBIT": -17,
        "Net Income": 44
    },
    "2011-09-30": {
        "Diluted EPS": 0.0,
        "Total Revenue": 34,
        "Gross Profit": 28,
        "Operating Income": -6,
        "EBIT": -6,
        "Net Income": -1
    },
    "2011-06-30": {
        "Diluted EPS": -4.65,
        "Total Revenue": 20,
        "Gross Profit": 14,
        "Operating Income": -10,
        "EBIT": -10,
        "Net Income": -26
    },
    "2011-03-31": {
        "Diluted EPS": -0.6,
        "Total Revenue": 21,
        "Gross Profit": 16,
        "Operating Income": -5,
        "EBIT": -5,
        "Net Income": -3
    },
    "2010-12-31": {
        "Diluted EPS": -6.9,
        "Total Revenue": 21,
        "Gross Profit": 21,
        "Operating Income": 21,
        "EBIT": 21,
        "Net Income": -34
    },
    "2010-09-30": {
        "Diluted EPS": 1.2,
        "Total Revenue": 22,
        "Gross Profit": 22,
        "Operating Income": 22,
        "EBIT": 22,
        "Net Income": 7
    },
    "2010-03-31": {
        "Diluted EPS": -2.1,
        "Total Revenue": 14,
        "Gross Profit": 14,
        "Operating Income": 14,
        "EBIT": 14,
        "Net Income": -12
    },
    "2023-06-30": {
        "Tax Effect Of Unusual Items": 0.0,
        "Tax Rate For Calcs": 0.0,
        "Normalized EBITDA": 5213000.0,
        "Total Unusual Items": -7755000.0,
        "Total Unusual Items Excluding Goodwill": -7755000.0,
        "Net Income From Continuing Operation Net Minority Interest": -8411000.0,
        "Reconciled Depreciation": 289000.0,
        "Reconciled Cost Of Revenue": 2621000.0,
        "EBITDA": -2542000.0,
        "EBIT": -2831000.0,
        "Net Interest Income": 437000.0,
        "Interest Income": 437000.0,
        "Normalized Income": -656000.0,
        "Net Income From Continuing And Discontinued Operation": -8411000.0,
        "Total Expenses": 15699000.0,
        "Total Operating Income As Reported": -2831000.0,
        "Diluted Average Shares": 22385053.0,
        "Basic Average Shares": 22385053.0,
        "Diluted EPS": -0.36,
        "Basic EPS": -0.36,
        "Diluted NI Availto Com Stockholders": -8411000.0,
        "Net Income Common Stockholders": -8411000.0,
        "Net Income": -8411000.0,
        "Minority Interests": 350000.0,
        "Net Income Including Noncontrolling Interests": -8761000.0,
        "Net Income Continuous Operations": -8761000.0,
        "Earnings From Equity Interest Net Of Tax": 170000.0,
        "Tax Provision": 0.0,
        "Pretax Income": -8931000.0,
        "Other Income Expense": -6537000.0,
        "Other Non Operating Income Expenses": 1218000.0,
        "Special Income Charges": NaN,
        "Impairment Of Capital Assets": NaN,
        "Gain On Sale Of Security": -7755000.0,
        "Net Non Operating Interest Income Expense": 437000.0,
        "Interest Income Non Operating": 437000.0,
        "Operating Income": -2831000.0,
        "Operating Expense": 13078000.0,
        "Research And Development": 4911000.0,
        "Selling General And Administration": 8167000.0,
        "Selling And Marketing Expense": 4639000.0,
        "General And Administrative Expense": 3528000.0,
        "Other Gand A": 3528000.0,
        "Gross Profit": 10247000.0,
        "Cost Of Revenue": 2621000.0,
        "Total Revenue": 12868000.0,
        "Operating Revenue": 12848000.0
    },
    "2023-09-30": {
        "Tax Effect Of Unusual Items": -1367100.0,
        "Tax Rate For Calcs": 0.21,
        "Normalized EBITDA": 5909000.0,
        "Total Unusual Items": -6510000.0,
        "Total Unusual Items Excluding Goodwill": -6510000.0,
        "Net Income From Continuing Operation Net Minority Interest": -6850000.0,
        "Reconciled Depreciation": 198000.0,
        "Reconciled Cost Of Revenue": 2813000.0,
        "EBITDA": -601000.0,
        "EBIT": -799000.0,
        "Net Interest Income": 378000.0,
        "Interest Income": 378000.0,
        "Normalized Income": -1707100.0,
        "Net Income From Continuing And Discontinued Operation": -6850000.0,
        "Total Expenses": 14090000.0,
        "Total Operating Income As Reported": -799000.0,
        "Diluted Average Shares": 18514873.0,
        "Basic Average Shares": 18514873.0,
        "Diluted EPS": -0.36,
        "Basic EPS": -0.36,
        "Diluted NI Availto Com Stockholders": -6850000.0,
        "Net Income Common Stockholders": -6850000.0,
        "Net Income": -6850000.0,
        "Minority Interests": 108000.0,
        "Net Income Including Noncontrolling Interests": -6958000.0,
        "Net Income Continuous Operations": -6958000.0,
        "Earnings From Equity Interest Net Of Tax": 132000.0,
        "Tax Provision": 192000.0,
        "Pretax Income": -6898000.0,
        "Other Income Expense": -6477000.0,
        "Other Non Operating Income Expenses": 33000.0,
        "Special Income Charges": 0.0,
        "Impairment Of Capital Assets": 0.0,
        "Gain On Sale Of Security": -6510000.0,
        "Net Non Operating Interest Income Expense": 378000.0,
        "Interest Income Non Operating": 378000.0,
        "Operating Income": -799000.0,
        "Operating Expense": 11277000.0,
        "Research And Development": 4267000.0,
        "Selling General And Administration": 7010000.0,
        "Selling And Marketing Expense": 4382000.0,
        "General And Administrative Expense": 2628000.0,
        "Other Gand A": 2628000.0,
        "Gross Profit": 10478000.0,
        "Cost Of Revenue": 2813000.0,
        "Total Revenue": 13291000.0,
        "Operating Revenue": 13260000.0
    }
}