{
    "2023-03-31": {
        "Tax Effect Of Unusual Items": NaN,
        "Tax Rate For Calcs": NaN,
        "Normalized EBITDA": NaN,
        "Total Unusual Items": NaN,
        "Total Unusual Items Excluding Goodwill": NaN,
        "Net Income From Continuing Operation Net Minority Interest": NaN,
        "Reconciled Depreciation": NaN,
        "Reconciled Cost Of Revenue": NaN,
        "EBITDA": NaN,
        "EBIT": NaN,
        "Net Interest Income": NaN,
        "Interest Expense": NaN,
        "Normalized Income": NaN,
        "Net Income From Continuing And Discontinued Operation": NaN,
        "Total Expenses": NaN,
        "Total Operating Income As Reported": NaN,
        "Diluted Average Shares": NaN,
        "Basic Average Shares": NaN,
        "Diluted EPS": NaN,
        "Basic EPS": NaN,
        "Diluted NI Availto Com Stockholders": NaN,
        "Average Dilution Earnings": NaN,
        "Net Income Common Stockholders": NaN,
        "Net Income": NaN,
        "Minority Interests": NaN,
        "Net Income Including Noncontrolling Interests": NaN,
        "Net Income Continuous Operations": NaN,
        "Tax Provision": NaN,
        "Pretax Income": NaN,
        "Other Income Expense": NaN,
        "Other Non Operating Income Expenses": NaN,
        "Special Income Charges": NaN,
        "Impairment Of Capital Assets": NaN,
        "Net Non Operating Interest Income Expense": NaN,
        "Interest Expense Non Operating": NaN,
        "Operating Income": NaN,
        "Operating Expense": NaN,
        "Depreciation Amortization Depletion Income Statement": NaN,
        "Depreciation And Amortization In Income Statement": NaN,
        "Amortization": 12117000.0,
        "Amortization Of Intangibles Income Statement": 12117000.0,
        "Depreciation Income Statement": NaN,
        "Research And Development": NaN,
        "Selling General And Administration": NaN,
        "Selling And Marketing Expense": NaN,
        "General And Administrative Expense": NaN,
        "Other Gand A": NaN,
        "Salaries And Wages": NaN,
        "Gross Profit": NaN,
        "Cost Of Revenue": NaN,
        "Total Revenue": NaN,
        "Operating Revenue": NaN
    },
    "2022-12-31": {
        "Tax Effect Of Unusual Items": NaN,
        "Tax Rate For Calcs": NaN,
        "Normalized EBITDA": NaN,
        "Total Unusual Items": -114419000.0,
        "Total Unusual Items Excluding Goodwill": -114419000.0,
        "Net Income From Continuing Operation Net Minority Interest": NaN,
        "Reconciled Depreciation": NaN,
        "Reconciled Cost Of Revenue": NaN,
        "EBITDA": NaN,
        "EBIT": NaN,
        "Net Interest Income": NaN,
        "Interest Expense": NaN,
        "Normalized Income": NaN,
        "Net Income From Continuing And Discontinued Operation": NaN,
        "Total Expenses": NaN,
        "Total Operating Income As Reported": NaN,
        "Diluted Average Shares": NaN,
        "Basic Average Shares": NaN,
        "Diluted EPS": NaN,
        "Basic EPS": NaN,
        "Diluted NI Availto Com Stockholders": NaN,
        "Average Dilution Earnings": NaN,
        "Net Income Common Stockholders": NaN,
        "Net Income": NaN,
        "Minority Interests": NaN,
        "Net Income Including Noncontrolling Interests": NaN,
        "Net Income Discontinuous Operations": -2211000.0,
        "Net Income Continuous Operations": NaN,
        "Tax Provision": NaN,
        "Pretax Income": NaN,
        "Other Income Expense": NaN,
        "Other Non Operating Income Expenses": NaN,
        "Special Income Charges": -114419000.0,
        "Impairment Of Capital Assets": 114419000.0,
        "Net Non Operating Interest Income Expense": NaN,
        "Interest Expense Non Operating": NaN,
        "Operating Income": NaN,
        "Operating Expense": NaN,
        "Depreciation Amortization Depletion Income Statement": NaN,
        "Depreciation And Amortization In Income Statement": NaN,
        "Amortization": NaN,
        "Amortization Of Intangibles Income Statement": NaN,
        "Depreciation Income Statement": NaN,
        "Research And Development": NaN,
        "Selling General And Administration": NaN,
        "Selling And Marketing Expense": NaN,
        "General And Administrative Expense": NaN,
        "Other Gand A": NaN,
        "Salaries And Wages": NaN,
        "Gross Profit": NaN,
        "Cost Of Revenue": NaN,
        "Total Revenue": NaN,
        "Operating Revenue": NaN
    },
    "2022-09-30": {
        "Tax Effect Of Unusual Items": NaN,
        "Tax Rate For Calcs": NaN,
        "Normalized EBITDA": NaN,
        "Total Unusual Items": -9606000.0,
        "Total Unusual Items Excluding Goodwill": -9606000.0,
        "Net Income From Continuing Operation Net Minority Interest": NaN,
        "Reconciled Depreciation": NaN,
        "Reconciled Cost Of Revenue": NaN,
        "EBITDA": NaN,
        "EBIT": NaN,
        "Net Interest Income": NaN,
        "Interest Expense": NaN,
        "Normalized Income": NaN,
        "Net Income From Continuing And Discontinued Operation": NaN,
        "Total Expenses": NaN,
        "Total Operating Income As Reported": NaN,
        "Diluted Average Shares": NaN,
        "Basic Average Shares": NaN,
        "Diluted EPS": NaN,
        "Basic EPS": NaN,
        "Diluted NI Availto Com Stockholders": NaN,
        "Average Dilution Earnings": NaN,
        "Net Income Common Stockholders": NaN,
        "Net Income": NaN,
        "Minority Interests": NaN,
        "Net Income Including Noncontrolling Interests": NaN,
        "Net Income Discontinuous Operations": 0.0,
        "Net Income Continuous Operations": NaN,
        "Tax Provision": NaN,
        "Pretax Income": NaN,
        "Other Income Expense": NaN,
        "Other Non Operating Income Expenses": NaN,
        "Special Income Charges": -9606000.0,
        "Impairment Of Capital Assets": 9606000.0,
        "Net Non Operating Interest Income Expense": NaN,
        "Interest Expense Non Operating": NaN,
        "Operating Income": NaN,
        "Operating Expense": NaN,
        "Depreciation Amortization Depletion Income Statement": NaN,
        "Depreciation And Amortization In Income Statement": NaN,
        "Amortization": 9606000.0,
        "Amortization Of Intangibles Income Statement": 9606000.0,
        "Depreciation Income Statement": NaN,
        "Research And Development": NaN,
        "Selling General And Administration": NaN,
        "Selling And Marketing Expense": NaN,
        "General And Administrative Expense": NaN,
        "Other Gand A": NaN,
        "Salaries And Wages": NaN,
        "Gross Profit": NaN,
        "Cost Of Revenue": NaN,
        "Total Revenue": NaN,
        "Operating Revenue": NaN
    },
    "2022-06-30": {
        "Tax Effect Of Unusual Items": -45711277.856135,
        "Tax Rate For Calcs": 0.199144,
        "Normalized EBITDA": 236237000.0,
        "Total Unusual Items": -229539000.0,
        "Total Unusual Items Excluding Goodwill": -229539000.0,
        "Net Income From Continuing Operation Net Minority Interest": -31858000.0,
        "Reconciled Depreciation": -1205000.0,
        "Reconciled Cost Of Revenue": 253533000.0,
        "EBITDA": 6698000.0,
        "EBIT": -4790000.0,
        "Net Interest Income": -35623000.0,
        "Interest Expense": 35623000.0,
        "Normalized Income": 151969722.143865,
        "Net Income From Continuing And Discontinued Operation": -31858000.0,
        "Total Expenses": 575055000.0,
        "Total Operating Income As Reported": -10081000.0,
        "Diluted Average Shares": 285126000.0,
        "Basic Average Shares": 285126000.0,
        "Diluted EPS": -0.11,
        "Basic EPS": -0.11,
        "Diluted NI Availto Com Stockholders": -31858000.0,
        "Average Dilution Earnings": 0.0,
        "Net Income Common Stockholders": -31858000.0,
        "Net Income": -31858000.0,
        "Minority Interests": 507000.0,
        "Net Income Including Noncontrolling Interests": -32365000.0,
        "Net Income Discontinuous Operations": 0.0,
        "Net Income Continuous Operations": -32365000.0,
        "Tax Provision": -8048000.0,
        "Pretax Income": -40413000.0,
        "Other Income Expense": -224248000.0,
        "Other Non Operating Income Expenses": 5291000.0,
        "Special Income Charges": -229539000.0,
        "Impairment Of Capital Assets": 229539000.0,
        "Net Non Operating Interest Income Expense": -35623000.0,
        "Interest Expense Non Operating": 35623000.0,
        "Operating Income": 219458000.0,
        "Operating Expense": 334215000.0,
        "Depreciation Amortization Depletion Income Statement": 11488000.0,
        "Depreciation And Amortization In Income Statement": 11488000.0,
        "Amortization": 229539000.0,
        "Amortization Of Intangibles Income Statement": 229539000.0,
        "Depreciation Income Statement": 11488000.0,
        "Research And Development": 86410000.0,
        "Selling General And Administration": 236317000.0,
        "Selling And Marketing Expense": 125679000.0,
        "General And Administrative Expense": 110638000.0,
        "Other Gand A": 110638000.0,
        "Salaries And Wages": NaN,
        "Gross Profit": 553673000.0,
        "Cost Of Revenue": 240840000.0,
        "Total Revenue": 794513000.0,
        "Operating Revenue": 794513000.0
    },
    "2023-06-30": {
        "Tax Effect Of Unusual Items": NaN,
        "Tax Rate For Calcs": NaN,
        "Normalized EBITDA": NaN,
        "Total Unusual Items": -11315000.0,
        "Total Unusual Items Excluding Goodwill": -11315000.0,
        "Net Income From Continuing Operation Net Minority Interest": NaN,
        "Reconciled Depreciation": NaN,
        "Reconciled Cost Of Revenue": NaN,
        "EBITDA": NaN,
        "EBIT": NaN,
        "Net Interest Income": NaN,
        "Interest Expense": NaN,
        "Normalized Income": NaN,
        "Net Income From Continuing And Discontinued Operation": NaN,
        "Total Expenses": NaN,
        "Total Operating Income As Reported": NaN,
        "Diluted Average Shares": NaN,
        "Basic Average Shares": NaN,
        "Diluted EPS": NaN,
        "Basic EPS": NaN,
        "Diluted NI Availto Com Stockholders": NaN,
        "Average Dilution Earnings": NaN,
        "Net Income Common Stockholders": NaN,
        "Net Income": NaN,
        "Minority Interests": NaN,
        "Net Income Including Noncontrolling Interests": NaN,
        "Net Income Continuous Operations": NaN,
        "Tax Provision": NaN,
        "Pretax Income": NaN,
        "Other Income Expense": NaN,
        "Other Non Operating Income Expenses": NaN,
        "Special Income Charges": -11315000.0,
        "Impairment Of Capital Assets": 11315000.0,
        "Net Non Operating Interest Income Expense": NaN,
        "Interest Expense Non Operating": NaN,
        "Operating Income": NaN,
        "Operating Expense": NaN,
        "Depreciation Amortization Depletion Income Statement": NaN,
        "Depreciation And Amortization In Income Statement": NaN,
        "Amortization": 11315000.0,
        "Amortization Of Intangibles Income Statement": 11315000.0,
        "Depreciation Income Statement": NaN,
        "Research And Development": NaN,
        "Selling General And Administration": NaN,
        "Selling And Marketing Expense": NaN,
        "General And Administrative Expense": NaN,
        "Other Gand A": NaN,
        "Salaries And Wages": 30646000.0,
        "Gross Profit": NaN,
        "Cost Of Revenue": NaN,
        "Total Revenue": NaN,
        "Operating Revenue": NaN
    },
    "2022-03-31": {
        "Diluted EPS": 0.6,
        "Total Revenue": 799,
        "Gross Profit": 562,
        "Operating Income": 208,
        "EBIT": 231,
        "Net Income": 181
    },
    "2021-12-31": {
        "Diluted EPS": -0.53,
        "Total Revenue": 806,
        "Gross Profit": 572,
        "Operating Income": 232,
        "EBIT": 256,
        "Net Income": -169
    },
    "2021-09-30": {
        "Diluted EPS": 0.43,
        "Total Revenue": 802,
        "Gross Profit": 570,
        "Operating Income": 221,
        "EBIT": 246,
        "Net Income": 131
    },
    "2021-06-30": {
        "Diluted EPS": 0.46,
        "Total Revenue": 708,
        "Gross Profit": 515,
        "Operating Income": 210,
        "EBIT": 220,
        "Net Income": 141
    },
    "2021-03-31": {
        "Diluted EPS": 0.57,
        "Total Revenue": 668,
        "Gross Profit": 488,
        "Operating Income": 189,
        "EBIT": 200,
        "Net Income": 174
    },
    "2020-12-31": {
        "Diluted EPS": 0.48,
        "Total Revenue": 651,
        "Gross Profit": 478,
        "Operating Income": 213,
        "EBIT": 224,
        "Net Income": 141
    },
    "2020-09-30": {
        "Diluted EPS": 0.47,
        "Total Revenue": 640,
        "Gross Profit": 470,
        "Operating Income": 200,
        "EBIT": 212,
        "Net Income": 141
    },
    "2020-06-30": {
        "Diluted EPS": 0.36,
        "Total Revenue": 555,
        "Gross Profit": 407,
        "Operating Income": 196,
        "EBIT": 206,
        "Net Income": 75
    },
    "2020-03-31": {
        "Diluted EPS": -1.0,
        "Total Revenue": 545,
        "Gross Profit": 401,
        "Operating Income": 137,
        "EBIT": 153,
        "Net Income": -203
    },
    "2019-12-31": {
        "Diluted EPS": 0.48,
        "Total Revenue": 547,
        "Gross Profit": 405,
        "Operating Income": 181,
        "EBIT": 197,
        "Net Income": 100
    },
    "2019-09-30": {
        "Diluted EPS": 0.63,
        "Total Revenue": 541,
        "Gross Profit": 403,
        "Operating Income": 175,
        "EBIT": 184,
        "Net Income": 129
    },
    "2019-06-30": {
        "Diluted EPS": 0.55,
        "Total Revenue": 498,
        "Gross Profit": 371,
        "Operating Income": 171,
        "EBIT": 147,
        "Net Income": 113
    },
    "2019-03-31": {
        "Diluted EPS": 0.91,
        "Total Revenue": NaN,
        "Gross Profit": 846,
        "Operating Income": 80,
        "EBIT": 122,
        "Net Income": 89
    },
    "2018-12-31": {
        "Diluted EPS": 2.04,
        "Total Revenue": NaN,
        "Gross Profit": 850,
        "Operating Income": 134,
        "EBIT": 53,
        "Net Income": 192
    },
    "2018-09-30": {
        "Diluted EPS": 1.49,
        "Total Revenue": NaN,
        "Gross Profit": 867,
        "Operating Income": 173,
        "EBIT": 212,
        "Net Income": 146
    },
    "2018-06-30": {
        "Diluted EPS": 2.32,
        "Total Revenue": NaN,
        "Gross Profit": 841,
        "Operating Income": 168,
        "EBIT": 207,
        "Net Income": 218
    },
    "2018-03-31": {
        "Diluted EPS": 0.71,
        "Total Revenue": 995,
        "Gross Profit": 793,
        "Operating Income": 90,
        "EBIT": 129,
        "Net Income": 71
    },
    "2017-12-31": {
        "Diluted EPS": 0.4,
        "Total Revenue": 951,
        "Gross Profit": 751,
        "Operating Income": 94,
        "EBIT": 133,
        "Net Income": 33
    },
    "2017-09-30": {
        "Diluted EPS": 1.79,
        "Total Revenue": 828,
        "Gross Profit": 662,
        "Operating Income": -19,
        "EBIT": 3,
        "Net Income": 180
    },
    "2017-06-30": {
        "Diluted EPS": 0.7,
        "Total Revenue": 767,
        "Gross Profit": 628,
        "Operating Income": 76,
        "EBIT": 103,
        "Net Income": 66
    },
    "2017-03-31": {
        "Diluted EPS": 0.29,
        "Total Revenue": 761,
        "Gross Profit": 615,
        "Operating Income": 37,
        "EBIT": 66,
        "Net Income": 26
    },
    "2016-12-31": {
        "Diluted EPS": 1.35,
        "Total Revenue": 811,
        "Gross Profit": 599,
        "Operating Income": 113,
        "EBIT": 148,
        "Net Income": 102
    },
    "2016-09-30": {
        "Diluted EPS": 0.49,
        "Total Revenue": 764,
        "Gross Profit": 585,
        "Operating Income": 86,
        "EBIT": 118,
        "Net Income": 43
    },
    "2016-06-30": {
        "Diluted EPS": -2.45,
        "Total Revenue": 745,
        "Gross Profit": 575,
        "Operating Income": -252,
        "EBIT": 77,
        "Net Income": -195
    },
    "2016-03-31": {
        "Diluted EPS": 0.09,
        "Total Revenue": 819,
        "Gross Profit": 625,
        "Operating Income": 21,
        "EBIT": 51,
        "Net Income": 8
    },
    "2015-12-31": {
        "Diluted EPS": -0.39,
        "Total Revenue": 849,
        "Gross Profit": 635,
        "Operating Income": -5,
        "EBIT": 125,
        "Net Income": -32
    },
    "2015-09-30": {
        "Diluted EPS": 0.74,
        "Total Revenue": 839,
        "Gross Profit": 639,
        "Operating Income": 87,
        "EBIT": 115,
        "Net Income": 66
    },
    "2015-06-30": {
        "Diluted EPS": 0.68,
        "Total Revenue": 771,
        "Gross Profit": 593,
        "Operating Income": 63,
        "EBIT": 93,
        "Net Income": 59
    },
    "2015-03-31": {
        "Diluted EPS": 0.3,
        "Total Revenue": 773,
        "Gross Profit": 586,
        "Operating Income": 35,
        "EBIT": 63,
        "Net Income": 26
    },
    "2014-12-31": {
        "Diluted EPS": 0.81,
        "Total Revenue": 831,
        "Gross Profit": 615,
        "Operating Income": 110,
        "EBIT": 143,
        "Net Income": 70
    },
    "2014-09-30": {
        "Diluted EPS": 3.68,
        "Total Revenue": 782,
        "Gross Profit": 558,
        "Operating Income": 101,
        "EBIT": 132,
        "Net Income": 327
    },
    "2014-06-30": {
        "Diluted EPS": -0.22,
        "Total Revenue": 756,
        "Gross Profit": 546,
        "Operating Income": 96,
        "EBIT": 124,
        "Net Income": -18
    },
    "2014-03-31": {
        "Diluted EPS": 0.41,
        "Total Revenue": 740,
        "Gross Profit": 531,
        "Operating Income": 72,
        "EBIT": 99,
        "Net Income": 36
    },
    "2013-12-31": {
        "Diluted EPS": 0.88,
        "Total Revenue": 724,
        "Gross Profit": 525,
        "Operating Income": 113,
        "EBIT": 142,
        "Net Income": 77
    },
    "2013-09-30": {
        "Diluted EPS": 1.13,
        "Total Revenue": 757,
        "Gross Profit": 508,
        "Operating Income": 122,
        "EBIT": 149,
        "Net Income": 97
    },
    "2013-06-30": {
        "Diluted EPS": 0.67,
        "Total Revenue": 799,
        "Gross Profit": 527,
        "Operating Income": 107,
        "EBIT": 142,
        "Net Income": 58
    },
    "2013-03-31": {
        "Diluted EPS": 0.61,
        "Total Revenue": 742,
        "Gross Profit": 486,
        "Operating Income": 85,
        "EBIT": 113,
        "Net Income": 54
    },
    "2012-12-31": {
        "Diluted EPS": 0.43,
        "Total Revenue": 765,
        "Gross Profit": 497,
        "Operating Income": 85,
        "EBIT": 118,
        "Net Income": 41
    },
    "2012-09-30": {
        "Diluted EPS": 0.43,
        "Total Revenue": 714,
        "Gross Profit": 452,
        "Operating Income": 78,
        "EBIT": 96,
        "Net Income": 41
    },
    "2012-06-30": {
        "Diluted EPS": 0.47,
        "Total Revenue": 681,
        "Gross Profit": 443,
        "Operating Income": 97,
        "EBIT": 116,
        "Net Income": 43
    },
    "2012-03-31": {
        "Diluted EPS": 0.38,
        "Total Revenue": 641,
        "Gross Profit": 417,
        "Operating Income": 63,
        "EBIT": 82,
        "Net Income": 34
    },
    "2011-12-31": {
        "Diluted EPS": 0.53,
        "Total Revenue": 597,
        "Gross Profit": 386,
        "Operating Income": 55,
        "EBIT": 82,
        "Net Income": 49
    },
    "2011-09-30": {
        "Diluted EPS": 0.69,
        "Total Revenue": 517,
        "Gross Profit": 328,
        "Operating Income": 47,
        "EBIT": 69,
        "Net Income": 65
    },
    "2011-06-30": {
        "Diluted EPS": 0.44,
        "Total Revenue": 485,
        "Gross Profit": 304,
        "Operating Income": 58,
        "EBIT": 73,
        "Net Income": 42
    },
    "2011-03-31": {
        "Diluted EPS": 0.19,
        "Total Revenue": 460,
        "Gross Profit": 287,
        "Operating Income": 37,
        "EBIT": 53,
        "Net Income": 18
    },
    "2010-12-31": {
        "Diluted EPS": 0.81,
        "Total Revenue": 451,
        "Gross Profit": 277,
        "Operating Income": -21,
        "EBIT": 41,
        "Net Income": 87
    },
    "2010-09-30": {
        "Diluted EPS": 0.16,
        "Total Revenue": 413,
        "Gross Profit": 265,
        "Operating Income": 38,
        "EBIT": 55,
        "Net Income": 18
    },
    "2010-06-30": {
        "Diluted EPS": 0.12,
        "Total Revenue": 394,
        "Gross Profit": 254,
        "Operating Income": 25,
        "EBIT": 46,
        "Net Income": 14
    },
    "2010-03-31": {
        "Diluted EPS": -0.16,
        "Total Revenue": 378,
        "Gross Profit": 247,
        "Operating Income": 9,
        "EBIT": 28,
        "Net Income": -19
    },
    "2009-12-31": {
        "Diluted EPS": -7.31,
        "Total Revenue": 338,
        "Gross Profit": 234,
        "Operating Income": NaN,
        "EBIT": 52,
        "Net Income": NaN
    },
    "2009-09-30": {
        "Diluted EPS": 0.16,
        "Total Revenue": 337,
        "Gross Profit": 231,
        "Operating Income": 7,
        "EBIT": 38,
        "Net Income": 22
    },
    "2009-06-30": {
        "Diluted EPS": 0.28,
        "Total Revenue": 340,
        "Gross Profit": 233,
        "Operating Income": 4,
        "EBIT": 29,
        "Net Income": 41
    },
    "2009-03-31": {
        "Diluted EPS": -0.19,
        "Total Revenue": 332,
        "Gross Profit": 219,
        "Operating Income": -33,
        "EBIT": -6,
        "Net Income": -28
    },
    "2023-09-30": {
        "Tax Effect Of Unusual Items": NaN,
        "Tax Rate For Calcs": NaN,
        "Normalized EBITDA": NaN,
        "Total Unusual Items": NaN,
        "Total Unusual Items Excluding Goodwill": NaN,
        "Net Income From Continuing Operation Net Minority Interest": NaN,
        "Reconciled Depreciation": NaN,
        "Reconciled Cost Of Revenue": NaN,
        "EBITDA": NaN,
        "EBIT": NaN,
        "Net Interest Income": NaN,
        "Interest Expense": NaN,
        "Interest Income": NaN,
        "Normalized Income": NaN,
        "Net Income From Continuing And Discontinued Operation": NaN,
        "Total Expenses": NaN,
        "Total Operating Income As Reported": NaN,
        "Diluted Average Shares": NaN,
        "Basic Average Shares": NaN,
        "Diluted EPS": NaN,
        "Basic EPS": NaN,
        "Diluted NI Availto Com Stockholders": NaN,
        "Average Dilution Earnings": NaN,
        "Net Income Common Stockholders": NaN,
        "Net Income": NaN,
        "Minority Interests": NaN,
        "Net Income Including Noncontrolling Interests": NaN,
        "Net Income Continuous Operations": NaN,
        "Tax Provision": NaN,
        "Pretax Income": NaN,
        "Other Income Expense": NaN,
        "Other Non Operating Income Expenses": NaN,
        "Special Income Charges": -10489000.0,
        "Impairment Of Capital Assets": 10489000.0,
        "Gain On Sale Of Security": NaN,
        "Net Non Operating Interest Income Expense": NaN,
        "Interest Expense Non Operating": NaN,
        "Interest Income Non Operating": NaN,
        "Operating Income": NaN,
        "Operating Expense": NaN,
        "Depreciation Amortization Depletion Income Statement": NaN,
        "Depreciation And Amortization In Income Statement": NaN,
        "Amortization": NaN,
        "Amortization Of Intangibles Income Statement": NaN,
        "Depreciation Income Statement": NaN,
        "Research And Development": NaN,
        "Selling General And Administration": NaN,
        "Selling And Marketing Expense": NaN,
        "General And Administrative Expense": NaN,
        "Other Gand A": NaN,
        "Gross Profit": NaN,
        "Cost Of Revenue": NaN,
        "Total Revenue": NaN,
        "Operating Revenue": NaN
    },
    "2023-12-31": {
        "Tax Effect Of Unusual Items": NaN,
        "Tax Rate For Calcs": NaN,
        "Normalized EBITDA": NaN,
        "Total Unusual Items": NaN,
        "Total Unusual Items Excluding Goodwill": NaN,
        "Net Income From Continuing Operation Net Minority Interest": NaN,
        "Reconciled Depreciation": NaN,
        "Reconciled Cost Of Revenue": NaN,
        "EBITDA": NaN,
        "EBIT": NaN,
        "Net Interest Income": NaN,
        "Interest Expense": NaN,
        "Interest Income": NaN,
        "Normalized Income": NaN,
        "Net Income From Continuing And Discontinued Operation": NaN,
        "Total Expenses": NaN,
        "Total Operating Income As Reported": NaN,
        "Diluted Average Shares": NaN,
        "Basic Average Shares": NaN,
        "Diluted EPS": NaN,
        "Basic EPS": NaN,
        "Diluted NI Availto Com Stockholders": NaN,
        "Average Dilution Earnings": NaN,
        "Net Income Common Stockholders": NaN,
        "Net Income": NaN,
        "Minority Interests": NaN,
        "Net Income Including Noncontrolling Interests": NaN,
        "Net Income Continuous Operations": NaN,
        "Tax Provision": NaN,
        "Pretax Income": NaN,
        "Other Income Expense": NaN,
        "Other Non Operating Income Expenses": NaN,
        "Special Income Charges": -13810000.0,
        "Impairment Of Capital Assets": 13810000.0,
        "Gain On Sale Of Security": NaN,
        "Net Non Operating Interest Income Expense": NaN,
        "Interest Expense Non Operating": NaN,
        "Interest Income Non Operating": NaN,
        "Operating Income": NaN,
        "Operating Expense": NaN,
        "Depreciation Amortization Depletion Income Statement": NaN,
        "Depreciation And Amortization In Income Statement": NaN,
        "Amortization": NaN,
        "Amortization Of Intangibles Income Statement": NaN,
        "Depreciation Income Statement": NaN,
        "Research And Development": NaN,
        "Selling General And Administration": NaN,
        "Selling And Marketing Expense": NaN,
        "General And Administrative Expense": NaN,
        "Other Gand A": NaN,
        "Gross Profit": NaN,
        "Cost Of Revenue": NaN,
        "Total Revenue": NaN,
        "Operating Revenue": NaN
    },
    "2024-03-31": {
        "Tax Effect Of Unusual Items": NaN,
        "Tax Rate For Calcs": NaN,
        "Normalized EBITDA": NaN,
        "Total Unusual Items": NaN,
        "Total Unusual Items Excluding Goodwill": NaN,
        "Net Income From Continuing Operation Net Minority Interest": NaN,
        "Reconciled Depreciation": NaN,
        "Reconciled Cost Of Revenue": NaN,
        "EBITDA": NaN,
        "EBIT": NaN,
        "Net Interest Income": NaN,
        "Interest Expense": NaN,
        "Interest Income": 9960000.0,
        "Normalized Income": NaN,
        "Net Income From Continuing And Discontinued Operation": NaN,
        "Total Expenses": NaN,
        "Total Operating Income As Reported": NaN,
        "Diluted Average Shares": NaN,
        "Basic Average Shares": NaN,
        "Diluted EPS": NaN,
        "Basic EPS": NaN,
        "Diluted NI Availto Com Stockholders": NaN,
        "Average Dilution Earnings": NaN,
        "Net Income Common Stockholders": NaN,
        "Net Income": NaN,
        "Minority Interests": NaN,
        "Net Income Including Noncontrolling Interests": NaN,
        "Net Income Continuous Operations": NaN,
        "Tax Provision": NaN,
        "Pretax Income": NaN,
        "Other Income Expense": NaN,
        "Other Non Operating Income Expenses": NaN,
        "Special Income Charges": NaN,
        "Impairment Of Capital Assets": NaN,
        "Gain On Sale Of Security": -530000.0,
        "Net Non Operating Interest Income Expense": NaN,
        "Interest Expense Non Operating": NaN,
        "Interest Income Non Operating": 9960000.0,
        "Operating Income": NaN,
        "Operating Expense": NaN,
        "Depreciation Amortization Depletion Income Statement": NaN,
        "Depreciation And Amortization In Income Statement": NaN,
        "Amortization": 10367000.0,
        "Amortization Of Intangibles Income Statement": 10367000.0,
        "Depreciation Income Statement": NaN,
        "Research And Development": NaN,
        "Selling General And Administration": NaN,
        "Selling And Marketing Expense": NaN,
        "General And Administrative Expense": NaN,
        "Other Gand A": NaN,
        "Gross Profit": NaN,
        "Cost Of Revenue": NaN,
        "Total Revenue": NaN,
        "Operating Revenue": NaN
    },
    "2024-06-30": {
        "Tax Effect Of Unusual Items": NaN,
        "Tax Rate For Calcs": NaN,
        "Normalized EBITDA": NaN,
        "Total Unusual Items": NaN,
        "Total Unusual Items Excluding Goodwill": NaN,
        "Net Income From Continuing Operation Net Minority Interest": NaN,
        "Reconciled Depreciation": NaN,
        "Reconciled Cost Of Revenue": NaN,
        "EBITDA": NaN,
        "EBIT": NaN,
        "Net Interest Income": NaN,
        "Interest Expense": NaN,
        "Interest Income": 10434000.0,
        "Normalized Income": NaN,
        "Net Income From Continuing And Discontinued Operation": NaN,
        "Total Expenses": NaN,
        "Total Operating Income As Reported": NaN,
        "Diluted Average Shares": NaN,
        "Basic Average Shares": NaN,
        "Diluted EPS": NaN,
        "Basic EPS": NaN,
        "Diluted NI Availto Com Stockholders": NaN,
        "Average Dilution Earnings": NaN,
        "Net Income Common Stockholders": NaN,
        "Net Income": NaN,
        "Minority Interests": NaN,
        "Net Income Including Noncontrolling Interests": NaN,
        "Net Income Continuous Operations": NaN,
        "Tax Provision": NaN,
        "Pretax Income": NaN,
        "Other Income Expense": NaN,
        "Other Non Operating Income Expenses": NaN,
        "Special Income Charges": NaN,
        "Impairment Of Capital Assets": NaN,
        "Gain On Sale Of Security": -114000.0,
        "Net Non Operating Interest Income Expense": NaN,
        "Interest Expense Non Operating": NaN,
        "Interest Income Non Operating": 10434000.0,
        "Operating Income": NaN,
        "Operating Expense": NaN,
        "Depreciation Amortization Depletion Income Statement": NaN,
        "Depreciation And Amortization In Income Statement": NaN,
        "Amortization": 10952000.0,
        "Amortization Of Intangibles Income Statement": 10952000.0,
        "Depreciation Income Statement": NaN,
        "Research And Development": NaN,
        "Selling General And Administration": NaN,
        "Selling And Marketing Expense": NaN,
        "General And Administrative Expense": NaN,
        "Other Gand A": NaN,
        "Gross Profit": NaN,
        "Cost Of Revenue": NaN,
        "Total Revenue": NaN,
        "Operating Revenue": NaN
    },
    "2024-09-30": {
        "Tax Effect Of Unusual Items": -10608750.0,
        "Tax Rate For Calcs": 0.23,
        "Normalized EBITDA": 289187000.0,
        "Total Unusual Items": -46125000.0,
        "Total Unusual Items Excluding Goodwill": -46125000.0,
        "Net Income From Continuing Operation Net Minority Interest": 136468000.0,
        "Reconciled Depreciation": 3983000.0,
        "Reconciled Cost Of Revenue": 274448000.0,
        "EBITDA": 243062000.0,
        "EBIT": 217760000.0,
        "Net Interest Income": -28848000.0,
        "Interest Expense": 40120000.0,
        "Interest Income": NaN,
        "Normalized Income": 171984250.0,
        "Net Income From Continuing And Discontinued Operation": 136468000.0,
        "Total Expenses": 642734000.0,
        "Total Operating Income As Reported": 210660000.0,
        "Diluted Average Shares": 275738000.0,
        "Basic Average Shares": 257070000.0,
        "Diluted EPS": 0.51,
        "Basic EPS": 0.53,
        "Diluted NI Availto Com Stockholders": 139633000.0,
        "Average Dilution Earnings": 3165000.0,
        "Net Income Common Stockholders": 136468000.0,
        "Net Income": 136468000.0,
        "Minority Interests": -13000.0,
        "Net Income Including Noncontrolling Interests": 136481000.0,
        "Net Income Continuous Operations": 136481000.0,
        "Tax Provision": 41159000.0,
        "Pretax Income": 177640000.0,
        "Other Income Expense": -46262000.0,
        "Other Non Operating Income Expenses": -137000.0,
        "Special Income Charges": -42090000.0,
        "Impairment Of Capital Assets": 42090000.0,
        "Gain On Sale Of Security": NaN,
        "Net Non Operating Interest Income Expense": -28848000.0,
        "Interest Expense Non Operating": 40120000.0,
        "Interest Income Non Operating": NaN,
        "Operating Income": 252750000.0,
        "Operating Expense": 389605000.0,
        "Depreciation Amortization Depletion Income Statement": 25302000.0,
        "Depreciation And Amortization In Income Statement": 25302000.0,
        "Amortization": NaN,
        "Amortization Of Intangibles Income Statement": NaN,
        "Depreciation Income Statement": 25302000.0,
        "Research And Development": 103724000.0,
        "Selling General And Administration": 260579000.0,
        "Selling And Marketing Expense": 156656000.0,
        "General And Administrative Expense": 103923000.0,
        "Other Gand A": 103923000.0,
        "Gross Profit": 642355000.0,
        "Cost Of Revenue": 253129000.0,
        "Total Revenue": 895484000.0,
        "Operating Revenue": 895484000.0
    },
    "2024-12-31": {
        "Tax Effect Of Unusual Items": -2255055.936905,
        "Tax Rate For Calcs": 0.198771,
        "Normalized EBITDA": 269033000.0,
        "Total Unusual Items": -11345000.0,
        "Total Unusual Items Excluding Goodwill": -11345000.0,
        "Net Income From Continuing Operation Net Minority Interest": 158296000.0,
        "Reconciled Depreciation": 20584000.0,
        "Reconciled Cost Of Revenue": 236414000.0,
        "EBITDA": 257688000.0,
        "EBIT": 237104000.0,
        "Net Interest Income": 1545000.0,
        "Interest Expense": 39560000.0,
        "Interest Income": NaN,
        "Normalized Income": 167385944.063095,
        "Net Income From Continuing And Discontinued Operation": 158296000.0,
        "Total Expenses": 626022000.0,
        "Total Operating Income As Reported": 223388000.0,
        "Diluted Average Shares": 272549000.0,
        "Basic Average Shares": 251715000.0,
        "Diluted EPS": 0.59,
        "Basic EPS": 0.63,
        "Diluted NI Availto Com Stockholders": 161469000.0,
        "Average Dilution Earnings": 3173000.0,
        "Net Income Common Stockholders": 158296000.0,
        "Net Income": 158296000.0,
        "Minority Interests": 18000.0,
        "Net Income Including Noncontrolling Interests": 158278000.0,
        "Net Income Continuous Operations": 158278000.0,
        "Tax Provision": 39266000.0,
        "Pretax Income": 197544000.0,
        "Other Income Expense": -38155000.0,
        "Other Non Operating Income Expenses": -26810000.0,
        "Special Income Charges": -10766000.0,
        "Impairment Of Capital Assets": 10766000.0,
        "Gain On Sale Of Security": NaN,
        "Net Non Operating Interest Income Expense": 1545000.0,
        "Interest Expense Non Operating": 39560000.0,
        "Interest Income Non Operating": NaN,
        "Operating Income": 234154000.0,
        "Operating Expense": 389608000.0,
        "Depreciation Amortization Depletion Income Statement": 20584000.0,
        "Depreciation And Amortization In Income Statement": 20584000.0,
        "Amortization": NaN,
        "Amortization Of Intangibles Income Statement": NaN,
        "Depreciation Income Statement": 20584000.0,
        "Research And Development": 109138000.0,
        "Selling General And Administration": 259886000.0,
        "Selling And Marketing Expense": 145515000.0,
        "General And Administrative Expense": 114371000.0,
        "Other Gand A": 114371000.0,
        "Gross Profit": 623762000.0,
        "Cost Of Revenue": 236414000.0,
        "Total Revenue": 860176000.0,
        "Operating Revenue": 860176000.0
    },
    "2025-03-31": {
        "Tax Effect Of Unusual Items": -493120.0,
        "Tax Rate For Calcs": 0.16,
        "Normalized EBITDA": 210498000.0,
        "Total Unusual Items": -3082000.0,
        "Total Unusual Items Excluding Goodwill": -3082000.0,
        "Net Income From Continuing Operation Net Minority Interest": 117570000.0,
        "Reconciled Depreciation": 32207000.0,
        "Reconciled Cost Of Revenue": 236908000.0,
        "EBITDA": 207416000.0,
        "EBIT": 175209000.0,
        "Net Interest Income": -29637000.0,
        "Interest Expense": 35256000.0,
        "Interest Income": 5619000.0,
        "Normalized Income": 120158880.0,
        "Net Income From Continuing And Discontinued Operation": 117570000.0,
        "Total Expenses": 658585000.0,
        "Total Operating Income As Reported": 172593000.0,
        "Diluted Average Shares": 271928000.0,
        "Basic Average Shares": 251130000.0,
        "Diluted EPS": 0.44,
        "Basic EPS": 0.47,
        "Diluted NI Availto Com Stockholders": 120739000.0,
        "Average Dilution Earnings": 3169000.0,
        "Net Income Common Stockholders": 117570000.0,
        "Net Income": 117570000.0,
        "Minority Interests": -1000.0,
        "Net Income Including Noncontrolling Interests": 117571000.0,
        "Net Income Continuous Operations": 117571000.0,
        "Tax Provision": 22382000.0,
        "Pretax Income": 139953000.0,
        "Other Income Expense": -3003000.0,
        "Other Non Operating Income Expenses": 79000.0,
        "Special Income Charges": NaN,
        "Impairment Of Capital Assets": NaN,
        "Gain On Sale Of Security": -3082000.0,
        "Net Non Operating Interest Income Expense": -29637000.0,
        "Interest Expense Non Operating": 35256000.0,
        "Interest Income Non Operating": 5619000.0,
        "Operating Income": 172593000.0,
        "Operating Expense": 421677000.0,
        "Depreciation Amortization Depletion Income Statement": 32207000.0,
        "Depreciation And Amortization In Income Statement": 32207000.0,
        "Amortization": 10478000.0,
        "Amortization Of Intangibles Income Statement": 10478000.0,
        "Depreciation Income Statement": 21729000.0,
        "Research And Development": 120854000.0,
        "Selling General And Administration": 268616000.0,
        "Selling And Marketing Expense": 157096000.0,
        "General And Administrative Expense": 111520000.0,
        "Other Gand A": 111520000.0,
        "Gross Profit": 594270000.0,
        "Cost Of Revenue": 236908000.0,
        "Total Revenue": 831178000.0,
        "Operating Revenue": 831178000.0
    },
    "2025-06-30": {
        "Tax Effect Of Unusual Items": -1193200.0,
        "Tax Rate For Calcs": 0.2,
        "Normalized EBITDA": 224390000.0,
        "Total Unusual Items": -5966000.0,
        "Total Unusual Items Excluding Goodwill": -5966000.0,
        "Net Income From Continuing Operation Net Minority Interest": 125478000.0,
        "Reconciled Depreciation": 28559000.0,
        "Reconciled Cost Of Revenue": 241938000.0,
        "EBITDA": 218424000.0,
        "EBIT": 189865000.0,
        "Net Interest Income": -30096000.0,
        "Interest Expense": 32160000.0,
        "Interest Income": 2064000.0,
        "Normalized Income": 130250800.0,
        "Net Income From Continuing And Discontinued Operation": 125478000.0,
        "Total Expenses": 669817000.0,
        "Total Operating Income As Reported": 193921000.0,
        "Diluted Average Shares": 263773000.0,
        "Basic Average Shares": 244370000.0,
        "Diluted EPS": 0.49,
        "Basic EPS": 0.51,
        "Diluted NI Availto Com Stockholders": 128648000.0,
        "Average Dilution Earnings": 3170000.0,
        "Net Income Common Stockholders": 125478000.0,
        "Net Income": 125478000.0,
        "Minority Interests": 0.0,
        "Net Income Including Noncontrolling Interests": 125478000.0,
        "Net Income Continuous Operations": 125478000.0,
        "Tax Provision": 32227000.0,
        "Pretax Income": 157705000.0,
        "Other Income Expense": -6120000.0,
        "Other Non Operating Income Expenses": -154000.0,
        "Special Income Charges": NaN,
        "Impairment Of Capital Assets": NaN,
        "Gain On Sale Of Security": -5966000.0,
        "Net Non Operating Interest Income Expense": -30096000.0,
        "Interest Expense Non Operating": 32160000.0,
        "Interest Income Non Operating": 2064000.0,
        "Operating Income": 193921000.0,
        "Operating Expense": 427879000.0,
        "Depreciation Amortization Depletion Income Statement": 28559000.0,
        "Depreciation And Amortization In Income Statement": 28559000.0,
        "Amortization": 10498000.0,
        "Amortization Of Intangibles Income Statement": 10498000.0,
        "Depreciation Income Statement": 18061000.0,
        "Research And Development": 114511000.0,
        "Selling General And Administration": 284809000.0,
        "Selling And Marketing Expense": 148254000.0,
        "General And Administrative Expense": 136555000.0,
        "Other Gand A": 136555000.0,
        "Gross Profit": 621800000.0,
        "Cost Of Revenue": 241938000.0,
        "Total Revenue": 863738000.0,
        "Operating Revenue": 863738000.0
    },
    "2025-09-30": {
        "Tax Effect Of Unusual Items": -1258000.0,
        "Tax Rate For Calcs": 0.17,
        "Normalized EBITDA": 252907000.0,
        "Total Unusual Items": -7400000.0,
        "Total Unusual Items Excluding Goodwill": -7400000.0,
        "Net Income From Continuing Operation Net Minority Interest": 160749000.0,
        "Reconciled Depreciation": -6131000.0,
        "Reconciled Cost Of Revenue": 268019000.0,
        "EBITDA": 245507000.0,
        "EBIT": 230662000.0,
        "Net Interest Income": -31505000.0,
        "Interest Expense": 37024000.0,
        "Interest Income": 5519000.0,
        "Normalized Income": 166891000.0,
        "Net Income From Continuing And Discontinued Operation": 160749000.0,
        "Total Expenses": 684020000.0,
        "Total Operating Income As Reported": 221334000.0,
        "Diluted Average Shares": 260324000.0,
        "Basic Average Shares": 240510000.0,
        "Diluted EPS": 0.62,
        "Basic EPS": 0.67,
        "Diluted NI Availto Com Stockholders": 162538000.0,
        "Average Dilution Earnings": 1789000.0,
        "Net Income Common Stockholders": 160749000.0,
        "Net Income": 160749000.0,
        "Minority Interests": -7000.0,
        "Net Income Including Noncontrolling Interests": 160756000.0,
        "Net Income Continuous Operations": 160756000.0,
        "Tax Provision": 32882000.0,
        "Pretax Income": 193638000.0,
        "Other Income Expense": -5112000.0,
        "Other Non Operating Income Expenses": 2288000.0,
        "Special Income Charges": -8921000.0,
        "Impairment Of Capital Assets": 8921000.0,
        "Gain On Sale Of Security": 1521000.0,
        "Net Non Operating Interest Income Expense": -31505000.0,
        "Interest Expense Non Operating": 37024000.0,
        "Interest Income Non Operating": 5519000.0,
        "Operating Income": 230255000.0,
        "Operating Expense": 436977000.0,
        "Depreciation Amortization Depletion Income Statement": 14845000.0,
        "Depreciation And Amortization In Income Statement": 14845000.0,
        "Amortization": NaN,
        "Amortization Of Intangibles Income Statement": NaN,
        "Depreciation Income Statement": 14845000.0,
        "Research And Development": 104969000.0,
        "Selling General And Administration": 317163000.0,
        "Selling And Marketing Expense": 169142000.0,
        "General And Administrative Expense": 148021000.0,
        "Other Gand A": 148021000.0,
        "Gross Profit": 667232000.0,
        "Cost Of Revenue": 247043000.0,
        "Total Revenue": 914275000.0,
        "Operating Revenue": 914275000.0
    }
}