{
    "2023-06-30": {
        "Tax Effect Of Unusual Items": -1507948.0,
        "Tax Rate For Calcs": 0.188,
        "Normalized EBITDA": 320909000.0,
        "Total Unusual Items": -8021000.0,
        "Total Unusual Items Excluding Goodwill": -8021000.0,
        "Net Income From Continuing Operation Net Minority Interest": 213927000.0,
        "Reconciled Depreciation": 30236000.0,
        "Reconciled Cost Of Revenue": 386380000.0,
        "EBITDA": 312888000.0,
        "EBIT": 282652000.0,
        "Net Interest Income": -19249000.0,
        "Interest Expense": 19249000.0,
        "Normalized Income": 220440052.0,
        "Net Income From Continuing And Discontinued Operation": 213927000.0,
        "Total Expenses": 692455000.0,
        "Diluted Average Shares": 22080602.0,
        "Basic Average Shares": 21944645.0,
        "Diluted EPS": 9.69,
        "Basic EPS": 9.75,
        "Diluted NI Availto Com Stockholders": 213927000.0,
        "Net Income Common Stockholders": 213927000.0,
        "Net Income": 213927000.0,
        "Net Income Including Noncontrolling Interests": 213927000.0,
        "Net Income Continuous Operations": 213927000.0,
        "Tax Provision": 49476000.0,
        "Pretax Income": 263403000.0,
        "Other Income Expense": -7010000.0,
        "Other Non Operating Income Expenses": 1011000.0,
        "Special Income Charges": -8021000.0,
        "Restructuring And Mergern Acquisition": 8021000.0,
        "Net Non Operating Interest Income Expense": -19249000.0,
        "Interest Expense Non Operating": 19249000.0,
        "Operating Income": 289662000.0,
        "Operating Expense": 293881000.0,
        "Depreciation Amortization Depletion Income Statement": 18042000.0,
        "Depreciation And Amortization In Income Statement": 18042000.0,
        "Amortization": 18042000.0,
        "Amortization Of Intangibles Income Statement": 18042000.0,
        "Research And Development": 47245000.0,
        "Selling General And Administration": 228594000.0,
        "Gross Profit": 583543000.0,
        "Cost Of Revenue": 398574000.0,
        "Total Revenue": 982117000.0,
        "Operating Revenue": 982117000.0
    },
    "2023-03-31": {
        "Tax Effect Of Unusual Items": -722306.0,
        "Tax Rate For Calcs": 0.169,
        "Normalized EBITDA": 278870000.0,
        "Total Unusual Items": -4274000.0,
        "Total Unusual Items Excluding Goodwill": -4274000.0,
        "Net Income From Continuing Operation Net Minority Interest": 188426000.0,
        "Reconciled Depreciation": 29802000.0,
        "Reconciled Cost Of Revenue": 370149000.0,
        "EBITDA": 274596000.0,
        "EBIT": 244794000.0,
        "Net Interest Income": -18184000.0,
        "Interest Expense": 18184000.0,
        "Normalized Income": 191977694.0,
        "Net Income From Continuing And Discontinued Operation": 188426000.0,
        "Total Expenses": 680066000.0,
        "Diluted Average Shares": 22253435.0,
        "Basic Average Shares": 22083456.0,
        "Diluted EPS": 8.47,
        "Basic EPS": 8.53,
        "Diluted NI Availto Com Stockholders": 188426000.0,
        "Net Income Common Stockholders": 188426000.0,
        "Net Income": 188426000.0,
        "Net Income Including Noncontrolling Interests": 188426000.0,
        "Net Income Continuous Operations": 188426000.0,
        "Tax Provision": 38184000.0,
        "Pretax Income": 226610000.0,
        "Other Income Expense": -3878000.0,
        "Other Non Operating Income Expenses": 396000.0,
        "Special Income Charges": -4274000.0,
        "Restructuring And Mergern Acquisition": 4274000.0,
        "Net Non Operating Interest Income Expense": -18184000.0,
        "Interest Expense Non Operating": 18184000.0,
        "Operating Income": 248672000.0,
        "Operating Expense": 297894000.0,
        "Depreciation Amortization Depletion Income Statement": 17779000.0,
        "Depreciation And Amortization In Income Statement": 17779000.0,
        "Amortization": 17779000.0,
        "Amortization Of Intangibles Income Statement": 17779000.0,
        "Research And Development": 45477000.0,
        "Selling General And Administration": 234638000.0,
        "Gross Profit": 546566000.0,
        "Cost Of Revenue": 382172000.0,
        "Total Revenue": 928738000.0,
        "Operating Revenue": 928738000.0
    },
    "2022-12-31": {
        "Tax Effect Of Unusual Items": -319194.065486,
        "Tax Rate For Calcs": 0.182084,
        "Normalized EBITDA": 371897000.0,
        "Total Unusual Items": -1753000.0,
        "Total Unusual Items Excluding Goodwill": -1753000.0,
        "Net Income From Continuing Operation Net Minority Interest": 265834000.0,
        "Reconciled Depreciation": 28325000.0,
        "Reconciled Cost Of Revenue": 413762000.0,
        "EBITDA": 370144000.0,
        "EBIT": 341819000.0,
        "Net Interest Income": -16805000.0,
        "Interest Expense": 16805000.0,
        "Normalized Income": 267267805.934514,
        "Net Income From Continuing And Discontinued Operation": 265834000.0,
        "Total Expenses": 715615000.0,
        "Diluted Average Shares": 22407796.0,
        "Basic Average Shares": 22209188.0,
        "Diluted EPS": 11.86,
        "Basic EPS": 11.97,
        "Diluted NI Availto Com Stockholders": 265834000.0,
        "Net Income Common Stockholders": 265834000.0,
        "Net Income": 265834000.0,
        "Net Income Including Noncontrolling Interests": 265834000.0,
        "Net Income Continuous Operations": 265834000.0,
        "Tax Provision": 59180000.0,
        "Pretax Income": 325014000.0,
        "Other Income Expense": -251000.0,
        "Other Non Operating Income Expenses": 1502000.0,
        "Special Income Charges": -1753000.0,
        "Restructuring And Mergern Acquisition": 1753000.0,
        "Net Non Operating Interest Income Expense": -16805000.0,
        "Interest Expense Non Operating": 16805000.0,
        "Operating Income": 342070000.0,
        "Operating Expense": 290070000.0,
        "Depreciation Amortization Depletion Income Statement": 16542000.0,
        "Depreciation And Amortization In Income Statement": 16542000.0,
        "Amortization": 16542000.0,
        "Amortization Of Intangibles Income Statement": 16542000.0,
        "Research And Development": 45942000.0,
        "Selling General And Administration": 227586000.0,
        "Gross Profit": 632140000.0,
        "Cost Of Revenue": 425545000.0,
        "Total Revenue": 1057685000.0,
        "Operating Revenue": 1057685000.0
    },
    "2022-09-30": {
        "Tax Effect Of Unusual Items": -405213.534625,
        "Tax Rate For Calcs": 0.200402,
        "Normalized EBITDA": 320793000.0,
        "Total Unusual Items": -2022000.0,
        "Total Unusual Items Excluding Goodwill": -2022000.0,
        "Net Income From Continuing Operation Net Minority Interest": 220597000.0,
        "Reconciled Depreciation": 28402000.0,
        "Reconciled Cost Of Revenue": 389516000.0,
        "EBITDA": 318771000.0,
        "EBIT": 290369000.0,
        "Net Interest Income": -14484000.0,
        "Interest Expense": 14484000.0,
        "Normalized Income": 222213786.465375,
        "Net Income From Continuing And Discontinued Operation": 220597000.0,
        "Total Expenses": 695404000.0,
        "Diluted Average Shares": 22610027.0,
        "Basic Average Shares": 22403393.0,
        "Diluted EPS": 9.76,
        "Basic EPS": 9.85,
        "Diluted NI Availto Com Stockholders": 220597000.0,
        "Net Income Common Stockholders": 220597000.0,
        "Net Income": 220597000.0,
        "Net Income Including Noncontrolling Interests": 220597000.0,
        "Net Income Continuous Operations": 220597000.0,
        "Tax Provision": 55288000.0,
        "Pretax Income": 275885000.0,
        "Other Income Expense": -73000.0,
        "Other Non Operating Income Expenses": 1949000.0,
        "Special Income Charges": -2022000.0,
        "Restructuring And Mergern Acquisition": 2022000.0,
        "Net Non Operating Interest Income Expense": -14484000.0,
        "Interest Expense Non Operating": 14484000.0,
        "Operating Income": 290442000.0,
        "Operating Expense": 294214000.0,
        "Depreciation Amortization Depletion Income Statement": 16728000.0,
        "Depreciation And Amortization In Income Statement": 16728000.0,
        "Amortization": 16728000.0,
        "Amortization Of Intangibles Income Statement": 16728000.0,
        "Research And Development": 44129000.0,
        "Selling General And Administration": 233357000.0,
        "Gross Profit": 584656000.0,
        "Cost Of Revenue": 401190000.0,
        "Total Revenue": 985846000.0,
        "Operating Revenue": 985846000.0
    },
    "2022-06-30": {
        "Tax Effect Of Unusual Items": -307687.578888,
        "Tax Rate For Calcs": 0.173835,
        "Normalized EBITDA": 299039000.0,
        "Total Unusual Items": -1770000.0,
        "Total Unusual Items Excluding Goodwill": -1770000.0,
        "Net Income From Continuing Operation Net Minority Interest": 212070000.0,
        "Reconciled Depreciation": 27812000.0,
        "Reconciled Cost Of Revenue": 395279000.0,
        "EBITDA": 297269000.0,
        "EBIT": 269457000.0,
        "Net Interest Income": -12765000.0,
        "Interest Expense": 12765000.0,
        "Normalized Income": 213532312.421112,
        "Net Income From Continuing And Discontinued Operation": 212070000.0,
        "Total Expenses": 709320000.0,
        "Diluted Average Shares": 22821666.0,
        "Basic Average Shares": 22593375.0,
        "Diluted EPS": 9.29,
        "Basic EPS": 9.39,
        "Diluted NI Availto Com Stockholders": 212070000.0,
        "Net Income Common Stockholders": 212070000.0,
        "Net Income": 212070000.0,
        "Net Income Including Noncontrolling Interests": 212070000.0,
        "Net Income Continuous Operations": 212070000.0,
        "Tax Provision": 44622000.0,
        "Pretax Income": 256692000.0,
        "Other Income Expense": 390000.0,
        "Other Non Operating Income Expenses": 2160000.0,
        "Special Income Charges": -1770000.0,
        "Restructuring And Mergern Acquisition": 1770000.0,
        "Net Non Operating Interest Income Expense": -12765000.0,
        "Interest Expense Non Operating": 12765000.0,
        "Operating Income": 269067000.0,
        "Operating Expense": 302594000.0,
        "Depreciation Amortization Depletion Income Statement": 16365000.0,
        "Depreciation And Amortization In Income Statement": 16365000.0,
        "Amortization": 16365000.0,
        "Amortization Of Intangibles Income Statement": 16365000.0,
        "Research And Development": 44023000.0,
        "Selling General And Administration": 242206000.0,
        "Gross Profit": 571661000.0,
        "Cost Of Revenue": 406726000.0,
        "Total Revenue": 978387000.0,
        "Operating Revenue": 978387000.0
    },
    "2022-03-31": {
        "Diluted EPS": 7.55,
        "Total Revenue": 898,
        "Gross Profit": 520,
        "Operating Income": 225,
        "EBIT": 253,
        "Net Income": 174
    },
    "2021-12-31": {
        "Diluted EPS": 9.9,
        "Total Revenue": NaN,
        "Gross Profit": 607,
        "Operating Income": 302,
        "EBIT": 331,
        "Net Income": 231
    },
    "2021-09-30": {
        "Diluted EPS": 8.71,
        "Total Revenue": 952,
        "Gross Profit": 556,
        "Operating Income": 257,
        "EBIT": 284,
        "Net Income": 204
    },
    "2021-06-30": {
        "Diluted EPS": 7.85,
        "Total Revenue": 924,
        "Gross Profit": 537,
        "Operating Income": 239,
        "EBIT": 267,
        "Net Income": 185
    },
    "2021-03-31": {
        "Diluted EPS": 6.32,
        "Total Revenue": 804,
        "Gross Profit": 472,
        "Operating Income": 197,
        "EBIT": 222,
        "Net Income": 150
    },
    "2020-12-31": {
        "Diluted EPS": 8.98,
        "Total Revenue": 938,
        "Gross Profit": 559,
        "Operating Income": 278,
        "EBIT": 304,
        "Net Income": 216
    },
    "2020-09-30": {
        "Diluted EPS": 6.68,
        "Total Revenue": 807,
        "Gross Profit": 470,
        "Operating Income": 216,
        "EBIT": 241,
        "Net Income": 162
    },
    "2020-06-30": {
        "Diluted EPS": 5.22,
        "Total Revenue": 691,
        "Gross Profit": 398,
        "Operating Income": 163,
        "EBIT": 187,
        "Net Income": 127
    },
    "2020-03-31": {
        "Diluted EPS": 4.03,
        "Total Revenue": 649,
        "Gross Profit": 374,
        "Operating Income": 127,
        "EBIT": 151,
        "Net Income": 98
    },
    "2019-12-31": {
        "Diluted EPS": 7.79,
        "Total Revenue": 844,
        "Gross Profit": 498,
        "Operating Income": 243,
        "EBIT": 266,
        "Net Income": 193
    },
    "2019-09-30": {
        "Diluted EPS": 5.2,
        "Total Revenue": 754,
        "Gross Profit": 435,
        "Operating Income": 184,
        "EBIT": 206,
        "Net Income": 129
    },
    "2019-06-30": {
        "Diluted EPS": 5.06,
        "Total Revenue": 731,
        "Gross Profit": 420,
        "Operating Income": 165,
        "EBIT": 187,
        "Net Income": 127
    },
    "2019-03-31": {
        "Diluted EPS": 4.42,
        "Total Revenue": 679,
        "Gross Profit": 388,
        "Operating Income": 136,
        "EBIT": 158,
        "Net Income": 112
    },
    "2018-12-31": {
        "Diluted EPS": 7.06,
        "Total Revenue": 818,
        "Gross Profit": 478,
        "Operating Income": 228,
        "EBIT": 249,
        "Net Income": 181
    },
    "2018-09-30": {
        "Diluted EPS": 4.93,
        "Total Revenue": 735,
        "Gross Profit": 419,
        "Operating Income": 170,
        "EBIT": 191,
        "Net Income": 127
    },
    "2018-06-30": {
        "Diluted EPS": 4.31,
        "Total Revenue": 722,
        "Gross Profit": 413,
        "Operating Income": 157,
        "EBIT": 179,
        "Net Income": 111
    },
    "2018-03-31": {
        "Diluted EPS": 3.58,
        "Total Revenue": 661,
        "Gross Profit": 375,
        "Operating Income": 128,
        "EBIT": 149,
        "Net Income": 93
    },
    "2017-12-31": {
        "Diluted EPS": 2.93,
        "Total Revenue": 778,
        "Gross Profit": 456,
        "Operating Income": 205,
        "EBIT": 226,
        "Net Income": 77
    },
    "2017-09-30": {
        "Diluted EPS": 3.99,
        "Total Revenue": 699,
        "Gross Profit": 401,
        "Operating Income": 151,
        "EBIT": 170,
        "Net Income": 105
    },
    "2017-06-30": {
        "Diluted EPS": 3.84,
        "Total Revenue": 654,
        "Gross Profit": 376,
        "Operating Income": 137,
        "EBIT": 155,
        "Net Income": 102
    },
    "2017-03-31": {
        "Diluted EPS": 3.48,
        "Total Revenue": 595,
        "Gross Profit": 343,
        "Operating Income": 116,
        "EBIT": 134,
        "Net Income": 92
    },
    "2016-12-31": {
        "Diluted EPS": 5.12,
        "Total Revenue": 710,
        "Gross Profit": 421,
        "Operating Income": 181,
        "EBIT": 199,
        "Net Income": 138
    },
    "2016-09-30": {
        "Diluted EPS": 3.77,
        "Total Revenue": 651,
        "Gross Profit": 369,
        "Operating Income": 143,
        "EBIT": 160,
        "Net Income": 101
    },
    "2016-06-30": {
        "Diluted EPS": 2.93,
        "Total Revenue": 608,
        "Gross Profit": 348,
        "Operating Income": 120,
        "EBIT": 137,
        "Net Income": 80
    },
    "2016-03-31": {
        "Diluted EPS": 2.4,
        "Total Revenue": 540,
        "Gross Profit": 300,
        "Operating Income": 94,
        "EBIT": 110,
        "Net Income": 66
    },
    "2015-12-31": {
        "Diluted EPS": 4.4,
        "Total Revenue": 674,
        "Gross Profit": 391,
        "Operating Income": 174,
        "EBIT": 190,
        "Net Income": 123
    },
    "2015-09-30": {
        "Diluted EPS": 3.16,
        "Total Revenue": 604,
        "Gross Profit": 340,
        "Operating Income": 127,
        "EBIT": 143,
        "Net Income": 89
    },
    "2015-06-30": {
        "Diluted EPS": 2.73,
        "Total Revenue": 582,
        "Gross Profit": 323,
        "Operating Income": 111,
        "EBIT": 127,
        "Net Income": 78
    },
    "2015-03-31": {
        "Diluted EPS": 2.19,
        "Total Revenue": 536,
        "Gross Profit": 299,
        "Operating Income": 90,
        "EBIT": 106,
        "Net Income": 63
    },
    "2014-12-31": {
        "Diluted EPS": 4.13,
        "Total Revenue": 697,
        "Gross Profit": 394,
        "Operating Income": 169,
        "EBIT": 184,
        "Net Income": 121
    },
    "2014-09-30": {
        "Diluted EPS": 2.89,
        "Total Revenue": 629,
        "Gross Profit": 344,
        "Operating Income": 120,
        "EBIT": 135,
        "Net Income": 85
    },
    "2014-06-30": {
        "Diluted EPS": 2.49,
        "Total Revenue": 609,
        "Gross Profit": 328,
        "Operating Income": 106,
        "EBIT": 121,
        "Net Income": 74
    },
    "2014-03-31": {
        "Diluted EPS": 1.93,
        "Total Revenue": 551,
        "Gross Profit": 293,
        "Operating Income": 84,
        "EBIT": 99,
        "Net Income": 58
    },
    "2013-12-31": {
        "Diluted EPS": 3.6,
        "Total Revenue": 684,
        "Gross Profit": 375,
        "Operating Income": 158,
        "EBIT": 174,
        "Net Income": 110
    },
    "2013-09-30": {
        "Diluted EPS": 2.43,
        "Total Revenue": 592,
        "Gross Profit": 319,
        "Operating Income": 109,
        "EBIT": 125,
        "Net Income": 74
    },
    "2013-06-30": {
        "Diluted EPS": 2.24,
        "Total Revenue": 579,
        "Gross Profit": 309,
        "Operating Income": 101,
        "EBIT": 115,
        "Net Income": 69
    },
    "2013-03-31": {
        "Diluted EPS": 1.69,
        "Total Revenue": 524,
        "Gross Profit": 279,
        "Operating Income": 80,
        "EBIT": 94,
        "Net Income": 53
    },
    "2012-12-31": {
        "Diluted EPS": 3.31,
        "Total Revenue": 657,
        "Gross Profit": 357,
        "Operating Income": 148,
        "EBIT": 163,
        "Net Income": 105
    },
    "2012-09-30": {
        "Diluted EPS": 2.28,
        "Total Revenue": 579,
        "Gross Profit": 308,
        "Operating Income": 104,
        "EBIT": 117,
        "Net Income": 72
    },
    "2012-06-30": {
        "Diluted EPS": 1.93,
        "Total Revenue": 570,
        "Gross Profit": 299,
        "Operating Income": 96,
        "EBIT": 109,
        "Net Income": 62
    },
    "2012-03-31": {
        "Diluted EPS": 1.62,
        "Total Revenue": 535,
        "Gross Profit": 277,
        "Operating Income": 76,
        "EBIT": 89,
        "Net Income": 52
    },
    "2011-12-31": {
        "Diluted EPS": 2.89,
        "Total Revenue": 648,
        "Gross Profit": 346,
        "Operating Income": 127,
        "EBIT": 140,
        "Net Income": 94
    },
    "2011-09-30": {
        "Diluted EPS": 2.09,
        "Total Revenue": 601,
        "Gross Profit": 314,
        "Operating Income": 94,
        "EBIT": 107,
        "Net Income": 68
    },
    "2011-06-30": {
        "Diluted EPS": 1.82,
        "Total Revenue": 561,
        "Gross Profit": 296,
        "Operating Income": 90,
        "EBIT": 102,
        "Net Income": 60
    },
    "2011-03-31": {
        "Diluted EPS": 1.41,
        "Total Revenue": 499,
        "Gross Profit": 262,
        "Operating Income": 70,
        "EBIT": 81,
        "Net Income": 47
    },
    "2010-12-31": {
        "Diluted EPS": 2.39,
        "Total Revenue": 593,
        "Gross Profit": 317,
        "Operating Income": 121,
        "EBIT": 133,
        "Net Income": 81
    },
    "2010-09-30": {
        "Diluted EPS": 1.82,
        "Total Revenue": 490,
        "Gross Profit": 256,
        "Operating Income": 82,
        "EBIT": 94,
        "Net Income": 62
    },
    "2010-06-30": {
        "Diluted EPS": 1.49,
        "Total Revenue": 469,
        "Gross Profit": 247,
        "Operating Income": 76,
        "EBIT": 87,
        "Net Income": 51
    },
    "2010-03-31": {
        "Diluted EPS": 1.1,
        "Total Revenue": 417,
        "Gross Profit": 218,
        "Operating Income": 57,
        "EBIT": 68,
        "Net Income": 38
    },
    "2009-12-31": {
        "Diluted EPS": 2.01,
        "Total Revenue": 512,
        "Gross Profit": 270,
        "Operating Income": 104,
        "EBIT": 115,
        "Net Income": 69
    },
    "2009-09-30": {
        "Diluted EPS": 1.21,
        "Total Revenue": 436,
        "Gross Profit": 225,
        "Operating Income": 70,
        "EBIT": 81,
        "Net Income": 42
    },
    "2009-06-30": {
        "Diluted EPS": 0.81,
        "Total Revenue": 407,
        "Gross Profit": 206,
        "Operating Income": 59,
        "EBIT": 69,
        "Net Income": 28
    },
    "2009-03-31": {
        "Diluted EPS": 1.0,
        "Total Revenue": 374,
        "Gross Profit": 188,
        "Operating Income": 50,
        "EBIT": 59,
        "Net Income": 34
    },
    "2023-09-30": {
        "Tax Effect Of Unusual Items": NaN,
        "Tax Rate For Calcs": NaN,
        "Normalized EBITDA": NaN,
        "Total Unusual Items": NaN,
        "Total Unusual Items Excluding Goodwill": NaN,
        "Net Income From Continuing Operation Net Minority Interest": NaN,
        "Reconciled Depreciation": NaN,
        "Reconciled Cost Of Revenue": NaN,
        "EBITDA": NaN,
        "EBIT": NaN,
        "Net Interest Income": NaN,
        "Interest Expense": NaN,
        "Normalized Income": NaN,
        "Net Income From Continuing And Discontinued Operation": NaN,
        "Total Expenses": NaN,
        "Diluted Average Shares": 21886482.0,
        "Basic Average Shares": 21776944.0,
        "Diluted EPS": 9.21,
        "Basic EPS": 9.26,
        "Diluted NI Availto Com Stockholders": NaN,
        "Net Income Common Stockholders": NaN,
        "Net Income": NaN,
        "Net Income Including Noncontrolling Interests": NaN,
        "Net Income Continuous Operations": NaN,
        "Tax Provision": NaN,
        "Pretax Income": NaN,
        "Other Income Expense": NaN,
        "Other Non Operating Income Expenses": NaN,
        "Special Income Charges": NaN,
        "Restructuring And Mergern Acquisition": NaN,
        "Net Non Operating Interest Income Expense": NaN,
        "Interest Expense Non Operating": NaN,
        "Operating Income": NaN,
        "Operating Expense": NaN,
        "Depreciation Amortization Depletion Income Statement": NaN,
        "Depreciation And Amortization In Income Statement": NaN,
        "Amortization": NaN,
        "Amortization Of Intangibles Income Statement": NaN,
        "Research And Development": NaN,
        "Selling General And Administration": NaN,
        "Gross Profit": NaN,
        "Cost Of Revenue": NaN,
        "Total Revenue": NaN,
        "Operating Revenue": NaN
    },
    "2023-12-31": {
        "Tax Effect Of Unusual Items": -2681216.180189,
        "Tax Rate For Calcs": 0.205378,
        "Normalized EBITDA": 295889000.0,
        "Total Unusual Items": -13055000.0,
        "Total Unusual Items Excluding Goodwill": -13055000.0,
        "Net Income From Continuing Operation Net Minority Interest": 184794000.0,
        "Reconciled Depreciation": 30623000.0,
        "Reconciled Cost Of Revenue": 370809000.0,
        "EBITDA": 282834000.0,
        "EBIT": 252211000.0,
        "Net Interest Income": -19655000.0,
        "Interest Expense": 19655000.0,
        "Normalized Income": 195167783.819811,
        "Net Income From Continuing And Discontinued Operation": 184794000.0,
        "Total Expenses": 671294000.0,
        "Diluted Average Shares": 21687577.0,
        "Basic Average Shares": 21593616.0,
        "Diluted EPS": 8.52,
        "Basic EPS": 8.56,
        "Diluted NI Availto Com Stockholders": 184794000.0,
        "Net Income Common Stockholders": 184794000.0,
        "Net Income": 184794000.0,
        "Net Income Including Noncontrolling Interests": 184794000.0,
        "Net Income Continuous Operations": 184794000.0,
        "Tax Provision": 47762000.0,
        "Pretax Income": 232556000.0,
        "Other Income Expense": -11487000.0,
        "Other Non Operating Income Expenses": 1568000.0,
        "Special Income Charges": -13055000.0,
        "Restructuring And Mergern Acquisition": 13055000.0,
        "Net Non Operating Interest Income Expense": -19655000.0,
        "Interest Expense Non Operating": 19655000.0,
        "Operating Income": 263698000.0,
        "Operating Expense": 287940000.0,
        "Depreciation Amortization Depletion Income Statement": 18078000.0,
        "Depreciation And Amortization In Income Statement": 18078000.0,
        "Amortization": 18078000.0,
        "Amortization Of Intangibles Income Statement": 18078000.0,
        "Research And Development": 46435000.0,
        "Selling General And Administration": 223427000.0,
        "Gross Profit": 551638000.0,
        "Cost Of Revenue": 383354000.0,
        "Total Revenue": 934992000.0,
        "Operating Revenue": 934992000.0
    },
    "2024-03-31": {
        "Tax Effect Of Unusual Items": NaN,
        "Tax Rate For Calcs": NaN,
        "Normalized EBITDA": NaN,
        "Total Unusual Items": NaN,
        "Total Unusual Items Excluding Goodwill": NaN,
        "Net Income From Continuing Operation Net Minority Interest": NaN,
        "Reconciled Depreciation": NaN,
        "Reconciled Cost Of Revenue": NaN,
        "EBITDA": NaN,
        "EBIT": NaN,
        "Net Interest Income": NaN,
        "Interest Expense": NaN,
        "Normalized Income": NaN,
        "Net Income From Continuing And Discontinued Operation": NaN,
        "Total Expenses": NaN,
        "Diluted Average Shares": 21543313.0,
        "Basic Average Shares": 21437673.0,
        "Diluted EPS": 8.24,
        "Basic EPS": 8.28,
        "Diluted NI Availto Com Stockholders": NaN,
        "Net Income Common Stockholders": NaN,
        "Net Income": NaN,
        "Net Income Including Noncontrolling Interests": NaN,
        "Net Income Continuous Operations": NaN,
        "Tax Provision": NaN,
        "Pretax Income": NaN,
        "Other Income Expense": NaN,
        "Other Non Operating Income Expenses": NaN,
        "Special Income Charges": NaN,
        "Restructuring And Mergern Acquisition": NaN,
        "Net Non Operating Interest Income Expense": NaN,
        "Interest Expense Non Operating": NaN,
        "Operating Income": NaN,
        "Operating Expense": NaN,
        "Depreciation Amortization Depletion Income Statement": NaN,
        "Depreciation And Amortization In Income Statement": NaN,
        "Amortization": NaN,
        "Amortization Of Intangibles Income Statement": NaN,
        "Research And Development": NaN,
        "Selling General And Administration": NaN,
        "Gross Profit": NaN,
        "Cost Of Revenue": NaN,
        "Total Revenue": NaN,
        "Operating Revenue": NaN
    },
    "2024-06-30": {
        "Tax Effect Of Unusual Items": -468952.0,
        "Tax Rate For Calcs": 0.088,
        "Normalized EBITDA": 297985000.0,
        "Total Unusual Items": -5329000.0,
        "Total Unusual Items Excluding Goodwill": -5329000.0,
        "Net Income From Continuing Operation Net Minority Interest": 221814000.0,
        "Reconciled Depreciation": 30529000.0,
        "Reconciled Cost Of Revenue": 368731000.0,
        "EBITDA": 292656000.0,
        "EBIT": 262127000.0,
        "Net Interest Income": -18950000.0,
        "Interest Expense": 18950000.0,
        "Normalized Income": 226674048.0,
        "Net Income From Continuing And Discontinued Operation": 221814000.0,
        "Total Expenses": 680827000.0,
        "Diluted Average Shares": NaN,
        "Basic Average Shares": NaN,
        "Diluted EPS": NaN,
        "Basic EPS": NaN,
        "Diluted NI Availto Com Stockholders": 221814000.0,
        "Net Income Common Stockholders": 221814000.0,
        "Net Income": 221814000.0,
        "Net Income Including Noncontrolling Interests": 221814000.0,
        "Net Income Continuous Operations": 221814000.0,
        "Tax Provision": 21363000.0,
        "Pretax Income": 243177000.0,
        "Other Income Expense": -3796000.0,
        "Other Non Operating Income Expenses": 1533000.0,
        "Special Income Charges": -5329000.0,
        "Restructuring And Mergern Acquisition": 5329000.0,
        "Net Non Operating Interest Income Expense": -18950000.0,
        "Interest Expense Non Operating": 18950000.0,
        "Operating Income": 265923000.0,
        "Operating Expense": 299745000.0,
        "Depreciation Amortization Depletion Income Statement": 18178000.0,
        "Depreciation And Amortization In Income Statement": 18178000.0,
        "Amortization": 18178000.0,
        "Amortization Of Intangibles Income Statement": 18178000.0,
        "Research And Development": 45771000.0,
        "Selling General And Administration": 235796000.0,
        "Gross Profit": 565668000.0,
        "Cost Of Revenue": 381082000.0,
        "Total Revenue": 946750000.0,
        "Operating Revenue": 946750000.0
    },
    "2024-09-30": {
        "Tax Effect Of Unusual Items": -481473.0,
        "Tax Rate For Calcs": 0.183,
        "Normalized EBITDA": 311261000.0,
        "Total Unusual Items": -2631000.0,
        "Total Unusual Items Excluding Goodwill": -2631000.0,
        "Net Income From Continuing Operation Net Minority Interest": 211516000.0,
        "Reconciled Depreciation": 31079000.0,
        "Reconciled Cost Of Revenue": 369232000.0,
        "EBITDA": 308630000.0,
        "EBIT": 277551000.0,
        "Net Interest Income": -18599000.0,
        "Interest Expense": 18599000.0,
        "Normalized Income": 213665527.0,
        "Net Income From Continuing And Discontinued Operation": 211516000.0,
        "Total Expenses": 676205000.0,
        "Diluted Average Shares": 21242343.0,
        "Basic Average Shares": 21139674.0,
        "Diluted EPS": 9.96,
        "Basic EPS": 10.01,
        "Diluted NI Availto Com Stockholders": 211516000.0,
        "Net Income Common Stockholders": 211516000.0,
        "Net Income": 211516000.0,
        "Net Income Including Noncontrolling Interests": 211516000.0,
        "Net Income Continuous Operations": 211516000.0,
        "Tax Provision": 47436000.0,
        "Pretax Income": 258952000.0,
        "Other Income Expense": -779000.0,
        "Other Non Operating Income Expenses": 1852000.0,
        "Special Income Charges": -2631000.0,
        "Restructuring And Mergern Acquisition": 2631000.0,
        "Net Non Operating Interest Income Expense": -18599000.0,
        "Interest Expense Non Operating": 18599000.0,
        "Operating Income": 278330000.0,
        "Operating Expense": 294137000.0,
        "Depreciation Amortization Depletion Income Statement": 18243000.0,
        "Depreciation And Amortization In Income Statement": 18243000.0,
        "Amortization": 18243000.0,
        "Amortization Of Intangibles Income Statement": 18243000.0,
        "Research And Development": 47117000.0,
        "Selling General And Administration": 228777000.0,
        "Gross Profit": 572467000.0,
        "Cost Of Revenue": 382068000.0,
        "Total Revenue": 954535000.0,
        "Operating Revenue": 954535000.0
    },
    "2024-12-31": {
        "Tax Effect Of Unusual Items": -424871.837913,
        "Tax Rate For Calcs": 0.197891,
        "Normalized EBITDA": 365407000.0,
        "Total Unusual Items": -2147000.0,
        "Total Unusual Items Excluding Goodwill": -2147000.0,
        "Net Income From Continuing Operation Net Minority Interest": 252301000.0,
        "Reconciled Depreciation": 30863000.0,
        "Reconciled Cost Of Revenue": 393169000.0,
        "EBITDA": 363260000.0,
        "EBIT": 332397000.0,
        "Net Interest Income": -17850000.0,
        "Interest Expense": 17850000.0,
        "Normalized Income": 254023128.162087,
        "Net Income From Continuing And Discontinued Operation": 252301000.0,
        "Total Expenses": 711426000.0,
        "Diluted Average Shares": 21101360.0,
        "Basic Average Shares": 21024024.0,
        "Diluted EPS": 11.96,
        "Basic EPS": 12.0,
        "Diluted NI Availto Com Stockholders": 252301000.0,
        "Net Income Common Stockholders": 252301000.0,
        "Net Income": 252301000.0,
        "Net Income Including Noncontrolling Interests": 252301000.0,
        "Net Income Continuous Operations": 252301000.0,
        "Tax Provision": 62246000.0,
        "Pretax Income": 314547000.0,
        "Other Income Expense": -1304000.0,
        "Other Non Operating Income Expenses": 843000.0,
        "Special Income Charges": -2147000.0,
        "Restructuring And Mergern Acquisition": 2147000.0,
        "Net Non Operating Interest Income Expense": -17850000.0,
        "Interest Expense Non Operating": 17850000.0,
        "Operating Income": 333701000.0,
        "Operating Expense": 305614000.0,
        "Depreciation Amortization Depletion Income Statement": 18220000.0,
        "Depreciation And Amortization In Income Statement": 18220000.0,
        "Amortization": 18220000.0,
        "Amortization Of Intangibles Income Statement": 18220000.0,
        "Research And Development": 50054000.0,
        "Selling General And Administration": 237340000.0,
        "Gross Profit": 639315000.0,
        "Cost Of Revenue": 405812000.0,
        "Total Revenue": 1045127000.0,
        "Operating Revenue": 1045127000.0
    },
    "2025-03-31": {
        "Tax Effect Of Unusual Items": -715730.0,
        "Tax Rate For Calcs": 0.19,
        "Normalized EBITDA": 252019000.0,
        "Total Unusual Items": -3767000.0,
        "Total Unusual Items Excluding Goodwill": -3767000.0,
        "Net Income From Continuing Operation Net Minority Interest": 163587000.0,
        "Reconciled Depreciation": 29657000.0,
        "Reconciled Cost Of Revenue": 345401000.0,
        "EBITDA": 248252000.0,
        "EBIT": 218595000.0,
        "Net Interest Income": -16653000.0,
        "Interest Expense": 16653000.0,
        "Normalized Income": 166638270.0,
        "Net Income From Continuing And Discontinued Operation": 163587000.0,
        "Total Expenses": 664203000.0,
        "Diluted Average Shares": 20945188.0,
        "Basic Average Shares": 20868873.0,
        "Diluted EPS": 7.81,
        "Basic EPS": 7.84,
        "Diluted NI Availto Com Stockholders": 163587000.0,
        "Net Income Common Stockholders": 163587000.0,
        "Net Income": 163587000.0,
        "Net Income Including Noncontrolling Interests": 163587000.0,
        "Net Income Continuous Operations": 163587000.0,
        "Tax Provision": 38355000.0,
        "Pretax Income": 201942000.0,
        "Other Income Expense": -946000.0,
        "Other Non Operating Income Expenses": 2821000.0,
        "Special Income Charges": -3767000.0,
        "Restructuring And Mergern Acquisition": 3767000.0,
        "Net Non Operating Interest Income Expense": -16653000.0,
        "Interest Expense Non Operating": 16653000.0,
        "Operating Income": 219541000.0,
        "Operating Expense": 306338000.0,
        "Depreciation Amortization Depletion Income Statement": 17193000.0,
        "Depreciation And Amortization In Income Statement": 17193000.0,
        "Amortization": 17193000.0,
        "Amortization Of Intangibles Income Statement": 17193000.0,
        "Research And Development": 46346000.0,
        "Selling General And Administration": 242799000.0,
        "Gross Profit": 525879000.0,
        "Cost Of Revenue": 357865000.0,
        "Total Revenue": 883744000.0,
        "Operating Revenue": 883744000.0
    },
    "2025-06-30": {
        "Tax Effect Of Unusual Items": -661602.0,
        "Tax Rate For Calcs": 0.186,
        "Normalized EBITDA": 299444000.0,
        "Total Unusual Items": -3557000.0,
        "Total Unusual Items Excluding Goodwill": -3557000.0,
        "Net Income From Continuing Operation Net Minority Interest": 202348000.0,
        "Reconciled Depreciation": 30451000.0,
        "Reconciled Cost Of Revenue": 390475000.0,
        "EBITDA": 295887000.0,
        "EBIT": 265436000.0,
        "Net Interest Income": -16779000.0,
        "Interest Expense": 16779000.0,
        "Normalized Income": 205243398.0,
        "Net Income From Continuing And Discontinued Operation": 202348000.0,
        "Total Expenses": 717509000.0,
        "Diluted Average Shares": 20738699.0,
        "Basic Average Shares": 20687312.0,
        "Diluted EPS": 9.76,
        "Basic EPS": 9.78,
        "Diluted NI Availto Com Stockholders": 202348000.0,
        "Net Income Common Stockholders": 202348000.0,
        "Net Income": 202348000.0,
        "Net Income Including Noncontrolling Interests": 202348000.0,
        "Net Income Continuous Operations": 202348000.0,
        "Tax Provision": 46309000.0,
        "Pretax Income": 248657000.0,
        "Other Income Expense": -276000.0,
        "Other Non Operating Income Expenses": 3281000.0,
        "Special Income Charges": -3557000.0,
        "Restructuring And Mergern Acquisition": 3557000.0,
        "Net Non Operating Interest Income Expense": -16779000.0,
        "Interest Expense Non Operating": 16779000.0,
        "Operating Income": 265712000.0,
        "Operating Expense": 314164000.0,
        "Depreciation Amortization Depletion Income Statement": 17581000.0,
        "Depreciation And Amortization In Income Statement": 17581000.0,
        "Amortization": 17581000.0,
        "Amortization Of Intangibles Income Statement": 17581000.0,
        "Research And Development": 49285000.0,
        "Selling General And Administration": 247298000.0,
        "Gross Profit": 579876000.0,
        "Cost Of Revenue": 403345000.0,
        "Total Revenue": 983221000.0,
        "Operating Revenue": 983221000.0
    },
    "2025-09-30": {
        "Tax Effect Of Unusual Items": -1146624.0,
        "Tax Rate For Calcs": 0.192,
        "Normalized EBITDA": 325640000.0,
        "Total Unusual Items": -5972000.0,
        "Total Unusual Items Excluding Goodwill": -5972000.0,
        "Net Income From Continuing Operation Net Minority Interest": 217493000.0,
        "Reconciled Depreciation": 32737000.0,
        "Reconciled Cost Of Revenue": 407528000.0,
        "EBITDA": 319668000.0,
        "EBIT": 286931000.0,
        "Net Interest Income": -17695000.0,
        "Interest Expense": 17695000.0,
        "Normalized Income": 222318376.0,
        "Net Income From Continuing And Discontinued Operation": 217493000.0,
        "Total Expenses": 739799000.0,
        "Diluted Average Shares": 20571000.0,
        "Basic Average Shares": 20510579.0,
        "Diluted EPS": 10.57,
        "Basic EPS": 10.6,
        "Diluted NI Availto Com Stockholders": 217493000.0,
        "Net Income Common Stockholders": 217493000.0,
        "Net Income": 217493000.0,
        "Net Income Including Noncontrolling Interests": 217493000.0,
        "Net Income Continuous Operations": 217493000.0,
        "Tax Provision": 51743000.0,
        "Pretax Income": 269236000.0,
        "Other Income Expense": -2969000.0,
        "Other Non Operating Income Expenses": 3003000.0,
        "Special Income Charges": -5972000.0,
        "Restructuring And Mergern Acquisition": 5972000.0,
        "Net Non Operating Interest Income Expense": -17695000.0,
        "Interest Expense Non Operating": 17695000.0,
        "Operating Income": 289900000.0,
        "Operating Expense": 319556000.0,
        "Depreciation Amortization Depletion Income Statement": 20022000.0,
        "Depreciation And Amortization In Income Statement": 20022000.0,
        "Amortization": 20022000.0,
        "Amortization Of Intangibles Income Statement": 20022000.0,
        "Research And Development": 51143000.0,
        "Selling General And Administration": 248391000.0,
        "Gross Profit": 609456000.0,
        "Cost Of Revenue": 420243000.0,
        "Total Revenue": 1029699000.0,
        "Operating Revenue": 1029699000.0
    }
}