{
    "2023-06-30": {
        "Tax Effect Of Unusual Items": NaN,
        "Tax Rate For Calcs": NaN,
        "Normalized EBITDA": NaN,
        "Total Unusual Items": NaN,
        "Total Unusual Items Excluding Goodwill": NaN,
        "Net Income From Continuing Operation Net Minority Interest": NaN,
        "Reconciled Depreciation": NaN,
        "Reconciled Cost Of Revenue": NaN,
        "EBITDA": NaN,
        "EBIT": NaN,
        "Net Interest Income": NaN,
        "Interest Expense": NaN,
        "Normalized Income": NaN,
        "Net Income From Continuing And Discontinued Operation": NaN,
        "Total Expenses": NaN,
        "Rent Expense Supplemental": 61043000.0,
        "Total Operating Income As Reported": NaN,
        "Diluted Average Shares": NaN,
        "Basic Average Shares": NaN,
        "Diluted EPS": NaN,
        "Basic EPS": NaN,
        "Diluted NI Availto Com Stockholders": NaN,
        "Net Income Common Stockholders": NaN,
        "Net Income": NaN,
        "Minority Interests": NaN,
        "Net Income Including Noncontrolling Interests": NaN,
        "Net Income Continuous Operations": NaN,
        "Tax Provision": NaN,
        "Pretax Income": NaN,
        "Other Income Expense": NaN,
        "Other Non Operating Income Expenses": NaN,
        "Special Income Charges": NaN,
        "Write Off": 202000.0,
        "Impairment Of Capital Assets": 202000.0,
        "Gain On Sale Of Security": NaN,
        "Net Non Operating Interest Income Expense": NaN,
        "Interest Expense Non Operating": NaN,
        "Operating Income": NaN,
        "Operating Expense": NaN,
        "Other Operating Expenses": NaN,
        "Selling General And Administration": NaN,
        "General And Administrative Expense": NaN,
        "Other Gand A": NaN,
        "Gross Profit": NaN,
        "Cost Of Revenue": NaN,
        "Total Revenue": NaN,
        "Operating Revenue": NaN
    },
    "2023-03-31": {
        "Tax Effect Of Unusual Items": NaN,
        "Tax Rate For Calcs": NaN,
        "Normalized EBITDA": NaN,
        "Total Unusual Items": NaN,
        "Total Unusual Items Excluding Goodwill": NaN,
        "Net Income From Continuing Operation Net Minority Interest": NaN,
        "Reconciled Depreciation": NaN,
        "Reconciled Cost Of Revenue": NaN,
        "EBITDA": NaN,
        "EBIT": NaN,
        "Net Interest Income": NaN,
        "Interest Expense": NaN,
        "Normalized Income": NaN,
        "Net Income From Continuing And Discontinued Operation": NaN,
        "Total Expenses": NaN,
        "Rent Expense Supplemental": 44407000.0,
        "Total Operating Income As Reported": NaN,
        "Diluted Average Shares": NaN,
        "Basic Average Shares": NaN,
        "Diluted EPS": NaN,
        "Basic EPS": NaN,
        "Diluted NI Availto Com Stockholders": NaN,
        "Net Income Common Stockholders": NaN,
        "Net Income": NaN,
        "Minority Interests": NaN,
        "Net Income Including Noncontrolling Interests": NaN,
        "Net Income Continuous Operations": NaN,
        "Tax Provision": NaN,
        "Pretax Income": NaN,
        "Other Income Expense": NaN,
        "Other Non Operating Income Expenses": NaN,
        "Special Income Charges": NaN,
        "Write Off": 0.0,
        "Impairment Of Capital Assets": NaN,
        "Gain On Sale Of Security": NaN,
        "Net Non Operating Interest Income Expense": NaN,
        "Interest Expense Non Operating": NaN,
        "Operating Income": NaN,
        "Operating Expense": NaN,
        "Other Operating Expenses": NaN,
        "Selling General And Administration": NaN,
        "General And Administrative Expense": NaN,
        "Other Gand A": NaN,
        "Gross Profit": NaN,
        "Cost Of Revenue": NaN,
        "Total Revenue": NaN,
        "Operating Revenue": NaN
    },
    "2022-12-31": {
        "Tax Effect Of Unusual Items": NaN,
        "Tax Rate For Calcs": NaN,
        "Normalized EBITDA": NaN,
        "Total Unusual Items": NaN,
        "Total Unusual Items Excluding Goodwill": NaN,
        "Net Income From Continuing Operation Net Minority Interest": NaN,
        "Reconciled Depreciation": NaN,
        "Reconciled Cost Of Revenue": NaN,
        "EBITDA": NaN,
        "EBIT": NaN,
        "Net Interest Income": NaN,
        "Interest Expense": NaN,
        "Normalized Income": NaN,
        "Net Income From Continuing And Discontinued Operation": NaN,
        "Total Expenses": NaN,
        "Rent Expense Supplemental": 40933000.0,
        "Total Operating Income As Reported": NaN,
        "Diluted Average Shares": NaN,
        "Basic Average Shares": NaN,
        "Diluted EPS": NaN,
        "Basic EPS": NaN,
        "Diluted NI Availto Com Stockholders": NaN,
        "Net Income Common Stockholders": NaN,
        "Net Income": NaN,
        "Minority Interests": NaN,
        "Net Income Including Noncontrolling Interests": NaN,
        "Net Income Continuous Operations": NaN,
        "Tax Provision": NaN,
        "Pretax Income": NaN,
        "Other Income Expense": NaN,
        "Other Non Operating Income Expenses": NaN,
        "Special Income Charges": NaN,
        "Gain On Sale Of Ppe": 0.0,
        "Write Off": NaN,
        "Impairment Of Capital Assets": NaN,
        "Gain On Sale Of Security": NaN,
        "Net Non Operating Interest Income Expense": NaN,
        "Interest Expense Non Operating": NaN,
        "Operating Income": NaN,
        "Operating Expense": NaN,
        "Other Operating Expenses": NaN,
        "Selling General And Administration": NaN,
        "General And Administrative Expense": NaN,
        "Other Gand A": NaN,
        "Gross Profit": NaN,
        "Cost Of Revenue": NaN,
        "Total Revenue": NaN,
        "Operating Revenue": NaN
    },
    "2022-09-30": {
        "Tax Effect Of Unusual Items": NaN,
        "Tax Rate For Calcs": NaN,
        "Normalized EBITDA": NaN,
        "Total Unusual Items": NaN,
        "Total Unusual Items Excluding Goodwill": NaN,
        "Net Income From Continuing Operation Net Minority Interest": NaN,
        "Reconciled Depreciation": NaN,
        "Reconciled Cost Of Revenue": NaN,
        "EBITDA": NaN,
        "EBIT": NaN,
        "Net Interest Income": NaN,
        "Interest Expense": NaN,
        "Normalized Income": NaN,
        "Net Income From Continuing And Discontinued Operation": NaN,
        "Total Expenses": NaN,
        "Rent Expense Supplemental": 42360000.0,
        "Total Operating Income As Reported": NaN,
        "Diluted Average Shares": NaN,
        "Basic Average Shares": NaN,
        "Diluted EPS": NaN,
        "Basic EPS": NaN,
        "Diluted NI Availto Com Stockholders": NaN,
        "Net Income Common Stockholders": NaN,
        "Net Income": NaN,
        "Minority Interests": NaN,
        "Net Income Including Noncontrolling Interests": NaN,
        "Net Income Continuous Operations": NaN,
        "Tax Provision": NaN,
        "Pretax Income": NaN,
        "Other Income Expense": NaN,
        "Other Non Operating Income Expenses": NaN,
        "Special Income Charges": NaN,
        "Gain On Sale Of Ppe": -1113000.0,
        "Write Off": NaN,
        "Impairment Of Capital Assets": 1113000.0,
        "Gain On Sale Of Security": NaN,
        "Net Non Operating Interest Income Expense": NaN,
        "Interest Expense Non Operating": NaN,
        "Operating Income": NaN,
        "Operating Expense": NaN,
        "Other Operating Expenses": NaN,
        "Selling General And Administration": NaN,
        "General And Administrative Expense": NaN,
        "Other Gand A": NaN,
        "Gross Profit": NaN,
        "Cost Of Revenue": NaN,
        "Total Revenue": NaN,
        "Operating Revenue": NaN
    },
    "2022-06-30": {
        "Tax Effect Of Unusual Items": 0.0,
        "Tax Rate For Calcs": 0.237628,
        "Normalized EBITDA": 710671000.0,
        "Total Unusual Items": 0.0,
        "Total Unusual Items Excluding Goodwill": 0.0,
        "Net Income From Continuing Operation Net Minority Interest": 415718000.0,
        "Reconciled Depreciation": 120024000.0,
        "Reconciled Cost Of Revenue": 323993000.0,
        "EBITDA": 710671000.0,
        "EBIT": 590647000.0,
        "Net Interest Income": -18492000.0,
        "Interest Expense": 18492000.0,
        "Normalized Income": 415718000.0,
        "Net Income From Continuing And Discontinued Operation": 415718000.0,
        "Total Expenses": 348941000.0,
        "Total Operating Income As Reported": 594989000.0,
        "Diluted Average Shares": 119903000.0,
        "Basic Average Shares": 118103000.0,
        "Diluted EPS": 3.47,
        "Basic EPS": 3.52,
        "Diluted NI Availto Com Stockholders": 415718000.0,
        "Net Income Common Stockholders": 415718000.0,
        "Net Income": 415718000.0,
        "Minority Interests": -20477000.0,
        "Net Income Including Noncontrolling Interests": 436195000.0,
        "Net Income Continuous Operations": 436195000.0,
        "Tax Provision": 135960000.0,
        "Pretax Income": 572155000.0,
        "Other Income Expense": -4342000.0,
        "Other Non Operating Income Expenses": -4342000.0,
        "Special Income Charges": 0.0,
        "Gain On Sale Of Ppe": 0.0,
        "Write Off": NaN,
        "Net Non Operating Interest Income Expense": -18492000.0,
        "Interest Expense Non Operating": 18492000.0,
        "Operating Income": 594989000.0,
        "Operating Expense": 24948000.0,
        "Other Operating Expenses": 517000.0,
        "Selling General And Administration": 24431000.0,
        "General And Administrative Expense": 24431000.0,
        "Other Gand A": 24431000.0,
        "Gross Profit": 619937000.0,
        "Cost Of Revenue": 323993000.0,
        "Total Revenue": 943930000.0,
        "Operating Revenue": 943930000.0
    },
    "2022-03-31": {
        "Diluted EPS": 1.73,
        "Total Revenue": 566,
        "Gross Profit": 469,
        "Operating Income": 309,
        "EBIT": 406,
        "Net Income": 207
    },
    "2021-12-31": {
        "Diluted EPS": 1.8,
        "Total Revenue": 566,
        "Gross Profit": 467,
        "Operating Income": 325,
        "EBIT": 416,
        "Net Income": 215
    },
    "2021-09-30": {
        "Diluted EPS": 1.71,
        "Total Revenue": 472,
        "Gross Profit": 372,
        "Operating Income": 230,
        "EBIT": 320,
        "Net Income": 204
    },
    "2021-06-30": {
        "Diluted EPS": 0.89,
        "Total Revenue": 357,
        "Gross Profit": 290,
        "Operating Income": 145,
        "EBIT": 237,
        "Net Income": 106
    },
    "2021-03-31": {
        "Diluted EPS": 0.51,
        "Total Revenue": 267,
        "Gross Profit": 216,
        "Operating Income": 93,
        "EBIT": 168,
        "Net Income": 61
    },
    "2020-12-31": {
        "Diluted EPS": -0.77,
        "Total Revenue": 224,
        "Gross Profit": 182,
        "Operating Income": -59,
        "EBIT": 32,
        "Net Income": -89
    },
    "2020-09-30": {
        "Diluted EPS": -2.38,
        "Total Revenue": 203,
        "Gross Profit": 157,
        "Operating Income": -221,
        "EBIT": -132,
        "Net Income": -276
    },
    "2020-06-30": {
        "Diluted EPS": -3.04,
        "Total Revenue": 63,
        "Gross Profit": 23,
        "Operating Income": -435,
        "EBIT": -341,
        "Net Income": -353
    },
    "2020-03-31": {
        "Diluted EPS": 1.08,
        "Total Revenue": 372,
        "Gross Profit": 332,
        "Operating Income": 194,
        "EBIT": 285,
        "Net Income": 126
    },
    "2019-12-31": {
        "Diluted EPS": 0.21,
        "Total Revenue": 289,
        "Gross Profit": 218,
        "Operating Income": 65,
        "EBIT": 167,
        "Net Income": 24
    },
    "2019-09-30": {
        "Diluted EPS": 0.38,
        "Total Revenue": 279,
        "Gross Profit": 229,
        "Operating Income": 86,
        "EBIT": 179,
        "Net Income": 44
    },
    "2019-06-30": {
        "Diluted EPS": 0.31,
        "Total Revenue": 242,
        "Gross Profit": 204,
        "Operating Income": 77,
        "EBIT": 157,
        "Net Income": 37
    },
    "2019-03-31": {
        "Diluted EPS": -0.15,
        "Total Revenue": 174,
        "Gross Profit": 134,
        "Operating Income": 8,
        "EBIT": 85,
        "Net Income": -17
    },
    "2018-12-31": {
        "Diluted EPS": 1.18,
        "Total Revenue": 290,
        "Gross Profit": 258,
        "Operating Income": 148,
        "EBIT": 221,
        "Net Income": 137
    },
    "2018-09-30": {
        "Diluted EPS": 0.15,
        "Total Revenue": 207,
        "Gross Profit": 180,
        "Operating Income": 68,
        "EBIT": 139,
        "Net Income": 18
    },
    "2018-06-30": {
        "Diluted EPS": 0.53,
        "Total Revenue": 211,
        "Gross Profit": 186,
        "Operating Income": 74,
        "EBIT": 141,
        "Net Income": 60
    },
    "2018-03-31": {
        "Diluted EPS": 0.55,
        "Total Revenue": 191,
        "Gross Profit": 169,
        "Operating Income": 73,
        "EBIT": 129,
        "Net Income": 60
    },
    "2017-12-31": {
        "Diluted EPS": 0.36,
        "Total Revenue": 154,
        "Gross Profit": 131,
        "Operating Income": 41,
        "EBIT": 96,
        "Net Income": 38
    },
    "2017-09-30": {
        "Diluted EPS": 0.15,
        "Total Revenue": 126,
        "Gross Profit": 108,
        "Operating Income": 27,
        "EBIT": 74,
        "Net Income": 15
    },
    "2017-06-30": {
        "Diluted EPS": 0.28,
        "Total Revenue": 130,
        "Gross Profit": 114,
        "Operating Income": 39,
        "EBIT": 80,
        "Net Income": 29
    },
    "2017-03-31": {
        "Diluted EPS": 0.44,
        "Total Revenue": 135,
        "Gross Profit": 121,
        "Operating Income": 54,
        "EBIT": 88,
        "Net Income": 44
    },
    "2016-12-31": {
        "Diluted EPS": 1.21,
        "Total Revenue": 85,
        "Gross Profit": 71,
        "Operating Income": 8,
        "EBIT": 40,
        "Net Income": 104
    },
    "2016-09-30": {
        "Diluted EPS": 0.13,
        "Total Revenue": 89,
        "Gross Profit": 75,
        "Operating Income": 17,
        "EBIT": 47,
        "Net Income": 12
    },
    "2016-06-30": {
        "Diluted EPS": -1.15,
        "Total Revenue": 46,
        "Gross Profit": 34,
        "Operating Income": -101,
        "EBIT": -69,
        "Net Income": -106
    },
    "2016-03-31": {
        "Diluted EPS": -1.26,
        "Total Revenue": 45,
        "Gross Profit": 36,
        "Operating Income": -102,
        "EBIT": -72,
        "Net Income": -108
    },
    "2015-12-31": {
        "Diluted EPS": -2.91,
        "Total Revenue": 69,
        "Gross Profit": 58,
        "Operating Income": -222,
        "EBIT": -187,
        "Net Income": -230
    },
    "2015-09-30": {
        "Diluted EPS": -2.86,
        "Total Revenue": 99,
        "Gross Profit": 88,
        "Operating Income": -269,
        "EBIT": -223,
        "Net Income": -242
    },
    "2015-06-30": {
        "Diluted EPS": -1.89,
        "Total Revenue": 78,
        "Gross Profit": 68,
        "Operating Income": -241,
        "EBIT": -189,
        "Net Income": -157
    },
    "2015-03-31": {
        "Diluted EPS": -0.68,
        "Total Revenue": 72,
        "Gross Profit": 65,
        "Operating Income": -75,
        "EBIT": -28,
        "Net Income": -50
    },
    "2014-12-31": {
        "Diluted EPS": 0.65,
        "Total Revenue": 155,
        "Gross Profit": 144,
        "Operating Income": 76,
        "EBIT": 120,
        "Net Income": 47
    },
    "2014-09-30": {
        "Diluted EPS": 0.4,
        "Total Revenue": 112,
        "Gross Profit": 104,
        "Operating Income": 47,
        "EBIT": 82,
        "Net Income": 30
    },
    "2014-06-30": {
        "Diluted EPS": 0.26,
        "Total Revenue": 91,
        "Gross Profit": 82,
        "Operating Income": 30,
        "EBIT": 62,
        "Net Income": 18
    },
    "2014-03-31": {
        "Diluted EPS": 0.25,
        "Total Revenue": 74,
        "Gross Profit": 68,
        "Operating Income": 27,
        "EBIT": 51,
        "Net Income": 16
    },
    "2013-12-31": {
        "Diluted EPS": 0.25,
        "Total Revenue": 69,
        "Gross Profit": 63,
        "Operating Income": 23,
        "EBIT": 47,
        "Net Income": 15
    },
    "2013-09-30": {
        "Diluted EPS": 0.35,
        "Total Revenue": 71,
        "Gross Profit": 65,
        "Operating Income": 25,
        "EBIT": 51,
        "Net Income": 20
    },
    "2013-06-30": {
        "Diluted EPS": 0.45,
        "Total Revenue": 66,
        "Gross Profit": 62,
        "Operating Income": 27,
        "EBIT": 47,
        "Net Income": 25
    },
    "2013-03-31": {
        "Diluted EPS": -0.28,
        "Total Revenue": 55,
        "Gross Profit": 51,
        "Operating Income": -14,
        "EBIT": 14,
        "Net Income": -16
    },
    "2012-12-31": {
        "Diluted EPS": -0.41,
        "Total Revenue": 52,
        "Gross Profit": 48,
        "Operating Income": -20,
        "EBIT": 7,
        "Net Income": -21
    },
    "2012-09-30": {
        "Diluted EPS": -0.17,
        "Total Revenue": 28,
        "Gross Profit": 26,
        "Operating Income": -10,
        "EBIT": 12,
        "Net Income": -9
    },
    "2012-06-30": {
        "Diluted EPS": -0.12,
        "Total Revenue": 56,
        "Gross Profit": 53,
        "Operating Income": -10,
        "EBIT": 10,
        "Net Income": -7
    },
    "2012-03-31": {
        "Diluted EPS": 0.08,
        "Total Revenue": 29,
        "Gross Profit": 27,
        "Operating Income": 7,
        "EBIT": 18,
        "Net Income": 4
    },
    "2011-12-31": {
        "Diluted EPS": 0.08,
        "Total Revenue": 21,
        "Gross Profit": 20,
        "Operating Income": 6,
        "EBIT": 15,
        "Net Income": 3
    },
    "2011-09-30": {
        "Diluted EPS": 0.14,
        "Total Revenue": 22,
        "Gross Profit": 20,
        "Operating Income": 6,
        "EBIT": 14,
        "Net Income": 6
    },
    "2011-06-30": {
        "Diluted EPS": 0.17,
        "Total Revenue": 22,
        "Gross Profit": 20,
        "Operating Income": 7,
        "EBIT": 15,
        "Net Income": 7
    },
    "2011-03-31": {
        "Diluted EPS": -0.65,
        "Total Revenue": 14,
        "Gross Profit": 13,
        "Operating Income": -34,
        "EBIT": -27,
        "Net Income": -28
    },
    "2010-12-31": {
        "Diluted EPS": 0.0,
        "Total Revenue": NaN,
        "Gross Profit": NaN,
        "Operating Income": NaN,
        "EBIT": NaN,
        "Net Income": NaN
    },
    "2009-12-31": {
        "Diluted EPS": 0.0,
        "Total Revenue": NaN,
        "Gross Profit": NaN,
        "Operating Income": NaN,
        "EBIT": NaN,
        "Net Income": NaN
    },
    "2023-09-30": {
        "Tax Effect Of Unusual Items": NaN,
        "Tax Rate For Calcs": NaN,
        "Normalized EBITDA": NaN,
        "Total Unusual Items": NaN,
        "Total Unusual Items Excluding Goodwill": NaN,
        "Net Income From Continuing Operation Net Minority Interest": NaN,
        "Reconciled Depreciation": NaN,
        "Reconciled Cost Of Revenue": NaN,
        "EBITDA": NaN,
        "EBIT": NaN,
        "Net Interest Income": NaN,
        "Interest Expense": NaN,
        "Normalized Income": NaN,
        "Net Income From Continuing And Discontinued Operation": NaN,
        "Total Expenses": NaN,
        "Rent Expense Supplemental": 66395000.0,
        "Total Operating Income As Reported": NaN,
        "Diluted Average Shares": NaN,
        "Basic Average Shares": NaN,
        "Diluted EPS": NaN,
        "Basic EPS": NaN,
        "Diluted NI Availto Com Stockholders": NaN,
        "Net Income Common Stockholders": NaN,
        "Net Income": NaN,
        "Minority Interests": NaN,
        "Net Income Including Noncontrolling Interests": NaN,
        "Net Income Continuous Operations": NaN,
        "Tax Provision": NaN,
        "Pretax Income": NaN,
        "Other Income Expense": NaN,
        "Other Non Operating Income Expenses": NaN,
        "Special Income Charges": 0.0,
        "Impairment Of Capital Assets": 0.0,
        "Gain On Sale Of Security": NaN,
        "Net Non Operating Interest Income Expense": NaN,
        "Interest Expense Non Operating": NaN,
        "Operating Income": NaN,
        "Operating Expense": NaN,
        "Other Operating Expenses": NaN,
        "Selling General And Administration": NaN,
        "General And Administrative Expense": NaN,
        "Other Gand A": NaN,
        "Gross Profit": NaN,
        "Cost Of Revenue": NaN,
        "Total Revenue": NaN,
        "Operating Revenue": NaN
    },
    "2023-12-31": {
        "Tax Effect Of Unusual Items": NaN,
        "Tax Rate For Calcs": NaN,
        "Normalized EBITDA": NaN,
        "Total Unusual Items": NaN,
        "Total Unusual Items Excluding Goodwill": NaN,
        "Net Income From Continuing Operation Net Minority Interest": NaN,
        "Reconciled Depreciation": NaN,
        "Reconciled Cost Of Revenue": NaN,
        "EBITDA": NaN,
        "EBIT": NaN,
        "Net Interest Income": NaN,
        "Interest Expense": NaN,
        "Normalized Income": NaN,
        "Net Income From Continuing And Discontinued Operation": NaN,
        "Total Expenses": NaN,
        "Rent Expense Supplemental": NaN,
        "Total Operating Income As Reported": NaN,
        "Diluted Average Shares": NaN,
        "Basic Average Shares": NaN,
        "Diluted EPS": NaN,
        "Basic EPS": NaN,
        "Diluted NI Availto Com Stockholders": NaN,
        "Net Income Common Stockholders": NaN,
        "Net Income": NaN,
        "Minority Interests": NaN,
        "Net Income Including Noncontrolling Interests": NaN,
        "Net Income Continuous Operations": NaN,
        "Tax Provision": NaN,
        "Pretax Income": NaN,
        "Other Income Expense": NaN,
        "Other Non Operating Income Expenses": NaN,
        "Special Income Charges": 0.0,
        "Impairment Of Capital Assets": NaN,
        "Gain On Sale Of Security": NaN,
        "Net Non Operating Interest Income Expense": NaN,
        "Interest Expense Non Operating": NaN,
        "Operating Income": NaN,
        "Operating Expense": NaN,
        "Other Operating Expenses": NaN,
        "Selling General And Administration": NaN,
        "General And Administrative Expense": NaN,
        "Other Gand A": NaN,
        "Gross Profit": NaN,
        "Cost Of Revenue": NaN,
        "Total Revenue": NaN,
        "Operating Revenue": NaN
    },
    "2024-03-31": {
        "Tax Effect Of Unusual Items": 560522.273974,
        "Tax Rate For Calcs": 0.23852,
        "Normalized EBITDA": 529491000.0,
        "Total Unusual Items": 2350000.0,
        "Total Unusual Items Excluding Goodwill": 2350000.0,
        "Net Income From Continuing Operation Net Minority Interest": 193729000.0,
        "Reconciled Depreciation": 212311000.0,
        "Reconciled Cost Of Revenue": 437814000.0,
        "EBITDA": 531841000.0,
        "EBIT": 319530000.0,
        "Net Interest Income": -39562000.0,
        "Interest Expense": 39562000.0,
        "Normalized Income": 191939522.273974,
        "Net Income From Continuing And Discontinued Operation": 193729000.0,
        "Total Expenses": 468740000.0,
        "Rent Expense Supplemental": NaN,
        "Total Operating Income As Reported": 318953000.0,
        "Diluted Average Shares": 120253000.0,
        "Basic Average Shares": 119721000.0,
        "Diluted EPS": 1.61,
        "Basic EPS": 1.62,
        "Diluted NI Availto Com Stockholders": 193729000.0,
        "Net Income Common Stockholders": 193729000.0,
        "Net Income": 193729000.0,
        "Minority Interests": -19461000.0,
        "Net Income Including Noncontrolling Interests": 213190000.0,
        "Net Income Continuous Operations": 213190000.0,
        "Tax Provision": 66778000.0,
        "Pretax Income": 279968000.0,
        "Other Income Expense": 2927000.0,
        "Other Non Operating Income Expenses": 577000.0,
        "Special Income Charges": NaN,
        "Impairment Of Capital Assets": NaN,
        "Gain On Sale Of Security": 2350000.0,
        "Net Non Operating Interest Income Expense": -39562000.0,
        "Interest Expense Non Operating": 39562000.0,
        "Operating Income": 316603000.0,
        "Operating Expense": 30926000.0,
        "Other Operating Expenses": 1273000.0,
        "Selling General And Administration": 29653000.0,
        "General And Administrative Expense": 29653000.0,
        "Other Gand A": 29653000.0,
        "Gross Profit": 347529000.0,
        "Cost Of Revenue": 437814000.0,
        "Total Revenue": 785343000.0,
        "Operating Revenue": 785343000.0
    },
    "2024-06-30": {
        "Tax Effect Of Unusual Items": -2014750.0,
        "Tax Rate For Calcs": 0.25,
        "Normalized EBITDA": 595492000.0,
        "Total Unusual Items": -8059000.0,
        "Total Unusual Items Excluding Goodwill": -8059000.0,
        "Net Income From Continuing Operation Net Minority Interest": 228769000.0,
        "Reconciled Depreciation": 225934000.0,
        "Reconciled Cost Of Revenue": 454274000.0,
        "EBITDA": 587433000.0,
        "EBIT": 361499000.0,
        "Net Interest Income": -35986000.0,
        "Interest Expense": 35986000.0,
        "Normalized Income": 234813250.0,
        "Net Income From Continuing And Discontinued Operation": 228769000.0,
        "Total Expenses": 483516000.0,
        "Rent Expense Supplemental": NaN,
        "Total Operating Income As Reported": 363620000.0,
        "Diluted Average Shares": 124896000.0,
        "Basic Average Shares": 124786000.0,
        "Diluted EPS": 1.83,
        "Basic EPS": 1.83,
        "Diluted NI Availto Com Stockholders": 228769000.0,
        "Net Income Common Stockholders": 228769000.0,
        "Net Income": 228769000.0,
        "Minority Interests": -18758000.0,
        "Net Income Including Noncontrolling Interests": 247527000.0,
        "Net Income Continuous Operations": 247527000.0,
        "Tax Provision": 77986000.0,
        "Pretax Income": 325513000.0,
        "Other Income Expense": -10180000.0,
        "Other Non Operating Income Expenses": -2121000.0,
        "Special Income Charges": 0.0,
        "Impairment Of Capital Assets": 0.0,
        "Gain On Sale Of Security": -8059000.0,
        "Net Non Operating Interest Income Expense": -35986000.0,
        "Interest Expense Non Operating": 35986000.0,
        "Operating Income": 371679000.0,
        "Operating Expense": 29242000.0,
        "Other Operating Expenses": 1329000.0,
        "Selling General And Administration": 27913000.0,
        "General And Administrative Expense": 27913000.0,
        "Other Gand A": 27913000.0,
        "Gross Profit": 400921000.0,
        "Cost Of Revenue": 454274000.0,
        "Total Revenue": 855195000.0,
        "Operating Revenue": 855195000.0
    },
    "2024-09-30": {
        "Tax Effect Of Unusual Items": 10307960.0,
        "Tax Rate For Calcs": 0.26,
        "Normalized EBITDA": 597342000.0,
        "Total Unusual Items": 39646000.0,
        "Total Unusual Items Excluding Goodwill": 39646000.0,
        "Net Income From Continuing Operation Net Minority Interest": 248291000.0,
        "Reconciled Depreciation": 242821000.0,
        "Reconciled Cost Of Revenue": 477283000.0,
        "EBITDA": 636988000.0,
        "EBIT": 394167000.0,
        "Net Interest Income": -36169000.0,
        "Interest Expense": 36169000.0,
        "Normalized Income": 218952960.0,
        "Net Income From Continuing And Discontinued Operation": 248291000.0,
        "Total Expenses": 507727000.0,
        "Rent Expense Supplemental": NaN,
        "Total Operating Income As Reported": 392056000.0,
        "Diluted Average Shares": 124983000.0,
        "Basic Average Shares": 124814000.0,
        "Diluted EPS": 1.99,
        "Basic EPS": 1.99,
        "Diluted NI Availto Com Stockholders": 248291000.0,
        "Net Income Common Stockholders": 248291000.0,
        "Net Income": 248291000.0,
        "Minority Interests": -24386000.0,
        "Net Income Including Noncontrolling Interests": 272677000.0,
        "Net Income Continuous Operations": 272677000.0,
        "Tax Provision": 85321000.0,
        "Pretax Income": 357998000.0,
        "Other Income Expense": 41757000.0,
        "Other Non Operating Income Expenses": 2111000.0,
        "Special Income Charges": 0.0,
        "Impairment Of Capital Assets": 0.0,
        "Gain On Sale Of Security": 39646000.0,
        "Net Non Operating Interest Income Expense": -36169000.0,
        "Interest Expense Non Operating": 36169000.0,
        "Operating Income": 352410000.0,
        "Operating Expense": 30444000.0,
        "Other Operating Expenses": 1657000.0,
        "Selling General And Administration": 28787000.0,
        "General And Administrative Expense": 28787000.0,
        "Other Gand A": 28787000.0,
        "Gross Profit": 382854000.0,
        "Cost Of Revenue": 477283000.0,
        "Total Revenue": 860137000.0,
        "Operating Revenue": 860137000.0
    },
    "2024-12-31": {
        "Tax Effect Of Unusual Items": -1641672.349015,
        "Tax Rate For Calcs": 0.207439,
        "Normalized EBITDA": 661346000.0,
        "Total Unusual Items": -7914000.0,
        "Total Unusual Items Excluding Goodwill": -7914000.0,
        "Net Income From Continuing Operation Net Minority Interest": 214533000.0,
        "Reconciled Depreciation": 293234000.0,
        "Reconciled Cost Of Revenue": 567431000.0,
        "EBITDA": 653432000.0,
        "EBIT": 360198000.0,
        "Net Interest Income": -59970000.0,
        "Interest Expense": 59970000.0,
        "Normalized Income": 220805327.650985,
        "Net Income From Continuing And Discontinued Operation": 214533000.0,
        "Total Expenses": 610300000.0,
        "Rent Expense Supplemental": NaN,
        "Total Operating Income As Reported": 360069000.0,
        "Diluted Average Shares": 125430000.0,
        "Basic Average Shares": 124953000.0,
        "Diluted EPS": 1.71,
        "Basic EPS": 1.72,
        "Diluted NI Availto Com Stockholders": 214533000.0,
        "Net Income Common Stockholders": 214533000.0,
        "Net Income": 214533000.0,
        "Minority Interests": -23416000.0,
        "Net Income Including Noncontrolling Interests": 237949000.0,
        "Net Income Continuous Operations": 237949000.0,
        "Tax Provision": 62279000.0,
        "Pretax Income": 300228000.0,
        "Other Income Expense": -7785000.0,
        "Other Non Operating Income Expenses": 129000.0,
        "Special Income Charges": 0.0,
        "Impairment Of Capital Assets": NaN,
        "Gain On Sale Of Security": -7914000.0,
        "Net Non Operating Interest Income Expense": -59970000.0,
        "Interest Expense Non Operating": 59970000.0,
        "Operating Income": 367983000.0,
        "Operating Expense": 42869000.0,
        "Other Operating Expenses": 1768000.0,
        "Selling General And Administration": 41101000.0,
        "General And Administrative Expense": 41101000.0,
        "Other Gand A": 41101000.0,
        "Gross Profit": 410852000.0,
        "Cost Of Revenue": 567431000.0,
        "Total Revenue": 978283000.0,
        "Operating Revenue": 978283000.0
    },
    "2025-03-31": {
        "Tax Effect Of Unusual Items": 2024100.0,
        "Tax Rate For Calcs": 0.26,
        "Normalized EBITDA": 668763000.0,
        "Total Unusual Items": 7785000.0,
        "Total Unusual Items Excluding Goodwill": 7785000.0,
        "Net Income From Continuing Operation Net Minority Interest": 240085000.0,
        "Reconciled Depreciation": 281891000.0,
        "Reconciled Cost Of Revenue": 589348000.0,
        "EBITDA": 676548000.0,
        "EBIT": 394657000.0,
        "Net Interest Income": -49489000.0,
        "Interest Expense": 49489000.0,
        "Normalized Income": 234324100.0,
        "Net Income From Continuing And Discontinued Operation": 240085000.0,
        "Total Expenses": 624807000.0,
        "Rent Expense Supplemental": NaN,
        "Total Operating Income As Reported": 389151000.0,
        "Diluted Average Shares": 125342000.0,
        "Basic Average Shares": 125189000.0,
        "Diluted EPS": 1.92,
        "Basic EPS": 1.92,
        "Diluted NI Availto Com Stockholders": 240085000.0,
        "Net Income Common Stockholders": 240085000.0,
        "Net Income": 240085000.0,
        "Minority Interests": -22162000.0,
        "Net Income Including Noncontrolling Interests": 262247000.0,
        "Net Income Continuous Operations": 262247000.0,
        "Tax Provision": 82921000.0,
        "Pretax Income": 345168000.0,
        "Other Income Expense": 13291000.0,
        "Other Non Operating Income Expenses": 5506000.0,
        "Special Income Charges": NaN,
        "Impairment Of Capital Assets": NaN,
        "Gain On Sale Of Security": 7785000.0,
        "Net Non Operating Interest Income Expense": -49489000.0,
        "Interest Expense Non Operating": 49489000.0,
        "Operating Income": 381366000.0,
        "Operating Expense": 35459000.0,
        "Other Operating Expenses": 1727000.0,
        "Selling General And Administration": 33732000.0,
        "General And Administrative Expense": 33732000.0,
        "Other Gand A": 33732000.0,
        "Gross Profit": 416825000.0,
        "Cost Of Revenue": 589348000.0,
        "Total Revenue": 1006173000.0,
        "Operating Revenue": 1006173000.0
    }
}