{
    "2023-03-31": {
        "Tax Effect Of Unusual Items": NaN,
        "Tax Rate For Calcs": NaN,
        "Normalized EBITDA": NaN,
        "Net Income From Continuing Operation Net Minority Interest": NaN,
        "Reconciled Depreciation": NaN,
        "Reconciled Cost Of Revenue": NaN,
        "EBITDA": NaN,
        "EBIT": NaN,
        "Net Interest Income": NaN,
        "Interest Expense": NaN,
        "Interest Income": 24000.0,
        "Normalized Income": NaN,
        "Net Income From Continuing And Discontinued Operation": NaN,
        "Total Expenses": NaN,
        "Total Operating Income As Reported": NaN,
        "Diluted Average Shares": NaN,
        "Basic Average Shares": NaN,
        "Diluted EPS": NaN,
        "Basic EPS": NaN,
        "Diluted NI Availto Com Stockholders": NaN,
        "Net Income Common Stockholders": NaN,
        "Net Income": NaN,
        "Net Income Including Noncontrolling Interests": NaN,
        "Net Income Continuous Operations": NaN,
        "Tax Provision": NaN,
        "Pretax Income": NaN,
        "Other Income Expense": NaN,
        "Other Non Operating Income Expenses": NaN,
        "Net Non Operating Interest Income Expense": NaN,
        "Total Other Finance Cost": NaN,
        "Interest Expense Non Operating": NaN,
        "Interest Income Non Operating": 24000.0,
        "Operating Income": NaN,
        "Operating Expense": NaN,
        "Other Operating Expenses": NaN,
        "Depreciation Amortization Depletion Income Statement": 387000.0,
        "Depreciation And Amortization In Income Statement": 387000.0,
        "Selling General And Administration": NaN,
        "Selling And Marketing Expense": 13558000.0,
        "General And Administrative Expense": 6416000.0,
        "Other Gand A": 6416000.0,
        "Gross Profit": NaN,
        "Cost Of Revenue": NaN,
        "Total Revenue": NaN,
        "Operating Revenue": NaN
    },
    "2022-12-31": {
        "Tax Effect Of Unusual Items": NaN,
        "Tax Rate For Calcs": NaN,
        "Normalized EBITDA": NaN,
        "Net Income From Continuing Operation Net Minority Interest": NaN,
        "Reconciled Depreciation": NaN,
        "Reconciled Cost Of Revenue": NaN,
        "EBITDA": NaN,
        "EBIT": NaN,
        "Net Interest Income": NaN,
        "Interest Expense": NaN,
        "Interest Income": 31000.0,
        "Normalized Income": NaN,
        "Net Income From Continuing And Discontinued Operation": NaN,
        "Total Expenses": NaN,
        "Total Operating Income As Reported": NaN,
        "Diluted Average Shares": NaN,
        "Basic Average Shares": NaN,
        "Diluted EPS": NaN,
        "Basic EPS": NaN,
        "Diluted NI Availto Com Stockholders": NaN,
        "Net Income Common Stockholders": NaN,
        "Net Income": NaN,
        "Net Income Including Noncontrolling Interests": NaN,
        "Net Income Continuous Operations": NaN,
        "Tax Provision": NaN,
        "Pretax Income": NaN,
        "Other Income Expense": NaN,
        "Other Non Operating Income Expenses": NaN,
        "Net Non Operating Interest Income Expense": NaN,
        "Total Other Finance Cost": NaN,
        "Interest Expense Non Operating": NaN,
        "Interest Income Non Operating": 31000.0,
        "Operating Income": NaN,
        "Operating Expense": NaN,
        "Other Operating Expenses": NaN,
        "Depreciation Amortization Depletion Income Statement": NaN,
        "Depreciation And Amortization In Income Statement": NaN,
        "Selling General And Administration": NaN,
        "Selling And Marketing Expense": 13996000.0,
        "General And Administrative Expense": 6991000.0,
        "Other Gand A": 6991000.0,
        "Gross Profit": NaN,
        "Cost Of Revenue": NaN,
        "Total Revenue": NaN,
        "Operating Revenue": NaN
    },
    "2022-09-30": {
        "Tax Effect Of Unusual Items": NaN,
        "Tax Rate For Calcs": NaN,
        "Normalized EBITDA": NaN,
        "Net Income From Continuing Operation Net Minority Interest": NaN,
        "Reconciled Depreciation": NaN,
        "Reconciled Cost Of Revenue": NaN,
        "EBITDA": NaN,
        "EBIT": NaN,
        "Net Interest Income": NaN,
        "Interest Expense": NaN,
        "Interest Income": 19000.0,
        "Normalized Income": NaN,
        "Net Income From Continuing And Discontinued Operation": NaN,
        "Total Expenses": NaN,
        "Total Operating Income As Reported": NaN,
        "Diluted Average Shares": NaN,
        "Basic Average Shares": NaN,
        "Diluted EPS": NaN,
        "Basic EPS": NaN,
        "Diluted NI Availto Com Stockholders": NaN,
        "Net Income Common Stockholders": NaN,
        "Net Income": NaN,
        "Net Income Including Noncontrolling Interests": NaN,
        "Net Income Continuous Operations": NaN,
        "Tax Provision": NaN,
        "Pretax Income": NaN,
        "Other Income Expense": NaN,
        "Other Non Operating Income Expenses": NaN,
        "Net Non Operating Interest Income Expense": NaN,
        "Total Other Finance Cost": -19000.0,
        "Interest Expense Non Operating": NaN,
        "Interest Income Non Operating": 19000.0,
        "Operating Income": NaN,
        "Operating Expense": NaN,
        "Other Operating Expenses": NaN,
        "Depreciation Amortization Depletion Income Statement": NaN,
        "Depreciation And Amortization In Income Statement": NaN,
        "Selling General And Administration": NaN,
        "Selling And Marketing Expense": 14242000.0,
        "General And Administrative Expense": NaN,
        "Other Gand A": NaN,
        "Gross Profit": NaN,
        "Cost Of Revenue": NaN,
        "Total Revenue": NaN,
        "Operating Revenue": NaN
    },
    "2022-06-30": {
        "Tax Effect Of Unusual Items": 0.0,
        "Tax Rate For Calcs": 0.123737,
        "Normalized EBITDA": 1154000.0,
        "Net Income From Continuing Operation Net Minority Interest": 694000.0,
        "Reconciled Depreciation": 301000.0,
        "Reconciled Cost Of Revenue": 7920000.0,
        "EBITDA": 1154000.0,
        "EBIT": 853000.0,
        "Net Interest Income": 23000.0,
        "Interest Expense": NaN,
        "Interest Income": 23000.0,
        "Normalized Income": 694000.0,
        "Net Income From Continuing And Discontinued Operation": 694000.0,
        "Total Expenses": 34123000.0,
        "Total Operating Income As Reported": 853000.0,
        "Diluted Average Shares": 2031000.0,
        "Basic Average Shares": 1942000.0,
        "Diluted EPS": 0.34,
        "Basic EPS": 0.36,
        "Diluted NI Availto Com Stockholders": 694000.0,
        "Net Income Common Stockholders": 694000.0,
        "Net Income": 694000.0,
        "Net Income Including Noncontrolling Interests": 694000.0,
        "Net Income Continuous Operations": 694000.0,
        "Tax Provision": 98000.0,
        "Pretax Income": 792000.0,
        "Other Income Expense": -84000.0,
        "Other Non Operating Income Expenses": -84000.0,
        "Net Non Operating Interest Income Expense": 23000.0,
        "Interest Expense Non Operating": NaN,
        "Interest Income Non Operating": 23000.0,
        "Operating Income": 853000.0,
        "Operating Expense": 26203000.0,
        "Other Operating Expenses": 4851000.0,
        "Depreciation Amortization Depletion Income Statement": 301000.0,
        "Depreciation And Amortization In Income Statement": 301000.0,
        "Selling General And Administration": 21051000.0,
        "Selling And Marketing Expense": 21051000.0,
        "Gross Profit": 27056000.0,
        "Cost Of Revenue": 7920000.0,
        "Total Revenue": 34976000.0,
        "Operating Revenue": 34976000.0
    },
    "2022-03-31": {
        "Diluted EPS": 0.06,
        "Total Revenue": 32,
        "Gross Profit": 25,
        "Operating Income": 0,
        "EBIT": 0,
        "Net Income": 0
    },
    "2021-12-31": {
        "Diluted EPS": 1.24,
        "Total Revenue": 39,
        "Gross Profit": 31,
        "Operating Income": 1,
        "EBIT": 1,
        "Net Income": 3
    },
    "2021-09-30": {
        "Diluted EPS": 1.44,
        "Total Revenue": 39,
        "Gross Profit": 32,
        "Operating Income": 3,
        "EBIT": 4,
        "Net Income": 3
    },
    "2021-06-30": {
        "Diluted EPS": 0.99,
        "Total Revenue": 43,
        "Gross Profit": 32,
        "Operating Income": 2,
        "EBIT": 2,
        "Net Income": 2
    },
    "2021-03-31": {
        "Diluted EPS": 1.04,
        "Total Revenue": 38,
        "Gross Profit": 31,
        "Operating Income": 3,
        "EBIT": 3,
        "Net Income": 2
    },
    "2020-12-31": {
        "Diluted EPS": 0.39,
        "Total Revenue": 39,
        "Gross Profit": 29,
        "Operating Income": 0,
        "EBIT": 0,
        "Net Income": 1
    },
    "2020-09-30": {
        "Diluted EPS": 0.76,
        "Total Revenue": 38,
        "Gross Profit": 29,
        "Operating Income": 1,
        "EBIT": 2,
        "Net Income": 2
    },
    "2020-06-30": {
        "Diluted EPS": 0.47,
        "Total Revenue": 38,
        "Gross Profit": 29,
        "Operating Income": 1,
        "EBIT": 2,
        "Net Income": 1
    },
    "2020-03-31": {
        "Diluted EPS": 1.15,
        "Total Revenue": 37,
        "Gross Profit": 30,
        "Operating Income": 2,
        "EBIT": 3,
        "Net Income": 3
    },
    "2019-12-31": {
        "Diluted EPS": 0.88,
        "Total Revenue": 39,
        "Gross Profit": 31,
        "Operating Income": 3,
        "EBIT": 3,
        "Net Income": 2
    },
    "2019-09-30": {
        "Diluted EPS": -0.62,
        "Total Revenue": 40,
        "Gross Profit": 32,
        "Operating Income": 1,
        "EBIT": 1,
        "Net Income": -1
    },
    "2019-06-30": {
        "Diluted EPS": 0.81,
        "Total Revenue": 41,
        "Gross Profit": 33,
        "Operating Income": 2,
        "EBIT": 3,
        "Net Income": 2
    },
    "2019-03-31": {
        "Diluted EPS": 0.28,
        "Total Revenue": 38,
        "Gross Profit": 31,
        "Operating Income": 1,
        "EBIT": 2,
        "Net Income": 1
    },
    "2018-12-31": {
        "Diluted EPS": -0.6,
        "Total Revenue": 44,
        "Gross Profit": 35,
        "Operating Income": -1,
        "EBIT": 0,
        "Net Income": -2
    },
    "2018-09-30": {
        "Diluted EPS": -0.69,
        "Total Revenue": 43,
        "Gross Profit": 34,
        "Operating Income": 2,
        "EBIT": 2,
        "Net Income": -2
    },
    "2018-06-30": {
        "Diluted EPS": -0.14,
        "Total Revenue": 45,
        "Gross Profit": 37,
        "Operating Income": 0,
        "EBIT": 0,
        "Net Income": 0
    },
    "2018-03-31": {
        "Diluted EPS": -0.1,
        "Total Revenue": 41,
        "Gross Profit": 33,
        "Operating Income": -1,
        "EBIT": 0,
        "Net Income": 0
    },
    "2017-12-31": {
        "Diluted EPS": -1.35,
        "Total Revenue": 46,
        "Gross Profit": 36,
        "Operating Income": 1,
        "EBIT": 2,
        "Net Income": -4
    },
    "2017-09-30": {
        "Diluted EPS": 0.5,
        "Total Revenue": 42,
        "Gross Profit": 34,
        "Operating Income": 1,
        "EBIT": 1,
        "Net Income": 1
    },
    "2017-06-30": {
        "Diluted EPS": 0.65,
        "Total Revenue": 48,
        "Gross Profit": 39,
        "Operating Income": 3,
        "EBIT": 3,
        "Net Income": 2
    },
    "2017-03-31": {
        "Diluted EPS": -0.46,
        "Total Revenue": 41,
        "Gross Profit": 32,
        "Operating Income": -2,
        "EBIT": -2,
        "Net Income": -1
    },
    "2016-12-31": {
        "Diluted EPS": -0.4,
        "Total Revenue": 43,
        "Gross Profit": 34,
        "Operating Income": 0,
        "EBIT": 0,
        "Net Income": -1
    },
    "2016-09-30": {
        "Diluted EPS": 0.46,
        "Total Revenue": 48,
        "Gross Profit": 38,
        "Operating Income": 1,
        "EBIT": 1,
        "Net Income": 1
    },
    "2016-06-30": {
        "Diluted EPS": -0.49,
        "Total Revenue": 49,
        "Gross Profit": 39,
        "Operating Income": 0,
        "EBIT": 0,
        "Net Income": -1
    },
    "2016-03-31": {
        "Diluted EPS": 0.21,
        "Total Revenue": 41,
        "Gross Profit": 32,
        "Operating Income": 1,
        "EBIT": 1,
        "Net Income": 1
    },
    "2015-12-31": {
        "Diluted EPS": 0.56,
        "Total Revenue": 45,
        "Gross Profit": 36,
        "Operating Income": 3,
        "EBIT": 3,
        "Net Income": 2
    },
    "2015-09-30": {
        "Diluted EPS": 0.03,
        "Total Revenue": 44,
        "Gross Profit": 36,
        "Operating Income": 2,
        "EBIT": 3,
        "Net Income": 0
    },
    "2015-06-30": {
        "Diluted EPS": 1.15,
        "Total Revenue": 47,
        "Gross Profit": 38,
        "Operating Income": 5,
        "EBIT": 5,
        "Net Income": 3
    },
    "2015-03-31": {
        "Diluted EPS": 0.4,
        "Total Revenue": 44,
        "Gross Profit": 36,
        "Operating Income": 3,
        "EBIT": 3,
        "Net Income": 1
    },
    "2014-12-31": {
        "Diluted EPS": 0.69,
        "Total Revenue": 45,
        "Gross Profit": 36,
        "Operating Income": 3,
        "EBIT": 3,
        "Net Income": 2
    },
    "2014-09-30": {
        "Diluted EPS": 1.89,
        "Total Revenue": 56,
        "Gross Profit": 45,
        "Operating Income": 8,
        "EBIT": 9,
        "Net Income": 5
    },
    "2014-06-30": {
        "Diluted EPS": -0.26,
        "Total Revenue": 46,
        "Gross Profit": 37,
        "Operating Income": 1,
        "EBIT": 1,
        "Net Income": -1
    },
    "2014-03-31": {
        "Diluted EPS": 0.08,
        "Total Revenue": 43,
        "Gross Profit": 34,
        "Operating Income": 1,
        "EBIT": 2,
        "Net Income": 0
    },
    "2013-12-31": {
        "Diluted EPS": 0.94,
        "Total Revenue": 47,
        "Gross Profit": 36,
        "Operating Income": 2,
        "EBIT": 3,
        "Net Income": 3
    },
    "2013-09-30": {
        "Diluted EPS": -0.3,
        "Total Revenue": 44,
        "Gross Profit": 35,
        "Operating Income": 0,
        "EBIT": 1,
        "Net Income": -1
    },
    "2013-06-30": {
        "Diluted EPS": 0.3,
        "Total Revenue": 45,
        "Gross Profit": 36,
        "Operating Income": 2,
        "EBIT": 2,
        "Net Income": 1
    },
    "2013-03-31": {
        "Diluted EPS": 0.24,
        "Total Revenue": 42,
        "Gross Profit": 34,
        "Operating Income": 1,
        "EBIT": 1,
        "Net Income": 1
    },
    "2012-12-31": {
        "Diluted EPS": 0.11,
        "Total Revenue": 42,
        "Gross Profit": 33,
        "Operating Income": 1,
        "EBIT": 2,
        "Net Income": 0
    },
    "2012-09-30": {
        "Diluted EPS": 0.83,
        "Total Revenue": 43,
        "Gross Profit": 34,
        "Operating Income": 1,
        "EBIT": 2,
        "Net Income": 2
    },
    "2012-06-30": {
        "Diluted EPS": -0.93,
        "Total Revenue": 44,
        "Gross Profit": 35,
        "Operating Income": -1,
        "EBIT": 0,
        "Net Income": -2
    },
    "2012-03-31": {
        "Diluted EPS": -0.53,
        "Total Revenue": 45,
        "Gross Profit": 36,
        "Operating Income": -2,
        "EBIT": 0,
        "Net Income": -1
    },
    "2011-12-31": {
        "Diluted EPS": -2.63,
        "Total Revenue": 48,
        "Gross Profit": 38,
        "Operating Income": -6,
        "EBIT": -4,
        "Net Income": -7
    },
    "2011-09-30": {
        "Diluted EPS": -1.38,
        "Total Revenue": 51,
        "Gross Profit": 21,
        "Operating Income": -2,
        "EBIT": 1,
        "Net Income": -4
    },
    "2011-06-30": {
        "Diluted EPS": -1.98,
        "Total Revenue": 51,
        "Gross Profit": 21,
        "Operating Income": -4,
        "EBIT": -2,
        "Net Income": -5
    },
    "2011-03-31": {
        "Diluted EPS": -1.81,
        "Total Revenue": 51,
        "Gross Profit": 22,
        "Operating Income": -5,
        "EBIT": -2,
        "Net Income": -5
    },
    "2010-12-31": {
        "Diluted EPS": -1.01,
        "Total Revenue": 55,
        "Gross Profit": 24,
        "Operating Income": -3,
        "EBIT": 0,
        "Net Income": -3
    },
    "2010-09-30": {
        "Diluted EPS": -0.5,
        "Total Revenue": 55,
        "Gross Profit": 24,
        "Operating Income": -4,
        "EBIT": -1,
        "Net Income": -1
    },
    "2010-06-30": {
        "Diluted EPS": -1.4,
        "Total Revenue": 58,
        "Gross Profit": 25,
        "Operating Income": -2,
        "EBIT": 1,
        "Net Income": -4
    },
    "2010-03-31": {
        "Diluted EPS": -1.1,
        "Total Revenue": 61,
        "Gross Profit": 25,
        "Operating Income": -3,
        "EBIT": 0,
        "Net Income": -3
    },
    "2009-12-31": {
        "Diluted EPS": 0.84,
        "Total Revenue": 70,
        "Gross Profit": 28,
        "Operating Income": 0,
        "EBIT": 3,
        "Net Income": 2
    },
    "2009-09-30": {
        "Diluted EPS": -3.5,
        "Total Revenue": 71,
        "Gross Profit": 24,
        "Operating Income": -9,
        "EBIT": -5,
        "Net Income": -9
    },
    "2009-06-30": {
        "Diluted EPS": -2.1,
        "Total Revenue": 78,
        "Gross Profit": 19,
        "Operating Income": -11,
        "EBIT": -8,
        "Net Income": -6
    },
    "2009-03-31": {
        "Diluted EPS": -1.8,
        "Total Revenue": 71,
        "Gross Profit": 25,
        "Operating Income": -6,
        "EBIT": -3,
        "Net Income": -5
    },
    "2023-06-30": {
        "Tax Effect Of Unusual Items": NaN,
        "Tax Rate For Calcs": NaN,
        "Normalized EBITDA": NaN,
        "Net Income From Continuing Operation Net Minority Interest": NaN,
        "Reconciled Depreciation": NaN,
        "Reconciled Cost Of Revenue": NaN,
        "EBITDA": NaN,
        "EBIT": NaN,
        "Net Interest Income": NaN,
        "Interest Expense": 10000.0,
        "Interest Income": NaN,
        "Normalized Income": NaN,
        "Net Income From Continuing And Discontinued Operation": NaN,
        "Total Expenses": NaN,
        "Total Operating Income As Reported": NaN,
        "Diluted Average Shares": 1870000.0,
        "Basic Average Shares": 1870000.0,
        "Diluted EPS": -0.59,
        "Basic EPS": -0.59,
        "Diluted NI Availto Com Stockholders": NaN,
        "Net Income Common Stockholders": NaN,
        "Net Income": NaN,
        "Net Income Including Noncontrolling Interests": NaN,
        "Net Income Continuous Operations": NaN,
        "Tax Provision": NaN,
        "Pretax Income": NaN,
        "Other Income Expense": NaN,
        "Other Non Operating Income Expenses": NaN,
        "Net Non Operating Interest Income Expense": NaN,
        "Total Other Finance Cost": 10000.0,
        "Interest Expense Non Operating": 10000.0,
        "Interest Income Non Operating": NaN,
        "Operating Income": NaN,
        "Operating Expense": NaN,
        "Other Operating Expenses": NaN,
        "Depreciation Amortization Depletion Income Statement": 387000.0,
        "Depreciation And Amortization In Income Statement": 387000.0,
        "Selling General And Administration": NaN,
        "Selling And Marketing Expense": 13465000.0,
        "General And Administrative Expense": 7257000.0,
        "Other Gand A": 7257000.0,
        "Gross Profit": NaN,
        "Cost Of Revenue": NaN,
        "Total Revenue": NaN,
        "Operating Revenue": NaN
    },
    "2023-09-30": {
        "Tax Effect Of Unusual Items": NaN,
        "Tax Rate For Calcs": NaN,
        "Normalized EBITDA": NaN,
        "Net Income From Continuing Operation Net Minority Interest": NaN,
        "Reconciled Depreciation": NaN,
        "Reconciled Cost Of Revenue": NaN,
        "EBITDA": NaN,
        "EBIT": NaN,
        "Net Interest Income": NaN,
        "Interest Expense": 17000.0,
        "Interest Income": NaN,
        "Normalized Income": NaN,
        "Net Income From Continuing And Discontinued Operation": NaN,
        "Total Expenses": NaN,
        "Total Operating Income As Reported": NaN,
        "Diluted Average Shares": 1863000.0,
        "Basic Average Shares": 1863000.0,
        "Diluted EPS": 0.01,
        "Basic EPS": 0.01,
        "Diluted NI Availto Com Stockholders": NaN,
        "Net Income Common Stockholders": NaN,
        "Net Income": NaN,
        "Net Income Including Noncontrolling Interests": NaN,
        "Net Income Continuous Operations": NaN,
        "Tax Provision": NaN,
        "Pretax Income": NaN,
        "Other Income Expense": NaN,
        "Other Non Operating Income Expenses": NaN,
        "Net Non Operating Interest Income Expense": NaN,
        "Total Other Finance Cost": 17000.0,
        "Interest Expense Non Operating": 17000.0,
        "Interest Income Non Operating": NaN,
        "Operating Income": NaN,
        "Operating Expense": NaN,
        "Other Operating Expenses": NaN,
        "Depreciation Amortization Depletion Income Statement": 450000.0,
        "Depreciation And Amortization In Income Statement": 450000.0,
        "Selling General And Administration": NaN,
        "Selling And Marketing Expense": 13178000.0,
        "General And Administrative Expense": 6946000.0,
        "Other Gand A": 6946000.0,
        "Gross Profit": NaN,
        "Cost Of Revenue": NaN,
        "Total Revenue": NaN,
        "Operating Revenue": NaN
    },
    "2023-12-31": {
        "Tax Effect Of Unusual Items": NaN,
        "Tax Rate For Calcs": NaN,
        "Normalized EBITDA": NaN,
        "Net Income From Continuing Operation Net Minority Interest": NaN,
        "Reconciled Depreciation": NaN,
        "Reconciled Cost Of Revenue": NaN,
        "EBITDA": NaN,
        "EBIT": NaN,
        "Net Interest Income": NaN,
        "Interest Expense": NaN,
        "Interest Income": NaN,
        "Normalized Income": NaN,
        "Net Income From Continuing And Discontinued Operation": NaN,
        "Total Expenses": NaN,
        "Total Operating Income As Reported": NaN,
        "Diluted Average Shares": NaN,
        "Basic Average Shares": NaN,
        "Diluted EPS": NaN,
        "Basic EPS": NaN,
        "Diluted NI Availto Com Stockholders": NaN,
        "Net Income Common Stockholders": NaN,
        "Net Income": NaN,
        "Net Income Including Noncontrolling Interests": NaN,
        "Net Income Continuous Operations": NaN,
        "Tax Provision": NaN,
        "Pretax Income": NaN,
        "Other Income Expense": NaN,
        "Other Non Operating Income Expenses": NaN,
        "Net Non Operating Interest Income Expense": NaN,
        "Total Other Finance Cost": NaN,
        "Interest Expense Non Operating": NaN,
        "Interest Income Non Operating": NaN,
        "Operating Income": NaN,
        "Operating Expense": NaN,
        "Other Operating Expenses": NaN,
        "Depreciation Amortization Depletion Income Statement": 404000.0,
        "Depreciation And Amortization In Income Statement": 404000.0,
        "Selling General And Administration": NaN,
        "General And Administrative Expense": 27994000.0,
        "Other Gand A": 27994000.0,
        "Gross Profit": NaN,
        "Cost Of Revenue": NaN,
        "Total Revenue": NaN,
        "Operating Revenue": NaN
    },
    "2024-03-31": {
        "Tax Effect Of Unusual Items": NaN,
        "Tax Rate For Calcs": NaN,
        "Normalized EBITDA": NaN,
        "Net Income From Continuing Operation Net Minority Interest": NaN,
        "Reconciled Depreciation": NaN,
        "Reconciled Cost Of Revenue": NaN,
        "EBITDA": NaN,
        "EBIT": NaN,
        "Net Interest Income": NaN,
        "Interest Expense": NaN,
        "Interest Income": 18000.0,
        "Normalized Income": NaN,
        "Net Income From Continuing And Discontinued Operation": NaN,
        "Total Expenses": NaN,
        "Total Operating Income As Reported": NaN,
        "Diluted Average Shares": NaN,
        "Basic Average Shares": NaN,
        "Diluted EPS": NaN,
        "Basic EPS": NaN,
        "Diluted NI Availto Com Stockholders": NaN,
        "Net Income Common Stockholders": NaN,
        "Net Income": NaN,
        "Net Income Including Noncontrolling Interests": NaN,
        "Net Income Continuous Operations": NaN,
        "Tax Provision": NaN,
        "Pretax Income": NaN,
        "Other Income Expense": NaN,
        "Other Non Operating Income Expenses": NaN,
        "Net Non Operating Interest Income Expense": NaN,
        "Total Other Finance Cost": -18000.0,
        "Interest Expense Non Operating": NaN,
        "Interest Income Non Operating": 18000.0,
        "Operating Income": NaN,
        "Operating Expense": NaN,
        "Other Operating Expenses": NaN,
        "Depreciation Amortization Depletion Income Statement": 416000.0,
        "Depreciation And Amortization In Income Statement": 416000.0,
        "Selling General And Administration": NaN,
        "Gross Profit": NaN,
        "Cost Of Revenue": NaN,
        "Total Revenue": NaN,
        "Operating Revenue": NaN
    },
    "2024-06-30": {
        "Tax Effect Of Unusual Items": NaN,
        "Tax Rate For Calcs": NaN,
        "Normalized EBITDA": NaN,
        "Net Income From Continuing Operation Net Minority Interest": NaN,
        "Reconciled Depreciation": NaN,
        "Reconciled Cost Of Revenue": NaN,
        "EBITDA": NaN,
        "EBIT": NaN,
        "Net Interest Income": NaN,
        "Interest Expense": 105000.0,
        "Normalized Income": NaN,
        "Net Income From Continuing And Discontinued Operation": NaN,
        "Total Expenses": NaN,
        "Total Operating Income As Reported": NaN,
        "Diluted Average Shares": 1885000.0,
        "Basic Average Shares": 1885000.0,
        "Diluted EPS": -0.33,
        "Basic EPS": -0.33,
        "Diluted NI Availto Com Stockholders": NaN,
        "Net Income Common Stockholders": NaN,
        "Net Income": NaN,
        "Net Income Including Noncontrolling Interests": NaN,
        "Net Income Continuous Operations": NaN,
        "Tax Provision": NaN,
        "Pretax Income": NaN,
        "Other Income Expense": NaN,
        "Other Non Operating Income Expenses": NaN,
        "Net Non Operating Interest Income Expense": NaN,
        "Total Other Finance Cost": 105000.0,
        "Interest Expense Non Operating": 105000.0,
        "Operating Income": NaN,
        "Operating Expense": NaN,
        "Other Operating Expenses": NaN,
        "Selling General And Administration": NaN,
        "Gross Profit": NaN,
        "Cost Of Revenue": NaN,
        "Total Revenue": NaN,
        "Operating Revenue": NaN
    },
    "2024-09-30": {
        "Tax Effect Of Unusual Items": 0.0,
        "Tax Rate For Calcs": 0.21,
        "Normalized EBITDA": -237000.0,
        "Net Income From Continuing Operation Net Minority Interest": -328000.0,
        "Reconciled Depreciation": 371000.0,
        "Reconciled Cost Of Revenue": 8105000.0,
        "EBITDA": -237000.0,
        "EBIT": -608000.0,
        "Net Interest Income": -109000.0,
        "Interest Expense": 109000.0,
        "Normalized Income": -328000.0,
        "Net Income From Continuing And Discontinued Operation": -328000.0,
        "Total Expenses": 30838000.0,
        "Total Operating Income As Reported": 887000.0,
        "Diluted Average Shares": 1885000.0,
        "Basic Average Shares": 1885000.0,
        "Diluted EPS": -0.17,
        "Basic EPS": -0.17,
        "Diluted NI Availto Com Stockholders": -328000.0,
        "Net Income Common Stockholders": -328000.0,
        "Net Income": -328000.0,
        "Net Income Including Noncontrolling Interests": -328000.0,
        "Net Income Continuous Operations": -328000.0,
        "Tax Provision": -389000.0,
        "Pretax Income": -717000.0,
        "Other Income Expense": -1495000.0,
        "Other Non Operating Income Expenses": -1495000.0,
        "Net Non Operating Interest Income Expense": -109000.0,
        "Total Other Finance Cost": NaN,
        "Interest Expense Non Operating": 109000.0,
        "Operating Income": 887000.0,
        "Operating Expense": 22733000.0,
        "Other Operating Expenses": 12893000.0,
        "Selling General And Administration": 9840000.0,
        "Gross Profit": 23620000.0,
        "Cost Of Revenue": 8105000.0,
        "Total Revenue": 31725000.0,
        "Operating Revenue": 31725000.0
    },
    "2024-12-31": {
        "Tax Effect Of Unusual Items": 0.0,
        "Tax Rate For Calcs": 0.213491,
        "Normalized EBITDA": 3319000.0,
        "Net Income From Continuing Operation Net Minority Interest": 2262000.0,
        "Reconciled Depreciation": 360000.0,
        "Reconciled Cost Of Revenue": 5643000.0,
        "EBITDA": 3319000.0,
        "EBIT": 2959000.0,
        "Net Interest Income": -83000.0,
        "Interest Expense": 83000.0,
        "Normalized Income": 2262000.0,
        "Net Income From Continuing And Discontinued Operation": 2262000.0,
        "Total Expenses": 28144000.0,
        "Total Operating Income As Reported": 864000.0,
        "Diluted Average Shares": NaN,
        "Basic Average Shares": NaN,
        "Diluted EPS": NaN,
        "Basic EPS": NaN,
        "Diluted NI Availto Com Stockholders": 2262000.0,
        "Net Income Common Stockholders": 2262000.0,
        "Net Income": 2262000.0,
        "Net Income Including Noncontrolling Interests": 2262000.0,
        "Net Income Continuous Operations": 2262000.0,
        "Tax Provision": 614000.0,
        "Pretax Income": 2876000.0,
        "Other Income Expense": 2095000.0,
        "Other Non Operating Income Expenses": 2095000.0,
        "Net Non Operating Interest Income Expense": -83000.0,
        "Total Other Finance Cost": NaN,
        "Interest Expense Non Operating": 83000.0,
        "Operating Income": 864000.0,
        "Operating Expense": 22501000.0,
        "Other Operating Expenses": 12072000.0,
        "Selling General And Administration": 10429000.0,
        "Gross Profit": 23365000.0,
        "Cost Of Revenue": 5643000.0,
        "Total Revenue": 29008000.0,
        "Operating Revenue": 29008000.0
    },
    "2025-03-31": {
        "Tax Effect Of Unusual Items": 0.0,
        "Tax Rate For Calcs": 0.21,
        "Normalized EBITDA": -540000.0,
        "Net Income From Continuing Operation Net Minority Interest": -1530000.0,
        "Reconciled Depreciation": 293000.0,
        "Reconciled Cost Of Revenue": 6827000.0,
        "EBITDA": -540000.0,
        "EBIT": -833000.0,
        "Net Interest Income": -73000.0,
        "Interest Expense": NaN,
        "Normalized Income": -1530000.0,
        "Net Income From Continuing And Discontinued Operation": -1530000.0,
        "Total Expenses": 27396000.0,
        "Total Operating Income As Reported": -833000.0,
        "Diluted Average Shares": 1901000.0,
        "Basic Average Shares": 1901000.0,
        "Diluted EPS": -0.8,
        "Basic EPS": -0.8,
        "Diluted NI Availto Com Stockholders": -1530000.0,
        "Net Income Common Stockholders": -1530000.0,
        "Net Income": -1530000.0,
        "Net Income Including Noncontrolling Interests": -1530000.0,
        "Net Income Continuous Operations": -1530000.0,
        "Tax Provision": 206000.0,
        "Pretax Income": -1324000.0,
        "Other Income Expense": -418000.0,
        "Other Non Operating Income Expenses": -418000.0,
        "Net Non Operating Interest Income Expense": -73000.0,
        "Total Other Finance Cost": 73000.0,
        "Interest Expense Non Operating": NaN,
        "Operating Income": -833000.0,
        "Operating Expense": 20569000.0,
        "Other Operating Expenses": 10553000.0,
        "Selling General And Administration": 10016000.0,
        "Gross Profit": 19736000.0,
        "Cost Of Revenue": 6827000.0,
        "Total Revenue": 26563000.0,
        "Operating Revenue": 26563000.0
    },
    "2025-06-30": {
        "Tax Effect Of Unusual Items": 0.0,
        "Tax Rate For Calcs": 0.21,
        "Normalized EBITDA": -3909000.0,
        "Net Income From Continuing Operation Net Minority Interest": -4312000.0,
        "Reconciled Depreciation": 278000.0,
        "Reconciled Cost Of Revenue": 6778000.0,
        "EBITDA": -3909000.0,
        "EBIT": -4187000.0,
        "Net Interest Income": -102000.0,
        "Interest Expense": 102000.0,
        "Normalized Income": -4312000.0,
        "Net Income From Continuing And Discontinued Operation": -4312000.0,
        "Total Expenses": 27122000.0,
        "Total Operating Income As Reported": -1443000.0,
        "Diluted Average Shares": 1901000.0,
        "Basic Average Shares": 1901000.0,
        "Diluted EPS": -2.27,
        "Basic EPS": -2.27,
        "Diluted NI Availto Com Stockholders": -4312000.0,
        "Net Income Common Stockholders": -4312000.0,
        "Net Income": -4312000.0,
        "Net Income Including Noncontrolling Interests": -4312000.0,
        "Net Income Continuous Operations": -4312000.0,
        "Tax Provision": 23000.0,
        "Pretax Income": -4289000.0,
        "Other Income Expense": -2744000.0,
        "Other Non Operating Income Expenses": -2744000.0,
        "Net Non Operating Interest Income Expense": -102000.0,
        "Total Other Finance Cost": NaN,
        "Interest Expense Non Operating": 102000.0,
        "Operating Income": -1443000.0,
        "Operating Expense": 20344000.0,
        "Other Operating Expenses": 9567000.0,
        "Selling General And Administration": 10777000.0,
        "Gross Profit": 18901000.0,
        "Cost Of Revenue": 6778000.0,
        "Total Revenue": 25679000.0,
        "Operating Revenue": 25679000.0
    },
    "2025-09-30": {
        "Tax Effect Of Unusual Items": 0.0,
        "Tax Rate For Calcs": 0.235,
        "Normalized EBITDA": 2879000.0,
        "Net Income From Continuing Operation Net Minority Interest": 1924000.0,
        "Reconciled Depreciation": 261000.0,
        "Reconciled Cost Of Revenue": 6890000.0,
        "EBITDA": 2879000.0,
        "EBIT": 2618000.0,
        "Net Interest Income": -104000.0,
        "Interest Expense": 104000.0,
        "Normalized Income": 1924000.0,
        "Net Income From Continuing And Discontinued Operation": 1924000.0,
        "Total Expenses": 27154000.0,
        "Total Operating Income As Reported": 2007000.0,
        "Diluted Average Shares": 1901000.0,
        "Basic Average Shares": 1901000.0,
        "Diluted EPS": 1.01,
        "Basic EPS": 1.01,
        "Diluted NI Availto Com Stockholders": 1924000.0,
        "Net Income Common Stockholders": 1924000.0,
        "Net Income": 1924000.0,
        "Net Income Including Noncontrolling Interests": 1924000.0,
        "Net Income Continuous Operations": 1924000.0,
        "Tax Provision": 590000.0,
        "Pretax Income": 2514000.0,
        "Other Income Expense": 611000.0,
        "Other Non Operating Income Expenses": 611000.0,
        "Net Non Operating Interest Income Expense": -104000.0,
        "Total Other Finance Cost": NaN,
        "Interest Expense Non Operating": 104000.0,
        "Operating Income": 2007000.0,
        "Operating Expense": 20264000.0,
        "Other Operating Expenses": 11192000.0,
        "Selling General And Administration": 9072000.0,
        "Gross Profit": 22271000.0,
        "Cost Of Revenue": 6890000.0,
        "Total Revenue": 29161000.0,
        "Operating Revenue": 29161000.0
    }
}