{
    "2023-03-31": {
        "Tax Effect Of Unusual Items": NaN,
        "Tax Rate For Calcs": NaN,
        "Total Unusual Items": 0.0,
        "Total Unusual Items Excluding Goodwill": 0.0,
        "Net Income From Continuing Operation Net Minority Interest": NaN,
        "Reconciled Depreciation": NaN,
        "EBIT": NaN,
        "Net Interest Income": NaN,
        "Interest Expense": NaN,
        "Normalized Income": NaN,
        "Net Income From Continuing And Discontinued Operation": NaN,
        "Total Expenses": NaN,
        "Diluted Average Shares": NaN,
        "Basic Average Shares": NaN,
        "Diluted EPS": NaN,
        "Basic EPS": NaN,
        "Diluted NI Availto Com Stockholders": NaN,
        "Average Dilution Earnings": NaN,
        "Net Income Common Stockholders": NaN,
        "Net Income": NaN,
        "Net Income Including Noncontrolling Interests": NaN,
        "Net Income Continuous Operations": NaN,
        "Tax Provision": NaN,
        "Pretax Income": NaN,
        "Other Income Expense": NaN,
        "Special Income Charges": 0.0,
        "Net Non Operating Interest Income Expense": NaN,
        "Interest Expense Non Operating": NaN,
        "Total Revenue": NaN,
        "Operating Revenue": NaN,
        "Loss Adjustment Expense": NaN,
        "Net Policyholder Benefits And Claims": NaN,
        "Policyholder Benefits Gross": NaN,
        "Policyholder Benefits Ceded": NaN
    },
    "2022-12-31": {
        "Tax Effect Of Unusual Items": NaN,
        "Tax Rate For Calcs": NaN,
        "Total Unusual Items": -69000.0,
        "Total Unusual Items Excluding Goodwill": -69000.0,
        "Net Income From Continuing Operation Net Minority Interest": NaN,
        "Reconciled Depreciation": NaN,
        "EBIT": NaN,
        "Net Interest Income": NaN,
        "Interest Expense": NaN,
        "Normalized Income": NaN,
        "Net Income From Continuing And Discontinued Operation": NaN,
        "Total Expenses": NaN,
        "Diluted Average Shares": NaN,
        "Basic Average Shares": NaN,
        "Diluted EPS": NaN,
        "Basic EPS": NaN,
        "Diluted NI Availto Com Stockholders": NaN,
        "Average Dilution Earnings": NaN,
        "Net Income Common Stockholders": NaN,
        "Net Income": NaN,
        "Net Income Including Noncontrolling Interests": NaN,
        "Net Income Continuous Operations": NaN,
        "Tax Provision": NaN,
        "Pretax Income": NaN,
        "Other Income Expense": NaN,
        "Special Income Charges": -69000.0,
        "Other Special Charges": 69000.0,
        "Net Non Operating Interest Income Expense": NaN,
        "Interest Expense Non Operating": NaN,
        "Total Revenue": NaN,
        "Operating Revenue": NaN,
        "Loss Adjustment Expense": NaN,
        "Net Policyholder Benefits And Claims": NaN,
        "Policyholder Benefits Gross": NaN,
        "Policyholder Benefits Ceded": NaN
    },
    "2022-09-30": {
        "Tax Effect Of Unusual Items": NaN,
        "Tax Rate For Calcs": NaN,
        "Total Unusual Items": NaN,
        "Total Unusual Items Excluding Goodwill": NaN,
        "Net Income From Continuing Operation Net Minority Interest": NaN,
        "Reconciled Depreciation": NaN,
        "EBIT": NaN,
        "Net Interest Income": NaN,
        "Interest Expense": NaN,
        "Normalized Income": NaN,
        "Net Income From Continuing And Discontinued Operation": NaN,
        "Total Expenses": NaN,
        "Diluted Average Shares": NaN,
        "Basic Average Shares": NaN,
        "Diluted EPS": NaN,
        "Basic EPS": NaN,
        "Diluted NI Availto Com Stockholders": NaN,
        "Average Dilution Earnings": NaN,
        "Net Income Common Stockholders": NaN,
        "Net Income": NaN,
        "Net Income Including Noncontrolling Interests": NaN,
        "Net Income Continuous Operations": NaN,
        "Tax Provision": NaN,
        "Pretax Income": NaN,
        "Other Income Expense": NaN,
        "Special Income Charges": NaN,
        "Other Special Charges": 11632000.0,
        "Net Non Operating Interest Income Expense": NaN,
        "Interest Expense Non Operating": NaN,
        "Total Revenue": NaN,
        "Operating Revenue": NaN
    },
    "2022-06-30": {
        "Tax Effect Of Unusual Items": -1348501.0,
        "Tax Rate For Calcs": 0.211,
        "Total Unusual Items": -6391000.0,
        "Total Unusual Items Excluding Goodwill": -6391000.0,
        "Net Income From Continuing Operation Net Minority Interest": 249268000.0,
        "Reconciled Depreciation": 14128000.0,
        "EBIT": 329352000.0,
        "Net Interest Income": -13461000.0,
        "Interest Expense": 13461000.0,
        "Normalized Income": 254310499.0,
        "Net Income From Continuing And Discontinued Operation": 249268000.0,
        "Total Expenses": -22775000.0,
        "Diluted Average Shares": 313545000.0,
        "Basic Average Shares": 308840000.0,
        "Diluted EPS": 0.8,
        "Basic EPS": 0.81,
        "Diluted NI Availto Com Stockholders": 249268000.0,
        "Average Dilution Earnings": NaN,
        "Net Income Common Stockholders": 249268000.0,
        "Net Income": 249268000.0,
        "Net Income Including Noncontrolling Interests": 249268000.0,
        "Net Income Continuous Operations": 249268000.0,
        "Tax Provision": 66623000.0,
        "Pretax Income": 315891000.0,
        "Other Income Expense": 1860000.0,
        "Special Income Charges": -6391000.0,
        "Other Special Charges": 6391000.0,
        "Net Non Operating Interest Income Expense": -13461000.0,
        "Interest Expense Non Operating": 13461000.0,
        "Total Revenue": 293116000.0,
        "Operating Revenue": 293116000.0
    },
    "2023-06-30": {
        "Tax Effect Of Unusual Items": NaN,
        "Tax Rate For Calcs": NaN,
        "Total Unusual Items": 0.0,
        "Total Unusual Items Excluding Goodwill": 0.0,
        "Net Income From Continuing Operation Net Minority Interest": NaN,
        "Reconciled Depreciation": NaN,
        "EBIT": NaN,
        "Net Interest Income": NaN,
        "Interest Expense": NaN,
        "Normalized Income": NaN,
        "Net Income From Continuing And Discontinued Operation": NaN,
        "Total Expenses": NaN,
        "Diluted Average Shares": NaN,
        "Basic Average Shares": NaN,
        "Diluted EPS": NaN,
        "Basic EPS": NaN,
        "Diluted NI Availto Com Stockholders": NaN,
        "Average Dilution Earnings": NaN,
        "Net Income Common Stockholders": NaN,
        "Net Income": NaN,
        "Net Income Including Noncontrolling Interests": NaN,
        "Net Income Continuous Operations": NaN,
        "Tax Provision": NaN,
        "Pretax Income": NaN,
        "Other Income Expense": NaN,
        "Special Income Charges": 0.0,
        "Net Non Operating Interest Income Expense": NaN,
        "Interest Expense Non Operating": NaN,
        "Total Revenue": NaN,
        "Operating Revenue": NaN,
        "Loss Adjustment Expense": NaN,
        "Net Policyholder Benefits And Claims": NaN,
        "Policyholder Benefits Gross": NaN,
        "Policyholder Benefits Ceded": NaN
    },
    "2022-03-31": {
        "Diluted EPS": 0.54,
        "Total Revenue": 295,
        "Gross Profit": 259,
        "Operating Income": 256,
        "EBIT": 272,
        "Net Income": 175
    },
    "2021-12-31": {
        "Diluted EPS": 0.52,
        "Total Revenue": 294,
        "Gross Profit": 276,
        "Operating Income": 273,
        "EBIT": 289,
        "Net Income": 174
    },
    "2021-09-30": {
        "Diluted EPS": 0.46,
        "Total Revenue": 296,
        "Gross Profit": 221,
        "Operating Income": 218,
        "EBIT": 235,
        "Net Income": 158
    },
    "2021-06-30": {
        "Diluted EPS": 0.44,
        "Total Revenue": 298,
        "Gross Profit": 215,
        "Operating Income": 212,
        "EBIT": 227,
        "Net Income": 153
    },
    "2021-03-31": {
        "Diluted EPS": 0.43,
        "Total Revenue": 298,
        "Gross Profit": 210,
        "Operating Income": 208,
        "EBIT": 225,
        "Net Income": 150
    },
    "2020-12-31": {
        "Diluted EPS": 0.45,
        "Total Revenue": 302,
        "Gross Profit": 212,
        "Operating Income": 208,
        "EBIT": 225,
        "Net Income": 151
    },
    "2020-09-30": {
        "Diluted EPS": 0.38,
        "Total Revenue": 296,
        "Gross Profit": 210,
        "Operating Income": 207,
        "EBIT": 222,
        "Net Income": 131
    },
    "2020-06-30": {
        "Diluted EPS": 0.04,
        "Total Revenue": 294,
        "Gross Profit": 32,
        "Operating Income": 29,
        "EBIT": 42,
        "Net Income": 14
    },
    "2020-03-31": {
        "Diluted EPS": 0.42,
        "Total Revenue": 307,
        "Gross Profit": 204,
        "Operating Income": 201,
        "EBIT": 214,
        "Net Income": 150
    },
    "2019-12-31": {
        "Diluted EPS": 0.48,
        "Total Revenue": 312,
        "Gross Profit": 239,
        "Operating Income": 236,
        "EBIT": 249,
        "Net Income": 177
    },
    "2019-09-30": {
        "Diluted EPS": 0.49,
        "Total Revenue": 318,
        "Gross Profit": 239,
        "Operating Income": 236,
        "EBIT": 248,
        "Net Income": 177
    },
    "2019-06-30": {
        "Diluted EPS": 0.46,
        "Total Revenue": 292,
        "Gross Profit": 228,
        "Operating Income": 225,
        "EBIT": 236,
        "Net Income": 168
    },
    "2019-03-31": {
        "Diluted EPS": 0.42,
        "Total Revenue": 292,
        "Gross Profit": 207,
        "Operating Income": 204,
        "EBIT": 216,
        "Net Income": 152
    },
    "2018-12-31": {
        "Diluted EPS": 0.42,
        "Total Revenue": 286,
        "Gross Profit": 211,
        "Operating Income": 208,
        "EBIT": 221,
        "Net Income": 158
    },
    "2018-09-30": {
        "Diluted EPS": 0.49,
        "Total Revenue": 290,
        "Gross Profit": 248,
        "Operating Income": 245,
        "EBIT": 259,
        "Net Income": 182
    },
    "2018-06-30": {
        "Diluted EPS": 0.49,
        "Total Revenue": 282,
        "Gross Profit": 254,
        "Operating Income": 251,
        "EBIT": 266,
        "Net Income": 187
    },
    "2018-03-31": {
        "Diluted EPS": 0.38,
        "Total Revenue": 266,
        "Gross Profit": 196,
        "Operating Income": 193,
        "EBIT": 209,
        "Net Income": 144
    },
    "2017-12-31": {
        "Diluted EPS": 0.08,
        "Total Revenue": 272,
        "Gross Profit": 262,
        "Operating Income": 259,
        "EBIT": 274,
        "Net Income": 27
    },
    "2017-09-30": {
        "Diluted EPS": 0.32,
        "Total Revenue": 270,
        "Gross Profit": 201,
        "Operating Income": 198,
        "EBIT": 213,
        "Net Income": 120
    },
    "2017-06-30": {
        "Diluted EPS": 0.31,
        "Total Revenue": 263,
        "Gross Profit": 197,
        "Operating Income": 195,
        "EBIT": 211,
        "Net Income": 119
    },
    "2017-03-31": {
        "Diluted EPS": 0.24,
        "Total Revenue": 261,
        "Gross Profit": 192,
        "Operating Income": 190,
        "EBIT": 207,
        "Net Income": 90
    },
    "2016-12-31": {
        "Diluted EPS": 0.29,
        "Total Revenue": 267,
        "Gross Profit": 181,
        "Operating Income": 178,
        "EBIT": 195,
        "Net Income": 107
    },
    "2016-09-30": {
        "Diluted EPS": 0.14,
        "Total Revenue": 274,
        "Gross Profit": 175,
        "Operating Income": 173,
        "EBIT": 188,
        "Net Income": 57
    },
    "2016-06-30": {
        "Diluted EPS": 0.26,
        "Total Revenue": 264,
        "Gross Profit": 182,
        "Operating Income": 179,
        "EBIT": 194,
        "Net Income": 109
    },
    "2016-03-31": {
        "Diluted EPS": 0.17,
        "Total Revenue": 259,
        "Gross Profit": 134,
        "Operating Income": 132,
        "EBIT": 146,
        "Net Income": 69
    },
    "2015-12-31": {
        "Diluted EPS": 0.22,
        "Total Revenue": 258,
        "Gross Profit": 129,
        "Operating Income": 126,
        "EBIT": 141,
        "Net Income": 102
    },
    "2015-09-30": {
        "Diluted EPS": 1.78,
        "Total Revenue": 270,
        "Gross Profit": 147,
        "Operating Income": 145,
        "EBIT": 159,
        "Net Income": 823
    },
    "2015-06-30": {
        "Diluted EPS": 0.28,
        "Total Revenue": 243,
        "Gross Profit": 134,
        "Operating Income": 132,
        "EBIT": 145,
        "Net Income": 114
    },
    "2015-03-31": {
        "Diluted EPS": 0.32,
        "Total Revenue": 270,
        "Gross Profit": 156,
        "Operating Income": 154,
        "EBIT": 165,
        "Net Income": 133
    },
    "2014-12-31": {
        "Diluted EPS": 0.19,
        "Total Revenue": 241,
        "Gross Profit": 96,
        "Operating Income": 93,
        "EBIT": 104,
        "Net Income": 74
    },
    "2014-09-30": {
        "Diluted EPS": 0.18,
        "Total Revenue": 235,
        "Gross Profit": 92,
        "Operating Income": 90,
        "EBIT": 101,
        "Net Income": 72
    },
    "2014-06-30": {
        "Diluted EPS": 0.12,
        "Total Revenue": 231,
        "Gross Profit": 66,
        "Operating Income": 64,
        "EBIT": 76,
        "Net Income": 46
    },
    "2014-03-31": {
        "Diluted EPS": 0.15,
        "Total Revenue": 235,
        "Gross Profit": 80,
        "Operating Income": 78,
        "EBIT": 93,
        "Net Income": 60
    },
    "2013-12-31": {
        "Diluted EPS": 0.07,
        "Total Revenue": 252,
        "Gross Profit": 22,
        "Operating Income": 17,
        "EBIT": 33,
        "Net Income": -1
    },
    "2013-09-30": {
        "Diluted EPS": 0.04,
        "Total Revenue": 254,
        "Gross Profit": 32,
        "Operating Income": 30,
        "EBIT": 46,
        "Net Income": 12
    },
    "2013-06-30": {
        "Diluted EPS": 0.04,
        "Total Revenue": 264,
        "Gross Profit": 33,
        "Operating Income": 31,
        "EBIT": 46,
        "Net Income": 12
    },
    "2013-03-31": {
        "Diluted EPS": -0.31,
        "Total Revenue": 269,
        "Gross Profit": -44,
        "Operating Income": -45,
        "EBIT": -23,
        "Net Income": -73
    },
    "2012-12-31": {
        "Diluted EPS": -1.91,
        "Total Revenue": 371,
        "Gross Profit": -357,
        "Operating Income": -358,
        "EBIT": -336,
        "Net Income": -387
    },
    "2012-09-30": {
        "Diluted EPS": -1.22,
        "Total Revenue": 306,
        "Gross Profit": -223,
        "Operating Income": -225,
        "EBIT": -198,
        "Net Income": -247
    },
    "2012-06-30": {
        "Diluted EPS": -1.36,
        "Total Revenue": 321,
        "Gross Profit": -250,
        "Operating Income": -252,
        "EBIT": -227,
        "Net Income": -274
    },
    "2012-03-31": {
        "Diluted EPS": -0.1,
        "Total Revenue": 380,
        "Gross Profit": 8,
        "Operating Income": 6,
        "EBIT": 31,
        "Net Income": -20
    },
    "2011-12-31": {
        "Diluted EPS": -0.68,
        "Total Revenue": 447,
        "Gross Profit": -72,
        "Operating Income": -74,
        "EBIT": -49,
        "Net Income": -135
    },
    "2011-09-30": {
        "Diluted EPS": -0.82,
        "Total Revenue": 337,
        "Gross Profit": -164,
        "Operating Income": -166,
        "EBIT": -145,
        "Net Income": -165
    },
    "2011-06-30": {
        "Diluted EPS": -0.75,
        "Total Revenue": 367,
        "Gross Profit": -134,
        "Operating Income": -136,
        "EBIT": -116,
        "Net Income": -152
    },
    "2011-03-31": {
        "Diluted EPS": -0.17,
        "Total Revenue": 353,
        "Gross Profit": -4,
        "Operating Income": -6,
        "EBIT": 14,
        "Net Income": -34
    },
    "2010-12-31": {
        "Diluted EPS": -0.73,
        "Total Revenue": 361,
        "Gross Profit": -121,
        "Operating Income": -123,
        "EBIT": -105,
        "Net Income": -187
    },
    "2010-09-30": {
        "Diluted EPS": -0.26,
        "Total Revenue": 382,
        "Gross Profit": -49,
        "Operating Income": -51,
        "EBIT": -36,
        "Net Income": -52
    },
    "2010-06-30": {
        "Diluted EPS": 0.13,
        "Total Revenue": 406,
        "Gross Profit": 45,
        "Operating Income": 43,
        "EBIT": 59,
        "Net Income": 25
    },
    "2010-03-31": {
        "Diluted EPS": -1.2,
        "Total Revenue": 371,
        "Gross Profit": -128,
        "Operating Income": -130,
        "EBIT": -117,
        "Net Income": -150
    },
    "2009-12-31": {
        "Diluted EPS": -2.25,
        "Total Revenue": 406,
        "Gross Profit": -486,
        "Operating Income": -517,
        "EBIT": -510,
        "Net Income": -280
    },
    "2009-09-30": {
        "Diluted EPS": -4.17,
        "Total Revenue": 413,
        "Gross Profit": -595,
        "Operating Income": -597,
        "EBIT": -580,
        "Net Income": -518
    },
    "2009-06-30": {
        "Diluted EPS": -2.74,
        "Total Revenue": 454,
        "Gross Profit": -313,
        "Operating Income": -314,
        "EBIT": -298,
        "Net Income": -340
    },
    "2009-03-31": {
        "Diluted EPS": -1.49,
        "Total Revenue": 435,
        "Gross Profit": -247,
        "Operating Income": -247,
        "EBIT": -227,
        "Net Income": -185
    },
    "2023-09-30": {
        "Tax Effect Of Unusual Items": NaN,
        "Tax Rate For Calcs": NaN,
        "Total Unusual Items": 0.0,
        "Total Unusual Items Excluding Goodwill": 0.0,
        "Net Income From Continuing Operation Net Minority Interest": NaN,
        "Reconciled Depreciation": NaN,
        "EBIT": NaN,
        "Net Interest Income": NaN,
        "Interest Expense": NaN,
        "Normalized Income": NaN,
        "Net Income From Continuing And Discontinued Operation": NaN,
        "Total Expenses": NaN,
        "Diluted Average Shares": NaN,
        "Basic Average Shares": NaN,
        "Diluted EPS": NaN,
        "Basic EPS": NaN,
        "Diluted NI Availto Com Stockholders": NaN,
        "Average Dilution Earnings": NaN,
        "Net Income Common Stockholders": NaN,
        "Net Income": NaN,
        "Net Income Including Noncontrolling Interests": NaN,
        "Net Income Continuous Operations": NaN,
        "Tax Provision": NaN,
        "Pretax Income": NaN,
        "Other Income Expense": NaN,
        "Special Income Charges": 0.0,
        "Net Non Operating Interest Income Expense": NaN,
        "Interest Expense Non Operating": NaN,
        "Total Revenue": NaN,
        "Operating Revenue": NaN,
        "Loss Adjustment Expense": NaN,
        "Net Policyholder Benefits And Claims": NaN,
        "Policyholder Benefits Gross": NaN,
        "Policyholder Benefits Ceded": NaN
    },
    "2023-12-31": {
        "Tax Effect Of Unusual Items": NaN,
        "Tax Rate For Calcs": NaN,
        "Total Unusual Items": 0.0,
        "Total Unusual Items Excluding Goodwill": 0.0,
        "Net Income From Continuing Operation Net Minority Interest": NaN,
        "Reconciled Depreciation": NaN,
        "EBIT": NaN,
        "Net Interest Income": NaN,
        "Interest Expense": NaN,
        "Normalized Income": NaN,
        "Net Income From Continuing And Discontinued Operation": NaN,
        "Total Expenses": NaN,
        "Diluted Average Shares": NaN,
        "Basic Average Shares": NaN,
        "Diluted EPS": NaN,
        "Basic EPS": NaN,
        "Diluted NI Availto Com Stockholders": NaN,
        "Average Dilution Earnings": 1000.0,
        "Net Income Common Stockholders": NaN,
        "Net Income": NaN,
        "Net Income Including Noncontrolling Interests": NaN,
        "Net Income Continuous Operations": NaN,
        "Tax Provision": NaN,
        "Pretax Income": NaN,
        "Other Income Expense": NaN,
        "Special Income Charges": 0.0,
        "Net Non Operating Interest Income Expense": NaN,
        "Interest Expense Non Operating": NaN,
        "Total Revenue": NaN,
        "Operating Revenue": NaN,
        "Loss Adjustment Expense": NaN,
        "Net Policyholder Benefits And Claims": NaN,
        "Policyholder Benefits Gross": NaN,
        "Policyholder Benefits Ceded": NaN
    },
    "2024-03-31": {
        "Tax Effect Of Unusual Items": NaN,
        "Tax Rate For Calcs": NaN,
        "Net Income From Continuing Operation Net Minority Interest": NaN,
        "Reconciled Depreciation": NaN,
        "EBIT": NaN,
        "Net Interest Income": NaN,
        "Interest Expense": NaN,
        "Normalized Income": NaN,
        "Net Income From Continuing And Discontinued Operation": NaN,
        "Total Expenses": NaN,
        "Diluted Average Shares": NaN,
        "Basic Average Shares": NaN,
        "Diluted EPS": NaN,
        "Basic EPS": NaN,
        "Diluted NI Availto Com Stockholders": NaN,
        "Average Dilution Earnings": 0.0,
        "Net Income Common Stockholders": NaN,
        "Net Income": NaN,
        "Net Income Including Noncontrolling Interests": NaN,
        "Net Income Continuous Operations": NaN,
        "Tax Provision": NaN,
        "Pretax Income": NaN,
        "Other Income Expense": NaN,
        "Net Non Operating Interest Income Expense": NaN,
        "Interest Expense Non Operating": NaN,
        "Total Revenue": NaN,
        "Operating Revenue": NaN,
        "Loss Adjustment Expense": NaN,
        "Net Policyholder Benefits And Claims": NaN,
        "Policyholder Benefits Gross": NaN,
        "Policyholder Benefits Ceded": NaN
    },
    "2024-06-30": {
        "Tax Effect Of Unusual Items": NaN,
        "Tax Rate For Calcs": NaN,
        "Net Income From Continuing Operation Net Minority Interest": NaN,
        "Reconciled Depreciation": NaN,
        "EBIT": NaN,
        "Net Interest Income": NaN,
        "Interest Expense": NaN,
        "Normalized Income": NaN,
        "Net Income From Continuing And Discontinued Operation": NaN,
        "Total Expenses": NaN,
        "Diluted Average Shares": NaN,
        "Basic Average Shares": NaN,
        "Diluted EPS": NaN,
        "Basic EPS": NaN,
        "Diluted NI Availto Com Stockholders": NaN,
        "Average Dilution Earnings": 0.0,
        "Net Income Common Stockholders": NaN,
        "Net Income": NaN,
        "Net Income Including Noncontrolling Interests": NaN,
        "Net Income Continuous Operations": NaN,
        "Tax Provision": NaN,
        "Pretax Income": NaN,
        "Other Income Expense": NaN,
        "Net Non Operating Interest Income Expense": NaN,
        "Interest Expense Non Operating": NaN,
        "Total Revenue": NaN,
        "Operating Revenue": NaN,
        "Loss Adjustment Expense": NaN,
        "Net Policyholder Benefits And Claims": NaN,
        "Policyholder Benefits Gross": NaN,
        "Policyholder Benefits Ceded": NaN
    },
    "2024-09-30": {
        "Tax Effect Of Unusual Items": 0.0,
        "Tax Rate For Calcs": 0.214,
        "Net Income From Continuing Operation Net Minority Interest": 199969000.0,
        "Reconciled Depreciation": 3434000.0,
        "EBIT": 263201000.0,
        "Net Interest Income": -8905000.0,
        "Interest Expense": 8905000.0,
        "Normalized Income": 199969000.0,
        "Net Income From Continuing And Discontinued Operation": 199969000.0,
        "Total Expenses": 52353000.0,
        "Diluted Average Shares": 260833000.0,
        "Basic Average Shares": 258596000.0,
        "Diluted EPS": 0.77,
        "Basic EPS": 0.77,
        "Diluted NI Availto Com Stockholders": 199969000.0,
        "Average Dilution Earnings": 0.0,
        "Net Income Common Stockholders": 199969000.0,
        "Net Income": 199969000.0,
        "Net Income Including Noncontrolling Interests": 199969000.0,
        "Net Income Continuous Operations": 199969000.0,
        "Tax Provision": 54327000.0,
        "Pretax Income": 254296000.0,
        "Other Income Expense": 633000.0,
        "Net Non Operating Interest Income Expense": -8905000.0,
        "Interest Expense Non Operating": 8905000.0,
        "Total Revenue": 306649000.0,
        "Operating Revenue": 306649000.0,
        "Loss Adjustment Expense": -9842000.0,
        "Net Policyholder Benefits And Claims": -9842000.0,
        "Policyholder Benefits Gross": -5869000.0,
        "Policyholder Benefits Ceded": 3973000.0
    },
    "2024-12-31": {
        "Tax Effect Of Unusual Items": 0.0,
        "Tax Rate For Calcs": 0.213065,
        "Net Income From Continuing Operation Net Minority Interest": 184700000.0,
        "Reconciled Depreciation": 4033000.0,
        "EBIT": 243607000.0,
        "Net Interest Income": -8899000.0,
        "Interest Expense": 8899000.0,
        "Normalized Income": 184700000.0,
        "Net Income From Continuing And Discontinued Operation": 184700000.0,
        "Total Expenses": 66736000.0,
        "Diluted Average Shares": 255302000.0,
        "Basic Average Shares": 252644000.0,
        "Diluted EPS": 0.72,
        "Basic EPS": 0.731068,
        "Diluted NI Availto Com Stockholders": 184700000.0,
        "Average Dilution Earnings": 0.0,
        "Net Income Common Stockholders": 184700000.0,
        "Net Income": 184700000.0,
        "Net Income Including Noncontrolling Interests": 184700000.0,
        "Net Income Continuous Operations": 184700000.0,
        "Tax Provision": 50008000.0,
        "Pretax Income": 234708000.0,
        "Other Income Expense": 469000.0,
        "Net Non Operating Interest Income Expense": -8899000.0,
        "Interest Expense Non Operating": 8899000.0,
        "Total Revenue": 301444000.0,
        "Operating Revenue": 301444000.0,
        "Loss Adjustment Expense": 8698000.0,
        "Net Policyholder Benefits And Claims": 8698000.0,
        "Policyholder Benefits Gross": 14849000.0,
        "Policyholder Benefits Ceded": 6151000.0
    },
    "2025-03-31": {
        "Tax Effect Of Unusual Items": 0.0,
        "Tax Rate For Calcs": 0.21,
        "Net Income From Continuing Operation Net Minority Interest": 185460000.0,
        "Reconciled Depreciation": 2694000.0,
        "EBIT": 243580000.0,
        "Net Interest Income": -8899000.0,
        "Interest Expense": 8899000.0,
        "Normalized Income": 185460000.0,
        "Net Income From Continuing And Discontinued Operation": 185460000.0,
        "Total Expenses": 71553000.0,
        "Diluted Average Shares": 246490000.0,
        "Basic Average Shares": 244147000.0,
        "Diluted EPS": 0.75,
        "Basic EPS": 0.76,
        "Diluted NI Availto Com Stockholders": 185460000.0,
        "Average Dilution Earnings": NaN,
        "Net Income Common Stockholders": 185460000.0,
        "Net Income": 185460000.0,
        "Net Income Including Noncontrolling Interests": 185460000.0,
        "Net Income Continuous Operations": 185460000.0,
        "Tax Provision": 49221000.0,
        "Pretax Income": 234681000.0,
        "Other Income Expense": 331000.0,
        "Net Non Operating Interest Income Expense": -8899000.0,
        "Interest Expense Non Operating": 8899000.0,
        "Total Revenue": 306234000.0,
        "Operating Revenue": 306234000.0,
        "Loss Adjustment Expense": 9591000.0,
        "Net Policyholder Benefits And Claims": 9591000.0,
        "Policyholder Benefits Gross": 16022000.0,
        "Policyholder Benefits Ceded": 6431000.0
    },
    "2025-06-30": {
        "Tax Effect Of Unusual Items": 0.0,
        "Tax Rate For Calcs": 0.218,
        "Net Income From Continuing Operation Net Minority Interest": 192482000.0,
        "Reconciled Depreciation": 2534000.0,
        "EBIT": 254988000.0,
        "Net Interest Income": -8899000.0,
        "Interest Expense": 8899000.0,
        "Normalized Income": 192482000.0,
        "Net Income From Continuing And Discontinued Operation": 192482000.0,
        "Total Expenses": 58156000.0,
        "Diluted Average Shares": 237971000.0,
        "Basic Average Shares": 236333000.0,
        "Diluted EPS": 0.81,
        "Basic EPS": 0.814452,
        "Diluted NI Availto Com Stockholders": 192482000.0,
        "Average Dilution Earnings": NaN,
        "Net Income Common Stockholders": 192482000.0,
        "Net Income": 192482000.0,
        "Net Income Including Noncontrolling Interests": 192482000.0,
        "Net Income Continuous Operations": 192482000.0,
        "Tax Provision": 53607000.0,
        "Pretax Income": 246089000.0,
        "Other Income Expense": 354000.0,
        "Net Non Operating Interest Income Expense": -8899000.0,
        "Interest Expense Non Operating": 8899000.0,
        "Total Revenue": 304245000.0,
        "Operating Revenue": 304245000.0,
        "Loss Adjustment Expense": -2835000.0,
        "Net Policyholder Benefits And Claims": -2835000.0,
        "Policyholder Benefits Gross": 1123000.0,
        "Policyholder Benefits Ceded": 3958000.0
    },
    "2025-09-30": {
        "Tax Effect Of Unusual Items": 0.0,
        "Tax Rate For Calcs": 0.187,
        "Net Income From Continuing Operation Net Minority Interest": 191095000.0,
        "Reconciled Depreciation": 900000.0,
        "EBIT": 243967000.0,
        "Net Interest Income": -8906000.0,
        "Interest Expense": 8906000.0,
        "Normalized Income": 191095000.0,
        "Net Income From Continuing And Discontinued Operation": 191095000.0,
        "Total Expenses": 69444000.0,
        "Diluted Average Shares": 231376000.0,
        "Basic Average Shares": 229308000.0,
        "Diluted EPS": 0.83,
        "Basic EPS": 0.833355,
        "Diluted NI Availto Com Stockholders": 191095000.0,
        "Average Dilution Earnings": NaN,
        "Net Income Common Stockholders": 191095000.0,
        "Net Income": 191095000.0,
        "Net Income Including Noncontrolling Interests": 191095000.0,
        "Net Income Continuous Operations": 191095000.0,
        "Tax Provision": 43966000.0,
        "Pretax Income": 235061000.0,
        "Other Income Expense": 383000.0,
        "Net Non Operating Interest Income Expense": -8906000.0,
        "Interest Expense Non Operating": 8906000.0,
        "Total Revenue": 304505000.0,
        "Operating Revenue": 304505000.0,
        "Loss Adjustment Expense": 10928000.0,
        "Net Policyholder Benefits And Claims": 10928000.0,
        "Policyholder Benefits Gross": 17064000.0,
        "Policyholder Benefits Ceded": 6136000.0
    }
}