{
    "2023-06-30": {
        "Tax Effect Of Unusual Items": NaN,
        "Tax Rate For Calcs": NaN,
        "Normalized EBITDA": NaN,
        "Total Unusual Items": 0.0,
        "Total Unusual Items Excluding Goodwill": 0.0,
        "Net Income From Continuing Operation Net Minority Interest": NaN,
        "Reconciled Depreciation": NaN,
        "Reconciled Cost Of Revenue": NaN,
        "EBITDA": NaN,
        "EBIT": NaN,
        "Net Interest Income": NaN,
        "Interest Expense": NaN,
        "Normalized Income": NaN,
        "Net Income From Continuing And Discontinued Operation": NaN,
        "Total Expenses": NaN,
        "Diluted Average Shares": NaN,
        "Basic Average Shares": NaN,
        "Diluted EPS": NaN,
        "Basic EPS": NaN,
        "Diluted NI Availto Com Stockholders": NaN,
        "Net Income Common Stockholders": NaN,
        "Net Income": NaN,
        "Net Income Including Noncontrolling Interests": NaN,
        "Net Income Continuous Operations": NaN,
        "Tax Provision": NaN,
        "Pretax Income": NaN,
        "Other Income Expense": NaN,
        "Other Non Operating Income Expenses": NaN,
        "Special Income Charges": 0.0,
        "Other Special Charges": NaN,
        "Net Non Operating Interest Income Expense": NaN,
        "Interest Expense Non Operating": NaN,
        "Operating Income": NaN,
        "Operating Expense": NaN,
        "Selling General And Administration": NaN,
        "Selling And Marketing Expense": NaN,
        "General And Administrative Expense": NaN,
        "Other Gand A": NaN,
        "Gross Profit": NaN,
        "Cost Of Revenue": NaN,
        "Total Revenue": NaN,
        "Operating Revenue": NaN
    },
    "2023-03-31": {
        "Tax Effect Of Unusual Items": 0.0,
        "Tax Rate For Calcs": 0.206,
        "Normalized EBITDA": 170511000.0,
        "Total Unusual Items": NaN,
        "Total Unusual Items Excluding Goodwill": NaN,
        "Net Income From Continuing Operation Net Minority Interest": 131301000.0,
        "Reconciled Depreciation": 5208000.0,
        "Reconciled Cost Of Revenue": 998474000.0,
        "EBITDA": 170511000.0,
        "EBIT": 165303000.0,
        "Net Interest Income": 0.0,
        "Interest Expense": 0.0,
        "Normalized Income": 131301000.0,
        "Net Income From Continuing And Discontinued Operation": 131301000.0,
        "Total Expenses": 1128839000.0,
        "Diluted Average Shares": 37121000.0,
        "Basic Average Shares": 36664000.0,
        "Diluted EPS": 3.54,
        "Basic EPS": 3.58,
        "Diluted NI Availto Com Stockholders": 131301000.0,
        "Net Income Common Stockholders": 131301000.0,
        "Net Income": 131301000.0,
        "Net Income Including Noncontrolling Interests": 131301000.0,
        "Net Income Continuous Operations": 131301000.0,
        "Tax Provision": 34002000.0,
        "Pretax Income": 165303000.0,
        "Other Income Expense": 8844000.0,
        "Other Non Operating Income Expenses": 8844000.0,
        "Special Income Charges": NaN,
        "Other Special Charges": NaN,
        "Net Non Operating Interest Income Expense": 0.0,
        "Interest Expense Non Operating": 0.0,
        "Operating Income": 156459000.0,
        "Operating Expense": 130365000.0,
        "Selling General And Administration": 130365000.0,
        "Selling And Marketing Expense": 82846000.0,
        "General And Administrative Expense": 47519000.0,
        "Other Gand A": 47519000.0,
        "Gross Profit": 286824000.0,
        "Cost Of Revenue": 998474000.0,
        "Total Revenue": 1285298000.0,
        "Operating Revenue": 1285039000.0
    },
    "2022-12-31": {
        "Tax Effect Of Unusual Items": NaN,
        "Tax Rate For Calcs": NaN,
        "Normalized EBITDA": NaN,
        "Total Unusual Items": 0.0,
        "Total Unusual Items Excluding Goodwill": 0.0,
        "Net Income From Continuing Operation Net Minority Interest": NaN,
        "Reconciled Depreciation": NaN,
        "Reconciled Cost Of Revenue": NaN,
        "EBITDA": NaN,
        "EBIT": NaN,
        "Net Interest Income": NaN,
        "Interest Expense": NaN,
        "Normalized Income": NaN,
        "Net Income From Continuing And Discontinued Operation": NaN,
        "Total Expenses": NaN,
        "Diluted Average Shares": NaN,
        "Basic Average Shares": NaN,
        "Diluted EPS": NaN,
        "Basic EPS": NaN,
        "Diluted NI Availto Com Stockholders": NaN,
        "Net Income Common Stockholders": NaN,
        "Net Income": NaN,
        "Net Income Including Noncontrolling Interests": NaN,
        "Net Income Continuous Operations": NaN,
        "Tax Provision": NaN,
        "Pretax Income": NaN,
        "Other Income Expense": NaN,
        "Other Non Operating Income Expenses": NaN,
        "Special Income Charges": 0.0,
        "Other Special Charges": NaN,
        "Net Non Operating Interest Income Expense": NaN,
        "Interest Expense Non Operating": NaN,
        "Operating Income": NaN,
        "Operating Expense": NaN,
        "Selling General And Administration": NaN,
        "Selling And Marketing Expense": NaN,
        "General And Administrative Expense": NaN,
        "Other Gand A": NaN,
        "Gross Profit": NaN,
        "Cost Of Revenue": NaN,
        "Total Revenue": NaN,
        "Operating Revenue": NaN
    },
    "2022-09-30": {
        "Tax Effect Of Unusual Items": NaN,
        "Tax Rate For Calcs": NaN,
        "Normalized EBITDA": NaN,
        "Total Unusual Items": 0.0,
        "Total Unusual Items Excluding Goodwill": 0.0,
        "Net Income From Continuing Operation Net Minority Interest": NaN,
        "Reconciled Depreciation": NaN,
        "Reconciled Cost Of Revenue": NaN,
        "EBITDA": NaN,
        "EBIT": NaN,
        "Net Interest Income": NaN,
        "Interest Expense": NaN,
        "Normalized Income": NaN,
        "Net Income From Continuing And Discontinued Operation": NaN,
        "Total Expenses": NaN,
        "Diluted Average Shares": NaN,
        "Basic Average Shares": NaN,
        "Diluted EPS": NaN,
        "Basic EPS": NaN,
        "Diluted NI Availto Com Stockholders": NaN,
        "Net Income Common Stockholders": NaN,
        "Net Income": NaN,
        "Net Income Including Noncontrolling Interests": NaN,
        "Net Income Continuous Operations": NaN,
        "Tax Provision": NaN,
        "Pretax Income": NaN,
        "Other Income Expense": NaN,
        "Other Non Operating Income Expenses": NaN,
        "Special Income Charges": 0.0,
        "Other Special Charges": NaN,
        "Net Non Operating Interest Income Expense": NaN,
        "Interest Expense Non Operating": NaN,
        "Operating Income": NaN,
        "Operating Expense": NaN,
        "Selling General And Administration": NaN,
        "Selling And Marketing Expense": NaN,
        "General And Administrative Expense": NaN,
        "Other Gand A": NaN,
        "Gross Profit": NaN,
        "Cost Of Revenue": NaN,
        "Total Revenue": NaN,
        "Operating Revenue": NaN
    },
    "2022-06-30": {
        "Tax Effect Of Unusual Items": 0.0,
        "Tax Rate For Calcs": 0.246042,
        "Normalized EBITDA": 337659000.0,
        "Total Unusual Items": 0.0,
        "Total Unusual Items Excluding Goodwill": 0.0,
        "Net Income From Continuing Operation Net Minority Interest": 250084000.0,
        "Reconciled Depreciation": 5964000.0,
        "Reconciled Cost Of Revenue": 969573000.0,
        "EBITDA": 337659000.0,
        "EBIT": 331695000.0,
        "Net Interest Income": 0.0,
        "Interest Expense": 0.0,
        "Normalized Income": 250084000.0,
        "Net Income From Continuing And Discontinued Operation": 250084000.0,
        "Total Expenses": 1086888000.0,
        "Diluted Average Shares": 36962000.0,
        "Basic Average Shares": 36647000.0,
        "Diluted EPS": 6.77,
        "Basic EPS": 6.82,
        "Diluted NI Availto Com Stockholders": 250084000.0,
        "Net Income Common Stockholders": 250084000.0,
        "Net Income": 250084000.0,
        "Net Income Including Noncontrolling Interests": 250084000.0,
        "Net Income Continuous Operations": 250084000.0,
        "Tax Provision": 81611000.0,
        "Pretax Income": 331695000.0,
        "Other Income Expense": -458000.0,
        "Other Non Operating Income Expenses": -458000.0,
        "Special Income Charges": 0.0,
        "Net Non Operating Interest Income Expense": 0.0,
        "Interest Expense Non Operating": 0.0,
        "Operating Income": 332153000.0,
        "Operating Expense": 117315000.0,
        "Selling General And Administration": 117315000.0,
        "Selling And Marketing Expense": 69383000.0,
        "General And Administrative Expense": 47932000.0,
        "Other Gand A": 47932000.0,
        "Gross Profit": 449468000.0,
        "Cost Of Revenue": 969573000.0,
        "Total Revenue": 1419041000.0,
        "Operating Revenue": 1419041000.0
    },
    "2022-03-31": {
        "Diluted EPS": 5.79,
        "Total Revenue": NaN,
        "Gross Profit": 393,
        "Operating Income": 286,
        "EBIT": 292,
        "Net Income": 217
    },
    "2021-12-31": {
        "Diluted EPS": 6.24,
        "Total Revenue": NaN,
        "Gross Profit": 438,
        "Operating Income": 310,
        "EBIT": 317,
        "Net Income": 237
    },
    "2021-09-30": {
        "Diluted EPS": 5.25,
        "Total Revenue": NaN,
        "Gross Profit": 378,
        "Operating Income": 261,
        "EBIT": 267,
        "Net Income": 201
    },
    "2021-06-30": {
        "Diluted EPS": 4.36,
        "Total Revenue": NaN,
        "Gross Profit": 351,
        "Operating Income": 233,
        "EBIT": 239,
        "Net Income": 167
    },
    "2021-03-31": {
        "Diluted EPS": 3.44,
        "Total Revenue": NaN,
        "Gross Profit": 272,
        "Operating Income": 165,
        "EBIT": 172,
        "Net Income": 132
    },
    "2020-12-31": {
        "Diluted EPS": 3.95,
        "Total Revenue": NaN,
        "Gross Profit": 323,
        "Operating Income": 192,
        "EBIT": 201,
        "Net Income": 153
    },
    "2020-09-30": {
        "Diluted EPS": 2.84,
        "Total Revenue": NaN,
        "Gross Profit": 249,
        "Operating Income": 134,
        "EBIT": 142,
        "Net Income": 109
    },
    "2020-06-30": {
        "Diluted EPS": 2.38,
        "Total Revenue": NaN,
        "Gross Profit": 224,
        "Operating Income": 116,
        "EBIT": 124,
        "Net Income": 91
    },
    "2020-03-31": {
        "Diluted EPS": 1.83,
        "Total Revenue": 905,
        "Gross Profit": 183,
        "Operating Income": 86,
        "EBIT": 93,
        "Net Income": 71
    },
    "2019-12-31": {
        "Diluted EPS": 2.67,
        "Total Revenue": NaN,
        "Gross Profit": 224,
        "Operating Income": 112,
        "EBIT": 121,
        "Net Income": 104
    },
    "2019-09-30": {
        "Diluted EPS": 1.79,
        "Total Revenue": 945,
        "Gross Profit": 190,
        "Operating Income": 91,
        "EBIT": 98,
        "Net Income": 70
    },
    "2019-06-30": {
        "Diluted EPS": 1.31,
        "Total Revenue": 869,
        "Gross Profit": 162,
        "Operating Income": 69,
        "EBIT": 75,
        "Net Income": 51
    },
    "2019-03-31": {
        "Diluted EPS": 0.65,
        "Total Revenue": 711,
        "Gross Profit": 120,
        "Operating Income": 35,
        "EBIT": 41,
        "Net Income": 25
    },
    "2018-12-31": {
        "Diluted EPS": 1.87,
        "Total Revenue": NaN,
        "Gross Profit": 193,
        "Operating Income": 94,
        "EBIT": 101,
        "Net Income": 75
    },
    "2018-09-30": {
        "Diluted EPS": 1.33,
        "Total Revenue": 888,
        "Gross Profit": 162,
        "Operating Income": 69,
        "EBIT": 76,
        "Net Income": 54
    },
    "2018-06-30": {
        "Diluted EPS": 1.31,
        "Total Revenue": 881,
        "Gross Profit": 163,
        "Operating Income": 69,
        "EBIT": 76,
        "Net Income": 54
    },
    "2018-03-31": {
        "Diluted EPS": 1.07,
        "Total Revenue": 746,
        "Gross Profit": 126,
        "Operating Income": 41,
        "EBIT": 47,
        "Net Income": 44
    },
    "2017-12-31": {
        "Diluted EPS": 0.85,
        "Total Revenue": 950,
        "Gross Profit": 175,
        "Operating Income": 82,
        "EBIT": 87,
        "Net Income": 36
    },
    "2017-09-30": {
        "Diluted EPS": 1.02,
        "Total Revenue": 809,
        "Gross Profit": 148,
        "Operating Income": 63,
        "EBIT": 67,
        "Net Income": 43
    },
    "2017-06-30": {
        "Diluted EPS": 0.98,
        "Total Revenue": 806,
        "Gross Profit": 145,
        "Operating Income": 62,
        "EBIT": 66,
        "Net Income": 42
    },
    "2017-03-31": {
        "Diluted EPS": 0.56,
        "Total Revenue": 676,
        "Gross Profit": 113,
        "Operating Income": 36,
        "EBIT": 40,
        "Net Income": 24
    },
    "2016-12-31": {
        "Diluted EPS": 1.22,
        "Total Revenue": 884,
        "Gross Profit": 161,
        "Operating Income": 71,
        "EBIT": 76,
        "Net Income": 52
    },
    "2016-09-30": {
        "Diluted EPS": 0.88,
        "Total Revenue": 756,
        "Gross Profit": 135,
        "Operating Income": 52,
        "EBIT": 56,
        "Net Income": 37
    },
    "2016-06-30": {
        "Diluted EPS": 0.95,
        "Total Revenue": 801,
        "Gross Profit": 142,
        "Operating Income": 59,
        "EBIT": 63,
        "Net Income": 40
    },
    "2016-03-31": {
        "Diluted EPS": 0.5,
        "Total Revenue": 600,
        "Gross Profit": 106,
        "Operating Income": 32,
        "EBIT": 35,
        "Net Income": 21
    },
    "2015-12-31": {
        "Diluted EPS": 1.26,
        "Total Revenue": 785,
        "Gross Profit": 155,
        "Operating Income": 78,
        "EBIT": 81,
        "Net Income": 53
    },
    "2015-09-30": {
        "Diluted EPS": 0.73,
        "Total Revenue": 673,
        "Gross Profit": 129,
        "Operating Income": 55,
        "EBIT": 59,
        "Net Income": 30
    },
    "2015-06-30": {
        "Diluted EPS": 0.7,
        "Total Revenue": 601,
        "Gross Profit": 117,
        "Operating Income": 46,
        "EBIT": 50,
        "Net Income": 29
    },
    "2015-03-31": {
        "Diluted EPS": 0.4,
        "Total Revenue": 521,
        "Gross Profit": 98,
        "Operating Income": 28,
        "EBIT": 31,
        "Net Income": 16
    },
    "2014-12-31": {
        "Diluted EPS": 1.2,
        "Total Revenue": 702,
        "Gross Profit": 143,
        "Operating Income": 67,
        "EBIT": 70,
        "Net Income": 49
    },
    "2014-09-30": {
        "Diluted EPS": 0.79,
        "Total Revenue": 560,
        "Gross Profit": 114,
        "Operating Income": 46,
        "EBIT": 49,
        "Net Income": 33
    },
    "2014-06-30": {
        "Diluted EPS": 0.85,
        "Total Revenue": 508,
        "Gross Profit": 112,
        "Operating Income": 53,
        "EBIT": 56,
        "Net Income": 35
    },
    "2014-03-31": {
        "Diluted EPS": 0.62,
        "Total Revenue": 410,
        "Gross Profit": 93,
        "Operating Income": 42,
        "EBIT": 45,
        "Net Income": 25
    },
    "2013-12-31": {
        "Diluted EPS": 1.2,
        "Total Revenue": 538,
        "Gross Profit": 126,
        "Operating Income": 67,
        "EBIT": 70,
        "Net Income": 46
    },
    "2013-09-30": {
        "Diluted EPS": 0.99,
        "Total Revenue": 494,
        "Gross Profit": 115,
        "Operating Income": 60,
        "EBIT": 62,
        "Net Income": 38
    },
    "2013-06-30": {
        "Diluted EPS": 0.74,
        "Total Revenue": 451,
        "Gross Profit": 96,
        "Operating Income": 46,
        "EBIT": 48,
        "Net Income": 28
    },
    "2013-03-31": {
        "Diluted EPS": 0.32,
        "Total Revenue": 337,
        "Gross Profit": 65,
        "Operating Income": 22,
        "EBIT": 24,
        "Net Income": 12
    },
    "2012-12-31": {
        "Diluted EPS": 2.72,
        "Total Revenue": 365,
        "Gross Profit": 69,
        "Operating Income": 28,
        "EBIT": 30,
        "Net Income": 95
    },
    "2012-09-30": {
        "Diluted EPS": 0.19,
        "Total Revenue": 343,
        "Gross Profit": 63,
        "Operating Income": 20,
        "EBIT": 23,
        "Net Income": 7
    },
    "2012-06-30": {
        "Diluted EPS": 0.24,
        "Total Revenue": 282,
        "Gross Profit": 52,
        "Operating Income": 14,
        "EBIT": 16,
        "Net Income": 8
    },
    "2012-03-31": {
        "Diluted EPS": -0.15,
        "Total Revenue": 204,
        "Gross Profit": 35,
        "Operating Income": 3,
        "EBIT": 5,
        "Net Income": -5
    },
    "2011-12-31": {
        "Diluted EPS": -0.36,
        "Total Revenue": 246,
        "Gross Profit": 33,
        "Operating Income": 1,
        "EBIT": 3,
        "Net Income": -12
    },
    "2011-09-30": {
        "Diluted EPS": -0.1,
        "Total Revenue": 218,
        "Gross Profit": 38,
        "Operating Income": 2,
        "EBIT": 3,
        "Net Income": -3
    },
    "2011-06-30": {
        "Diluted EPS": 0.02,
        "Total Revenue": 220,
        "Gross Profit": 40,
        "Operating Income": 6,
        "EBIT": 8,
        "Net Income": 1
    },
    "2011-03-31": {
        "Diluted EPS": -0.21,
        "Total Revenue": 178,
        "Gross Profit": 30,
        "Operating Income": 0,
        "EBIT": 2,
        "Net Income": -7
    },
    "2010-12-31": {
        "Diluted EPS": -0.03,
        "Total Revenue": 215,
        "Gross Profit": 34,
        "Operating Income": 3,
        "EBIT": 5,
        "Net Income": -1
    },
    "2010-09-30": {
        "Diluted EPS": 0.04,
        "Total Revenue": 234,
        "Gross Profit": 43,
        "Operating Income": 7,
        "EBIT": 9,
        "Net Income": 1
    },
    "2010-06-30": {
        "Diluted EPS": 0.13,
        "Total Revenue": 291,
        "Gross Profit": 53,
        "Operating Income": 15,
        "EBIT": 17,
        "Net Income": 4
    },
    "2010-03-31": {
        "Diluted EPS": 0.08,
        "Total Revenue": 202,
        "Gross Profit": 38,
        "Operating Income": 6,
        "EBIT": 8,
        "Net Income": 3
    },
    "2009-12-31": {
        "Diluted EPS": 1.41,
        "Total Revenue": 286,
        "Gross Profit": 3,
        "Operating Income": -38,
        "EBIT": -35,
        "Net Income": 43
    },
    "2009-09-30": {
        "Diluted EPS": -0.56,
        "Total Revenue": 232,
        "Gross Profit": 23,
        "Operating Income": -10,
        "EBIT": -8,
        "Net Income": -18
    },
    "2009-06-30": {
        "Diluted EPS": -2.37,
        "Total Revenue": 222,
        "Gross Profit": -39,
        "Operating Income": -71,
        "EBIT": -69,
        "Net Income": -74
    },
    "2009-03-31": {
        "Diluted EPS": -0.6,
        "Total Revenue": 231,
        "Gross Profit": 17,
        "Operating Income": -16,
        "EBIT": -13,
        "Net Income": -18
    },
    "2023-09-30": {
        "Tax Effect Of Unusual Items": NaN,
        "Tax Rate For Calcs": NaN,
        "Normalized EBITDA": NaN,
        "Total Unusual Items": -907000.0,
        "Total Unusual Items Excluding Goodwill": -907000.0,
        "Net Income From Continuing Operation Net Minority Interest": NaN,
        "Reconciled Depreciation": NaN,
        "Reconciled Cost Of Revenue": NaN,
        "EBITDA": NaN,
        "EBIT": NaN,
        "Net Interest Income": NaN,
        "Interest Expense": NaN,
        "Normalized Income": NaN,
        "Net Income From Continuing And Discontinued Operation": NaN,
        "Total Expenses": NaN,
        "Diluted Average Shares": NaN,
        "Basic Average Shares": NaN,
        "Diluted EPS": NaN,
        "Basic EPS": NaN,
        "Diluted NI Availto Com Stockholders": NaN,
        "Net Income Common Stockholders": NaN,
        "Net Income": NaN,
        "Net Income Including Noncontrolling Interests": NaN,
        "Net Income Continuous Operations": NaN,
        "Tax Provision": NaN,
        "Pretax Income": NaN,
        "Other Income Expense": NaN,
        "Other Non Operating Income Expenses": NaN,
        "Special Income Charges": -907000.0,
        "Other Special Charges": 907000.0,
        "Net Non Operating Interest Income Expense": NaN,
        "Interest Expense Non Operating": NaN,
        "Operating Income": NaN,
        "Operating Expense": NaN,
        "Selling General And Administration": NaN,
        "Selling And Marketing Expense": NaN,
        "General And Administrative Expense": NaN,
        "Other Gand A": NaN,
        "Gross Profit": NaN,
        "Cost Of Revenue": NaN,
        "Total Revenue": NaN,
        "Operating Revenue": NaN
    },
    "2023-12-31": {
        "Tax Effect Of Unusual Items": NaN,
        "Tax Rate For Calcs": NaN,
        "Normalized EBITDA": NaN,
        "Total Unusual Items": 0.0,
        "Total Unusual Items Excluding Goodwill": 0.0,
        "Net Income From Continuing Operation Net Minority Interest": NaN,
        "Reconciled Depreciation": NaN,
        "Reconciled Cost Of Revenue": NaN,
        "EBITDA": NaN,
        "EBIT": NaN,
        "Net Interest Income": NaN,
        "Interest Expense": NaN,
        "Normalized Income": NaN,
        "Net Income From Continuing And Discontinued Operation": NaN,
        "Total Expenses": NaN,
        "Diluted Average Shares": NaN,
        "Basic Average Shares": NaN,
        "Diluted EPS": NaN,
        "Basic EPS": NaN,
        "Diluted NI Availto Com Stockholders": NaN,
        "Net Income Common Stockholders": NaN,
        "Net Income": NaN,
        "Net Income Including Noncontrolling Interests": NaN,
        "Net Income Continuous Operations": NaN,
        "Tax Provision": NaN,
        "Pretax Income": NaN,
        "Other Income Expense": NaN,
        "Other Non Operating Income Expenses": NaN,
        "Special Income Charges": 0.0,
        "Other Special Charges": 0.0,
        "Net Non Operating Interest Income Expense": NaN,
        "Interest Expense Non Operating": NaN,
        "Operating Income": NaN,
        "Operating Expense": NaN,
        "Selling General And Administration": NaN,
        "Selling And Marketing Expense": NaN,
        "General And Administrative Expense": NaN,
        "Other Gand A": NaN,
        "Gross Profit": NaN,
        "Cost Of Revenue": NaN,
        "Total Revenue": NaN,
        "Operating Revenue": NaN
    },
    "2024-03-31": {
        "Tax Effect Of Unusual Items": 0.0,
        "Tax Rate For Calcs": 0.205,
        "Normalized EBITDA": 240053000.0,
        "Total Unusual Items": NaN,
        "Total Unusual Items Excluding Goodwill": NaN,
        "Net Income From Continuing Operation Net Minority Interest": 186016000.0,
        "Reconciled Depreciation": 6038000.0,
        "Reconciled Cost Of Revenue": 1093439000.0,
        "EBITDA": 240053000.0,
        "EBIT": 234015000.0,
        "Net Interest Income": 0.0,
        "Interest Expense": 0.0,
        "Normalized Income": 186016000.0,
        "Net Income From Continuing And Discontinued Operation": 186016000.0,
        "Total Expenses": 1245721000.0,
        "Diluted Average Shares": 73558000.0,
        "Basic Average Shares": 72622000.0,
        "Diluted EPS": 2.53,
        "Basic EPS": 2.56,
        "Diluted NI Availto Com Stockholders": 186016000.0,
        "Net Income Common Stockholders": 186016000.0,
        "Net Income": 186016000.0,
        "Net Income Including Noncontrolling Interests": 186016000.0,
        "Net Income Continuous Operations": 186016000.0,
        "Tax Provision": 47999000.0,
        "Pretax Income": 234015000.0,
        "Other Income Expense": 9022000.0,
        "Other Non Operating Income Expenses": 9022000.0,
        "Special Income Charges": NaN,
        "Other Special Charges": NaN,
        "Net Non Operating Interest Income Expense": 0.0,
        "Interest Expense Non Operating": 0.0,
        "Operating Income": 224993000.0,
        "Operating Expense": 152282000.0,
        "Selling General And Administration": 152282000.0,
        "Selling And Marketing Expense": 101550000.0,
        "General And Administrative Expense": 50732000.0,
        "Other Gand A": 50732000.0,
        "Gross Profit": 377275000.0,
        "Cost Of Revenue": 1093439000.0,
        "Total Revenue": 1470714000.0,
        "Operating Revenue": 1474754000.0
    },
    "2024-06-30": {
        "Tax Effect Of Unusual Items": NaN,
        "Tax Rate For Calcs": NaN,
        "Normalized EBITDA": NaN,
        "Total Unusual Items": -631000.0,
        "Total Unusual Items Excluding Goodwill": -631000.0,
        "Net Income From Continuing Operation Net Minority Interest": NaN,
        "Reconciled Depreciation": NaN,
        "Reconciled Cost Of Revenue": NaN,
        "EBITDA": NaN,
        "EBIT": NaN,
        "Net Interest Income": NaN,
        "Interest Expense": NaN,
        "Normalized Income": NaN,
        "Net Income From Continuing And Discontinued Operation": NaN,
        "Total Expenses": NaN,
        "Diluted Average Shares": NaN,
        "Basic Average Shares": NaN,
        "Diluted EPS": NaN,
        "Basic EPS": NaN,
        "Diluted NI Availto Com Stockholders": NaN,
        "Net Income Common Stockholders": NaN,
        "Net Income": NaN,
        "Net Income Including Noncontrolling Interests": NaN,
        "Net Income Continuous Operations": NaN,
        "Tax Provision": NaN,
        "Pretax Income": NaN,
        "Other Income Expense": NaN,
        "Other Non Operating Income Expenses": NaN,
        "Special Income Charges": -631000.0,
        "Other Special Charges": 631000.0,
        "Net Non Operating Interest Income Expense": NaN,
        "Interest Expense Non Operating": NaN,
        "Operating Income": NaN,
        "Operating Expense": NaN,
        "Selling General And Administration": NaN,
        "Selling And Marketing Expense": NaN,
        "General And Administrative Expense": NaN,
        "Other Gand A": NaN,
        "Gross Profit": NaN,
        "Cost Of Revenue": NaN,
        "Total Revenue": NaN,
        "Operating Revenue": NaN
    },
    "2024-09-30": {
        "Tax Effect Of Unusual Items": 0.0,
        "Tax Rate For Calcs": 0.216,
        "Normalized EBITDA": 256478000.0,
        "Total Unusual Items": 0.0,
        "Total Unusual Items Excluding Goodwill": 0.0,
        "Net Income From Continuing Operation Net Minority Interest": 195966000.0,
        "Reconciled Depreciation": 6546000.0,
        "Reconciled Cost Of Revenue": 1198910000.0,
        "EBITDA": 256478000.0,
        "EBIT": 249932000.0,
        "Net Interest Income": 0.0,
        "Interest Expense": 0.0,
        "Normalized Income": 195966000.0,
        "Net Income From Continuing And Discontinued Operation": 195966000.0,
        "Total Expenses": 1356006000.0,
        "Diluted Average Shares": 73338000.0,
        "Basic Average Shares": 72452000.0,
        "Diluted EPS": 2.67,
        "Basic EPS": 2.705,
        "Diluted NI Availto Com Stockholders": 195966000.0,
        "Net Income Common Stockholders": 195966000.0,
        "Net Income": 195966000.0,
        "Net Income Including Noncontrolling Interests": 195966000.0,
        "Net Income Continuous Operations": 195966000.0,
        "Tax Provision": 53966000.0,
        "Pretax Income": 249932000.0,
        "Other Income Expense": 10682000.0,
        "Other Non Operating Income Expenses": 10682000.0,
        "Special Income Charges": 0.0,
        "Other Special Charges": NaN,
        "Net Non Operating Interest Income Expense": 0.0,
        "Interest Expense Non Operating": 0.0,
        "Operating Income": 239250000.0,
        "Operating Expense": 157096000.0,
        "Selling General And Administration": 157096000.0,
        "Selling And Marketing Expense": 97898000.0,
        "General And Administrative Expense": 59198000.0,
        "Other Gand A": 59198000.0,
        "Gross Profit": 396346000.0,
        "Cost Of Revenue": 1198910000.0,
        "Total Revenue": 1595256000.0,
        "Operating Revenue": 1596519000.0
    },
    "2024-12-31": {
        "Tax Effect Of Unusual Items": 0.0,
        "Tax Rate For Calcs": 0.220764,
        "Normalized EBITDA": 228163000.0,
        "Total Unusual Items": 0.0,
        "Total Unusual Items Excluding Goodwill": 0.0,
        "Net Income From Continuing Operation Net Minority Interest": 172649000.0,
        "Reconciled Depreciation": 6601000.0,
        "Reconciled Cost Of Revenue": 1244164000.0,
        "EBITDA": 228163000.0,
        "EBIT": 221562000.0,
        "Net Interest Income": 0.0,
        "Interest Expense": 0.0,
        "Normalized Income": 172649000.0,
        "Net Income From Continuing And Discontinued Operation": 172649000.0,
        "Total Expenses": 1416862000.0,
        "Diluted Average Shares": 73332000.0,
        "Basic Average Shares": 72188000.0,
        "Diluted EPS": 2.36,
        "Basic EPS": 2.39,
        "Diluted NI Availto Com Stockholders": 172649000.0,
        "Net Income Common Stockholders": 172649000.0,
        "Net Income": 172649000.0,
        "Net Income Including Noncontrolling Interests": 172649000.0,
        "Net Income Continuous Operations": 172649000.0,
        "Tax Provision": 48913000.0,
        "Pretax Income": 221562000.0,
        "Other Income Expense": 13954000.0,
        "Other Non Operating Income Expenses": 13954000.0,
        "Special Income Charges": 0.0,
        "Other Special Charges": 0.0,
        "Net Non Operating Interest Income Expense": 0.0,
        "Interest Expense Non Operating": 0.0,
        "Operating Income": 207608000.0,
        "Operating Expense": 172698000.0,
        "Selling General And Administration": 172698000.0,
        "Selling And Marketing Expense": 104956000.0,
        "General And Administrative Expense": 67742000.0,
        "Other Gand A": 67742000.0,
        "Gross Profit": 380306000.0,
        "Cost Of Revenue": 1244164000.0,
        "Total Revenue": 1624470000.0,
        "Operating Revenue": 1621713000.0
    },
    "2025-03-31": {
        "Tax Effect Of Unusual Items": 0.0,
        "Tax Rate For Calcs": 0.233,
        "Normalized EBITDA": 166108000.0,
        "Total Unusual Items": NaN,
        "Total Unusual Items Excluding Goodwill": NaN,
        "Net Income From Continuing Operation Net Minority Interest": 122806000.0,
        "Reconciled Depreciation": 5949000.0,
        "Reconciled Cost Of Revenue": 1062902000.0,
        "EBITDA": 166108000.0,
        "EBIT": 160159000.0,
        "Net Interest Income": 0.0,
        "Interest Expense": 0.0,
        "Normalized Income": 122806000.0,
        "Net Income From Continuing And Discontinued Operation": 122806000.0,
        "Total Expenses": 1214619000.0,
        "Diluted Average Shares": 72650000.0,
        "Basic Average Shares": 71915000.0,
        "Diluted EPS": 1.69,
        "Basic EPS": 1.71,
        "Diluted NI Availto Com Stockholders": 122806000.0,
        "Net Income Common Stockholders": 122806000.0,
        "Net Income": 122806000.0,
        "Net Income Including Noncontrolling Interests": 122806000.0,
        "Net Income Continuous Operations": 122806000.0,
        "Tax Provision": 37353000.0,
        "Pretax Income": 160159000.0,
        "Other Income Expense": 9498000.0,
        "Other Non Operating Income Expenses": 9498000.0,
        "Special Income Charges": NaN,
        "Other Special Charges": NaN,
        "Net Non Operating Interest Income Expense": 0.0,
        "Interest Expense Non Operating": 0.0,
        "Operating Income": 150661000.0,
        "Operating Expense": 151717000.0,
        "Selling General And Administration": 151717000.0,
        "Selling And Marketing Expense": 94720000.0,
        "General And Administrative Expense": 56997000.0,
        "Other Gand A": 56997000.0,
        "Gross Profit": 302378000.0,
        "Cost Of Revenue": 1062902000.0,
        "Total Revenue": 1365280000.0,
        "Operating Revenue": 1364607000.0
    },
    "2025-06-30": {
        "Tax Effect Of Unusual Items": 0.0,
        "Tax Rate For Calcs": 0.239205,
        "Normalized EBITDA": 199723000.0,
        "Total Unusual Items": 0.0,
        "Total Unusual Items Excluding Goodwill": 0.0,
        "Net Income From Continuing Operation Net Minority Interest": 146879000.0,
        "Reconciled Depreciation": 6663000.0,
        "Reconciled Cost Of Revenue": 1288033000.0,
        "EBITDA": 199723000.0,
        "EBIT": 193060000.0,
        "Net Interest Income": 0.0,
        "Interest Expense": 0.0,
        "Normalized Income": 146879000.0,
        "Net Income From Continuing And Discontinued Operation": 146879000.0,
        "Total Expenses": 1452046000.0,
        "Diluted Average Shares": 71900000.0,
        "Basic Average Shares": 71456000.0,
        "Diluted EPS": 2.04,
        "Basic EPS": 2.06,
        "Diluted NI Availto Com Stockholders": 146879000.0,
        "Net Income Common Stockholders": 146879000.0,
        "Net Income": 146879000.0,
        "Net Income Including Noncontrolling Interests": 146879000.0,
        "Net Income Continuous Operations": 146879000.0,
        "Tax Provision": 46181000.0,
        "Pretax Income": 193060000.0,
        "Other Income Expense": 10853000.0,
        "Other Non Operating Income Expenses": 10853000.0,
        "Special Income Charges": 0.0,
        "Other Special Charges": NaN,
        "Net Non Operating Interest Income Expense": 0.0,
        "Interest Expense Non Operating": 0.0,
        "Operating Income": 182207000.0,
        "Operating Expense": 164013000.0,
        "Selling General And Administration": 164013000.0,
        "Selling And Marketing Expense": 108830000.0,
        "General And Administrative Expense": 55183000.0,
        "Other Gand A": 55183000.0,
        "Gross Profit": 346220000.0,
        "Cost Of Revenue": 1288033000.0,
        "Total Revenue": 1634253000.0,
        "Operating Revenue": 1633411000.0
    },
    "2025-09-30": {
        "Tax Effect Of Unusual Items": 0.0,
        "Tax Rate For Calcs": 0.225742,
        "Normalized EBITDA": 134239000.0,
        "Total Unusual Items": 0.0,
        "Total Unusual Items Excluding Goodwill": 0.0,
        "Net Income From Continuing Operation Net Minority Interest": 99297000.0,
        "Reconciled Depreciation": 5991000.0,
        "Reconciled Cost Of Revenue": 1152565000.0,
        "EBITDA": 134239000.0,
        "EBIT": 128248000.0,
        "Net Interest Income": 0.0,
        "Interest Expense": 0.0,
        "Normalized Income": 99297000.0,
        "Net Income From Continuing And Discontinued Operation": 99297000.0,
        "Total Expenses": 1304074000.0,
        "Diluted Average Shares": 71188000.0,
        "Basic Average Shares": 70680000.0,
        "Diluted EPS": 1.39,
        "Basic EPS": 1.4,
        "Diluted NI Availto Com Stockholders": 99297000.0,
        "Net Income Common Stockholders": 99297000.0,
        "Net Income": 99297000.0,
        "Net Income Including Noncontrolling Interests": 99297000.0,
        "Net Income Continuous Operations": 99297000.0,
        "Tax Provision": 28951000.0,
        "Pretax Income": 128248000.0,
        "Other Income Expense": 8128000.0,
        "Other Non Operating Income Expenses": 8128000.0,
        "Special Income Charges": 0.0,
        "Other Special Charges": NaN,
        "Net Non Operating Interest Income Expense": 0.0,
        "Interest Expense Non Operating": 0.0,
        "Operating Income": 120120000.0,
        "Operating Expense": 151509000.0,
        "Selling General And Administration": 151509000.0,
        "Selling And Marketing Expense": 99722000.0,
        "General And Administrative Expense": 51787000.0,
        "Other Gand A": 51787000.0,
        "Gross Profit": 271629000.0,
        "Cost Of Revenue": 1152565000.0,
        "Total Revenue": 1424194000.0,
        "Operating Revenue": 1423863000.0
    }
}