{
    "2023-06-30": {
        "Tax Effect Of Unusual Items": NaN,
        "Tax Rate For Calcs": NaN,
        "Normalized EBITDA": NaN,
        "Net Income From Continuing Operation Net Minority Interest": NaN,
        "Reconciled Depreciation": NaN,
        "Reconciled Cost Of Revenue": NaN,
        "EBITDA": NaN,
        "EBIT": NaN,
        "Net Interest Income": NaN,
        "Interest Expense": NaN,
        "Interest Income": NaN,
        "Normalized Income": NaN,
        "Net Income From Continuing And Discontinued Operation": NaN,
        "Total Expenses": NaN,
        "Total Operating Income As Reported": NaN,
        "Diluted Average Shares": NaN,
        "Basic Average Shares": NaN,
        "Diluted EPS": NaN,
        "Basic EPS": NaN,
        "Diluted NI Availto Com Stockholders": NaN,
        "Net Income Common Stockholders": NaN,
        "Net Income": NaN,
        "Minority Interests": NaN,
        "Net Income Including Noncontrolling Interests": NaN,
        "Net Income Continuous Operations": NaN,
        "Tax Provision": NaN,
        "Pretax Income": NaN,
        "Earnings From Equity Interest": 0.0,
        "Net Non Operating Interest Income Expense": NaN,
        "Interest Expense Non Operating": NaN,
        "Interest Income Non Operating": NaN,
        "Operating Income": NaN,
        "Operating Expense": NaN,
        "Other Operating Expenses": NaN,
        "Research And Development": NaN,
        "Selling General And Administration": NaN,
        "Selling And Marketing Expense": NaN,
        "General And Administrative Expense": NaN,
        "Other Gand A": NaN,
        "Gross Profit": NaN,
        "Cost Of Revenue": NaN,
        "Total Revenue": NaN,
        "Operating Revenue": NaN
    },
    "2023-03-31": {
        "Tax Effect Of Unusual Items": NaN,
        "Tax Rate For Calcs": NaN,
        "Normalized EBITDA": NaN,
        "Net Income From Continuing Operation Net Minority Interest": NaN,
        "Reconciled Depreciation": NaN,
        "Reconciled Cost Of Revenue": NaN,
        "EBITDA": NaN,
        "EBIT": NaN,
        "Net Interest Income": NaN,
        "Interest Expense": NaN,
        "Interest Income": NaN,
        "Normalized Income": NaN,
        "Net Income From Continuing And Discontinued Operation": NaN,
        "Total Expenses": NaN,
        "Total Operating Income As Reported": NaN,
        "Diluted Average Shares": NaN,
        "Basic Average Shares": NaN,
        "Diluted EPS": NaN,
        "Basic EPS": NaN,
        "Diluted NI Availto Com Stockholders": NaN,
        "Net Income Common Stockholders": NaN,
        "Net Income": NaN,
        "Minority Interests": NaN,
        "Net Income Including Noncontrolling Interests": NaN,
        "Net Income Continuous Operations": NaN,
        "Tax Provision": NaN,
        "Pretax Income": NaN,
        "Earnings From Equity Interest": 0.0,
        "Net Non Operating Interest Income Expense": NaN,
        "Interest Expense Non Operating": NaN,
        "Interest Income Non Operating": NaN,
        "Operating Income": NaN,
        "Operating Expense": NaN,
        "Other Operating Expenses": NaN,
        "Research And Development": NaN,
        "Selling General And Administration": NaN,
        "Selling And Marketing Expense": NaN,
        "General And Administrative Expense": NaN,
        "Other Gand A": NaN,
        "Gross Profit": NaN,
        "Cost Of Revenue": NaN,
        "Total Revenue": NaN,
        "Operating Revenue": NaN
    },
    "2022-12-31": {
        "Tax Effect Of Unusual Items": NaN,
        "Tax Rate For Calcs": NaN,
        "Normalized EBITDA": NaN,
        "Net Income From Continuing Operation Net Minority Interest": NaN,
        "Reconciled Depreciation": NaN,
        "Reconciled Cost Of Revenue": NaN,
        "EBITDA": NaN,
        "EBIT": NaN,
        "Net Interest Income": NaN,
        "Interest Expense": NaN,
        "Interest Income": NaN,
        "Normalized Income": NaN,
        "Net Income From Continuing And Discontinued Operation": NaN,
        "Total Expenses": NaN,
        "Total Operating Income As Reported": NaN,
        "Diluted Average Shares": NaN,
        "Basic Average Shares": NaN,
        "Diluted EPS": NaN,
        "Basic EPS": NaN,
        "Diluted NI Availto Com Stockholders": NaN,
        "Net Income Common Stockholders": NaN,
        "Net Income": NaN,
        "Minority Interests": NaN,
        "Net Income Including Noncontrolling Interests": NaN,
        "Net Income Continuous Operations": NaN,
        "Tax Provision": NaN,
        "Pretax Income": NaN,
        "Earnings From Equity Interest": 0.0,
        "Net Non Operating Interest Income Expense": NaN,
        "Interest Expense Non Operating": NaN,
        "Interest Income Non Operating": NaN,
        "Operating Income": NaN,
        "Operating Expense": NaN,
        "Other Operating Expenses": NaN,
        "Research And Development": NaN,
        "Selling General And Administration": NaN,
        "Selling And Marketing Expense": NaN,
        "General And Administrative Expense": NaN,
        "Other Gand A": NaN,
        "Gross Profit": NaN,
        "Cost Of Revenue": NaN,
        "Total Revenue": NaN,
        "Operating Revenue": NaN
    },
    "2022-09-30": {
        "Tax Effect Of Unusual Items": NaN,
        "Tax Rate For Calcs": NaN,
        "Normalized EBITDA": NaN,
        "Net Income From Continuing Operation Net Minority Interest": NaN,
        "Reconciled Depreciation": NaN,
        "Reconciled Cost Of Revenue": NaN,
        "EBITDA": NaN,
        "EBIT": NaN,
        "Net Interest Income": NaN,
        "Interest Expense": NaN,
        "Interest Income": NaN,
        "Normalized Income": NaN,
        "Net Income From Continuing And Discontinued Operation": NaN,
        "Total Expenses": NaN,
        "Total Operating Income As Reported": NaN,
        "Diluted Average Shares": NaN,
        "Basic Average Shares": NaN,
        "Diluted EPS": NaN,
        "Basic EPS": NaN,
        "Diluted NI Availto Com Stockholders": NaN,
        "Net Income Common Stockholders": NaN,
        "Net Income": NaN,
        "Minority Interests": NaN,
        "Net Income Including Noncontrolling Interests": NaN,
        "Net Income Continuous Operations": NaN,
        "Tax Provision": NaN,
        "Pretax Income": NaN,
        "Earnings From Equity Interest": 0.0,
        "Net Non Operating Interest Income Expense": NaN,
        "Interest Expense Non Operating": NaN,
        "Interest Income Non Operating": NaN,
        "Operating Income": NaN,
        "Operating Expense": NaN,
        "Other Operating Expenses": NaN,
        "Research And Development": NaN,
        "Selling General And Administration": NaN,
        "Selling And Marketing Expense": NaN,
        "General And Administrative Expense": NaN,
        "Other Gand A": NaN,
        "Gross Profit": NaN,
        "Cost Of Revenue": NaN,
        "Total Revenue": NaN,
        "Operating Revenue": NaN
    },
    "2022-06-30": {
        "Tax Effect Of Unusual Items": 0.0,
        "Tax Rate For Calcs": 0.4,
        "Normalized EBITDA": 8190000.0,
        "Net Income From Continuing Operation Net Minority Interest": 903000.0,
        "Reconciled Depreciation": 5374000.0,
        "Reconciled Cost Of Revenue": 26040000.0,
        "EBITDA": 8190000.0,
        "EBIT": 2816000.0,
        "Net Interest Income": 2581000.0,
        "Interest Expense": 1320000.0,
        "Interest Income": 3901000.0,
        "Normalized Income": 903000.0,
        "Net Income From Continuing And Discontinued Operation": 903000.0,
        "Total Expenses": 59155000.0,
        "Total Operating Income As Reported": -1084000.0,
        "Diluted Average Shares": 59095000.0,
        "Basic Average Shares": 59064000.0,
        "Diluted EPS": 0.02,
        "Basic EPS": 0.02,
        "Diluted NI Availto Com Stockholders": 903000.0,
        "Net Income Common Stockholders": 903000.0,
        "Net Income": 903000.0,
        "Minority Interests": 7000.0,
        "Net Income Including Noncontrolling Interests": 896000.0,
        "Net Income Continuous Operations": 896000.0,
        "Tax Provision": 600000.0,
        "Pretax Income": 1496000.0,
        "Earnings From Equity Interest": 0.0,
        "Net Non Operating Interest Income Expense": 2581000.0,
        "Interest Expense Non Operating": 1320000.0,
        "Interest Income Non Operating": 3901000.0,
        "Operating Income": -1085000.0,
        "Operating Expense": 33115000.0,
        "Other Operating Expenses": -498000.0,
        "Research And Development": 8955000.0,
        "Selling General And Administration": 24658000.0,
        "Selling And Marketing Expense": 14954000.0,
        "General And Administrative Expense": 9704000.0,
        "Other Gand A": 9704000.0,
        "Gross Profit": 32030000.0,
        "Cost Of Revenue": 26040000.0,
        "Total Revenue": 58070000.0,
        "Operating Revenue": 58070000.0
    },
    "2022-03-31": {
        "Diluted EPS": 0.0,
        "Total Revenue": 59,
        "Gross Profit": 32,
        "Operating Income": 0,
        "EBIT": 6,
        "Net Income": 0
    },
    "2021-12-31": {
        "Diluted EPS": 0.11,
        "Total Revenue": 69,
        "Gross Profit": 41,
        "Operating Income": 6,
        "EBIT": 12,
        "Net Income": 6
    },
    "2021-09-30": {
        "Diluted EPS": 0.17,
        "Total Revenue": 60,
        "Gross Profit": 36,
        "Operating Income": 5,
        "EBIT": 11,
        "Net Income": 10
    },
    "2021-06-30": {
        "Diluted EPS": 0.07,
        "Total Revenue": 60,
        "Gross Profit": 34,
        "Operating Income": 3,
        "EBIT": 9,
        "Net Income": 4
    },
    "2021-03-31": {
        "Diluted EPS": -0.08,
        "Total Revenue": 53,
        "Gross Profit": 29,
        "Operating Income": 0,
        "EBIT": 6,
        "Net Income": -4
    },
    "2020-12-31": {
        "Diluted EPS": -0.04,
        "Total Revenue": 54,
        "Gross Profit": 31,
        "Operating Income": -2,
        "EBIT": 3,
        "Net Income": -3
    },
    "2020-09-30": {
        "Diluted EPS": -0.01,
        "Total Revenue": 48,
        "Gross Profit": 27,
        "Operating Income": 0,
        "EBIT": 7,
        "Net Income": 0
    },
    "2020-06-30": {
        "Diluted EPS": -0.04,
        "Total Revenue": 43,
        "Gross Profit": 22,
        "Operating Income": -2,
        "EBIT": 3,
        "Net Income": -2
    },
    "2020-03-31": {
        "Diluted EPS": -0.06,
        "Total Revenue": 51,
        "Gross Profit": 27,
        "Operating Income": -1,
        "EBIT": 4,
        "Net Income": -3
    },
    "2019-12-31": {
        "Diluted EPS": 0.03,
        "Total Revenue": 57,
        "Gross Profit": 32,
        "Operating Income": 3,
        "EBIT": 9,
        "Net Income": 2
    },
    "2019-09-30": {
        "Diluted EPS": 0.02,
        "Total Revenue": 55,
        "Gross Profit": 32,
        "Operating Income": 3,
        "EBIT": 9,
        "Net Income": 1
    },
    "2019-06-30": {
        "Diluted EPS": -0.01,
        "Total Revenue": 55,
        "Gross Profit": 30,
        "Operating Income": 0,
        "EBIT": 5,
        "Net Income": 0
    },
    "2019-03-31": {
        "Diluted EPS": -0.01,
        "Total Revenue": 53,
        "Gross Profit": 29,
        "Operating Income": 2,
        "EBIT": 7,
        "Net Income": 0
    },
    "2018-12-31": {
        "Diluted EPS": 0.01,
        "Total Revenue": 56,
        "Gross Profit": 31,
        "Operating Income": 1,
        "EBIT": 7,
        "Net Income": 1
    },
    "2018-09-30": {
        "Diluted EPS": 0.05,
        "Total Revenue": 54,
        "Gross Profit": 31,
        "Operating Income": 3,
        "EBIT": 8,
        "Net Income": 3
    },
    "2018-06-30": {
        "Diluted EPS": 0.01,
        "Total Revenue": 54,
        "Gross Profit": 30,
        "Operating Income": 1,
        "EBIT": 6,
        "Net Income": 0
    },
    "2018-03-31": {
        "Diluted EPS": 0.0,
        "Total Revenue": 54,
        "Gross Profit": 30,
        "Operating Income": 1,
        "EBIT": 6,
        "Net Income": 0
    },
    "2017-12-31": {
        "Diluted EPS": 0.05,
        "Total Revenue": 51,
        "Gross Profit": 27,
        "Operating Income": 2,
        "EBIT": 6,
        "Net Income": 2
    },
    "2017-09-30": {
        "Diluted EPS": -0.04,
        "Total Revenue": 38,
        "Gross Profit": 21,
        "Operating Income": 0,
        "EBIT": 4,
        "Net Income": -2
    },
    "2017-06-30": {
        "Diluted EPS": -0.02,
        "Total Revenue": 38,
        "Gross Profit": 22,
        "Operating Income": 0,
        "EBIT": 3,
        "Net Income": -1
    },
    "2017-03-31": {
        "Diluted EPS": -0.02,
        "Total Revenue": 34,
        "Gross Profit": 20,
        "Operating Income": 0,
        "EBIT": 3,
        "Net Income": -1
    },
    "2016-12-31": {
        "Diluted EPS": 0.03,
        "Total Revenue": 33,
        "Gross Profit": 20,
        "Operating Income": 2,
        "EBIT": 5,
        "Net Income": 1
    },
    "2016-09-30": {
        "Diluted EPS": 0.0,
        "Total Revenue": 32,
        "Gross Profit": 19,
        "Operating Income": 0,
        "EBIT": 3,
        "Net Income": 0
    },
    "2016-06-30": {
        "Diluted EPS": -0.01,
        "Total Revenue": 31,
        "Gross Profit": 18,
        "Operating Income": -1,
        "EBIT": 1,
        "Net Income": 0
    },
    "2016-03-31": {
        "Diluted EPS": -0.08,
        "Total Revenue": 30,
        "Gross Profit": 18,
        "Operating Income": -1,
        "EBIT": 1,
        "Net Income": -4
    },
    "2015-12-31": {
        "Diluted EPS": 0.05,
        "Total Revenue": 31,
        "Gross Profit": 18,
        "Operating Income": 1,
        "EBIT": 3,
        "Net Income": 2
    },
    "2015-09-30": {
        "Diluted EPS": -0.03,
        "Total Revenue": 29,
        "Gross Profit": 16,
        "Operating Income": -1,
        "EBIT": 1,
        "Net Income": -1
    },
    "2015-06-30": {
        "Diluted EPS": -0.07,
        "Total Revenue": 28,
        "Gross Profit": 16,
        "Operating Income": -2,
        "EBIT": 0,
        "Net Income": -3
    },
    "2015-03-31": {
        "Diluted EPS": -0.02,
        "Total Revenue": 25,
        "Gross Profit": 14,
        "Operating Income": -4,
        "EBIT": -2,
        "Net Income": -1
    },
    "2014-12-31": {
        "Diluted EPS": -0.01,
        "Total Revenue": 29,
        "Gross Profit": 29,
        "Operating Income": 29,
        "EBIT": 29,
        "Net Income": -1
    },
    "2014-09-30": {
        "Diluted EPS": 0.07,
        "Total Revenue": 25,
        "Gross Profit": 15,
        "Operating Income": 0,
        "EBIT": 1,
        "Net Income": 3
    },
    "2014-06-30": {
        "Diluted EPS": -0.01,
        "Total Revenue": 26,
        "Gross Profit": 16,
        "Operating Income": 0,
        "EBIT": 0,
        "Net Income": 0
    },
    "2014-03-31": {
        "Diluted EPS": -0.01,
        "Total Revenue": 26,
        "Gross Profit": 26,
        "Operating Income": 26,
        "EBIT": 26,
        "Net Income": 0
    },
    "2013-12-31": {
        "Diluted EPS": 0.04,
        "Total Revenue": 27,
        "Gross Profit": 27,
        "Operating Income": 27,
        "EBIT": 27,
        "Net Income": 2
    },
    "2013-09-30": {
        "Diluted EPS": 0.05,
        "Total Revenue": 22,
        "Gross Profit": 22,
        "Operating Income": 22,
        "EBIT": 22,
        "Net Income": 2
    },
    "2013-06-30": {
        "Diluted EPS": 0.03,
        "Total Revenue": 22,
        "Gross Profit": 22,
        "Operating Income": 22,
        "EBIT": 22,
        "Net Income": 1
    },
    "2023-09-30": {
        "Tax Effect Of Unusual Items": NaN,
        "Tax Rate For Calcs": NaN,
        "Normalized EBITDA": NaN,
        "Net Income From Continuing Operation Net Minority Interest": NaN,
        "Reconciled Depreciation": NaN,
        "Reconciled Cost Of Revenue": NaN,
        "EBITDA": NaN,
        "EBIT": NaN,
        "Net Interest Income": NaN,
        "Interest Expense": NaN,
        "Interest Income": NaN,
        "Normalized Income": NaN,
        "Net Income From Continuing And Discontinued Operation": NaN,
        "Total Expenses": NaN,
        "Total Operating Income As Reported": NaN,
        "Diluted Average Shares": NaN,
        "Basic Average Shares": NaN,
        "Diluted EPS": NaN,
        "Basic EPS": NaN,
        "Diluted NI Availto Com Stockholders": NaN,
        "Net Income Common Stockholders": NaN,
        "Net Income": NaN,
        "Minority Interests": NaN,
        "Net Income Including Noncontrolling Interests": NaN,
        "Net Income Continuous Operations": NaN,
        "Tax Provision": NaN,
        "Pretax Income": NaN,
        "Earnings From Equity Interest": 0.0,
        "Net Non Operating Interest Income Expense": NaN,
        "Interest Expense Non Operating": NaN,
        "Interest Income Non Operating": NaN,
        "Operating Income": NaN,
        "Operating Expense": NaN,
        "Other Operating Expenses": NaN,
        "Research And Development": NaN,
        "Selling General And Administration": NaN,
        "Selling And Marketing Expense": NaN,
        "General And Administrative Expense": NaN,
        "Other Gand A": NaN,
        "Gross Profit": NaN,
        "Cost Of Revenue": NaN,
        "Total Revenue": NaN,
        "Operating Revenue": NaN
    },
    "2023-12-31": {
        "Tax Effect Of Unusual Items": NaN,
        "Tax Rate For Calcs": NaN,
        "Normalized EBITDA": NaN,
        "Net Income From Continuing Operation Net Minority Interest": NaN,
        "Reconciled Depreciation": NaN,
        "Reconciled Cost Of Revenue": NaN,
        "EBITDA": NaN,
        "EBIT": NaN,
        "Net Interest Income": NaN,
        "Interest Expense": NaN,
        "Interest Income": NaN,
        "Normalized Income": NaN,
        "Net Income From Continuing And Discontinued Operation": NaN,
        "Total Expenses": NaN,
        "Total Operating Income As Reported": NaN,
        "Diluted Average Shares": 59067000.0,
        "Basic Average Shares": 59067000.0,
        "Diluted EPS": -0.01,
        "Basic EPS": -0.01,
        "Diluted NI Availto Com Stockholders": NaN,
        "Net Income Common Stockholders": NaN,
        "Net Income": NaN,
        "Minority Interests": NaN,
        "Net Income Including Noncontrolling Interests": NaN,
        "Net Income Continuous Operations": NaN,
        "Tax Provision": NaN,
        "Pretax Income": NaN,
        "Net Non Operating Interest Income Expense": NaN,
        "Interest Expense Non Operating": NaN,
        "Interest Income Non Operating": NaN,
        "Operating Income": NaN,
        "Operating Expense": NaN,
        "Other Operating Expenses": NaN,
        "Research And Development": NaN,
        "Selling General And Administration": NaN,
        "Selling And Marketing Expense": NaN,
        "General And Administrative Expense": NaN,
        "Other Gand A": NaN,
        "Gross Profit": NaN,
        "Cost Of Revenue": NaN,
        "Total Revenue": NaN,
        "Operating Revenue": NaN
    },
    "2024-03-31": {
        "Tax Effect Of Unusual Items": 0.0,
        "Tax Rate For Calcs": 0.124512,
        "Normalized EBITDA": 10331000.0,
        "Net Income From Continuing Operation Net Minority Interest": 3591000.0,
        "Reconciled Depreciation": 5437000.0,
        "Reconciled Cost Of Revenue": 27702000.0,
        "EBITDA": 10331000.0,
        "EBIT": 4894000.0,
        "Net Interest Income": 1510000.0,
        "Interest Expense": 798000.0,
        "Interest Income": 2308000.0,
        "Normalized Income": 3591000.0,
        "Net Income From Continuing And Discontinued Operation": 3591000.0,
        "Total Expenses": 61051000.0,
        "Total Operating Income As Reported": 2585000.0,
        "Diluted Average Shares": 59088000.0,
        "Basic Average Shares": 59067000.0,
        "Diluted EPS": 0.06,
        "Basic EPS": 0.06,
        "Diluted NI Availto Com Stockholders": 3591000.0,
        "Net Income Common Stockholders": 3591000.0,
        "Net Income": 3591000.0,
        "Minority Interests": 6000.0,
        "Net Income Including Noncontrolling Interests": 3585000.0,
        "Net Income Continuous Operations": 3586000.0,
        "Tax Provision": 510000.0,
        "Pretax Income": 4096000.0,
        "Net Non Operating Interest Income Expense": 1510000.0,
        "Interest Expense Non Operating": 798000.0,
        "Interest Income Non Operating": 2308000.0,
        "Operating Income": 2586000.0,
        "Operating Expense": 33349000.0,
        "Other Operating Expenses": -789000.0,
        "Research And Development": 10231000.0,
        "Selling General And Administration": 23907000.0,
        "Selling And Marketing Expense": 14598000.0,
        "General And Administrative Expense": 9309000.0,
        "Other Gand A": 9309000.0,
        "Gross Profit": 35935000.0,
        "Cost Of Revenue": 27702000.0,
        "Total Revenue": 63637000.0,
        "Operating Revenue": 63637000.0
    },
    "2024-06-30": {
        "Tax Effect Of Unusual Items": 0.0,
        "Tax Rate For Calcs": 0.198386,
        "Normalized EBITDA": 11581000.0,
        "Net Income From Continuing Operation Net Minority Interest": 3882000.0,
        "Reconciled Depreciation": 5306000.0,
        "Reconciled Cost Of Revenue": 29570000.0,
        "EBITDA": 11581000.0,
        "EBIT": 6275000.0,
        "Net Interest Income": 1033000.0,
        "Interest Expense": 1441000.0,
        "Interest Income": 2474000.0,
        "Normalized Income": 3882000.0,
        "Net Income From Continuing And Discontinued Operation": 3882000.0,
        "Total Expenses": 64996000.0,
        "Total Operating Income As Reported": 3801000.0,
        "Diluted Average Shares": 59067000.0,
        "Basic Average Shares": 59067000.0,
        "Diluted EPS": 0.07,
        "Basic EPS": 0.07,
        "Diluted NI Availto Com Stockholders": 3882000.0,
        "Net Income Common Stockholders": 3882000.0,
        "Net Income": 3882000.0,
        "Minority Interests": 7000.0,
        "Net Income Including Noncontrolling Interests": 3875000.0,
        "Net Income Continuous Operations": 3875000.0,
        "Tax Provision": 959000.0,
        "Pretax Income": 4834000.0,
        "Net Non Operating Interest Income Expense": 1033000.0,
        "Interest Expense Non Operating": 1441000.0,
        "Interest Income Non Operating": 2474000.0,
        "Operating Income": 3801000.0,
        "Operating Expense": 35426000.0,
        "Other Operating Expenses": -1205000.0,
        "Research And Development": 11090000.0,
        "Selling General And Administration": 25541000.0,
        "Selling And Marketing Expense": 15636000.0,
        "General And Administrative Expense": 9905000.0,
        "Other Gand A": 9905000.0,
        "Gross Profit": 39227000.0,
        "Cost Of Revenue": 29570000.0,
        "Total Revenue": 68797000.0,
        "Operating Revenue": 68797000.0
    },
    "2024-09-30": {
        "Tax Effect Of Unusual Items": 0.0,
        "Tax Rate For Calcs": 0.043451,
        "Normalized EBITDA": 10484000.0,
        "Net Income From Continuing Operation Net Minority Interest": 3045000.0,
        "Reconciled Depreciation": 5465000.0,
        "Reconciled Cost Of Revenue": 29355000.0,
        "EBITDA": 10484000.0,
        "EBIT": 5019000.0,
        "Net Interest Income": -1137000.0,
        "Interest Expense": 1843000.0,
        "Interest Income": 706000.0,
        "Normalized Income": 3045000.0,
        "Net Income From Continuing And Discontinued Operation": 3045000.0,
        "Total Expenses": 64339000.0,
        "Total Operating Income As Reported": 4313000.0,
        "Diluted Average Shares": 59067000.0,
        "Basic Average Shares": 59067000.0,
        "Diluted EPS": 0.05,
        "Basic EPS": 0.05,
        "Diluted NI Availto Com Stockholders": 3045000.0,
        "Net Income Common Stockholders": 3045000.0,
        "Net Income": 3045000.0,
        "Minority Interests": 7000.0,
        "Net Income Including Noncontrolling Interests": 3038000.0,
        "Net Income Continuous Operations": 3038000.0,
        "Tax Provision": 138000.0,
        "Pretax Income": 3176000.0,
        "Net Non Operating Interest Income Expense": -1137000.0,
        "Interest Expense Non Operating": 1843000.0,
        "Interest Income Non Operating": 706000.0,
        "Operating Income": 4313000.0,
        "Operating Expense": 34984000.0,
        "Other Operating Expenses": -872000.0,
        "Research And Development": 10979000.0,
        "Selling General And Administration": 24877000.0,
        "Selling And Marketing Expense": 14896000.0,
        "General And Administrative Expense": 9981000.0,
        "Other Gand A": 9981000.0,
        "Gross Profit": 39297000.0,
        "Cost Of Revenue": 29355000.0,
        "Total Revenue": 68652000.0,
        "Operating Revenue": 68652000.0
    },
    "2024-12-31": {
        "Tax Effect Of Unusual Items": 0.0,
        "Tax Rate For Calcs": 0.21,
        "Normalized EBITDA": 4803000.0,
        "Net Income From Continuing Operation Net Minority Interest": 2916000.0,
        "Reconciled Depreciation": 5553000.0,
        "Reconciled Cost Of Revenue": 29315000.0,
        "EBITDA": 4803000.0,
        "EBIT": -750000.0,
        "Net Interest Income": 1195000.0,
        "Interest Expense": -2783000.0,
        "Interest Income": -1237000.0,
        "Normalized Income": 2916000.0,
        "Net Income From Continuing And Discontinued Operation": 2916000.0,
        "Total Expenses": 66949000.0,
        "Total Operating Income As Reported": -1268000.0,
        "Diluted Average Shares": 59148000.0,
        "Basic Average Shares": 59067000.0,
        "Diluted EPS": 0.05,
        "Basic EPS": 0.05,
        "Diluted NI Availto Com Stockholders": 2916000.0,
        "Net Income Common Stockholders": 2916000.0,
        "Net Income": 2916000.0,
        "Minority Interests": 10000.0,
        "Net Income Including Noncontrolling Interests": 2906000.0,
        "Net Income Continuous Operations": 2907000.0,
        "Tax Provision": -874000.0,
        "Pretax Income": 2033000.0,
        "Net Non Operating Interest Income Expense": 1195000.0,
        "Interest Expense Non Operating": -2783000.0,
        "Interest Income Non Operating": -1237000.0,
        "Operating Income": -1269000.0,
        "Operating Expense": 37634000.0,
        "Other Operating Expenses": -3532000.0,
        "Research And Development": 12099000.0,
        "Selling General And Administration": 21826000.0,
        "Selling And Marketing Expense": -34157000.0,
        "General And Administrative Expense": 55983000.0,
        "Other Gand A": -22041000.0,
        "Gross Profit": 36365000.0,
        "Cost Of Revenue": 29315000.0,
        "Total Revenue": 65680000.0,
        "Operating Revenue": 65680000.0
    },
    "2025-03-31": {
        "Tax Effect Of Unusual Items": 0.0,
        "Tax Rate For Calcs": 0.21,
        "Normalized EBITDA": 7956000.0,
        "Net Income From Continuing Operation Net Minority Interest": -533000.0,
        "Reconciled Depreciation": 5485000.0,
        "Reconciled Cost Of Revenue": 29654000.0,
        "EBITDA": 7956000.0,
        "EBIT": 2471000.0,
        "Net Interest Income": -875000.0,
        "Interest Expense": 2772000.0,
        "Interest Income": 1897000.0,
        "Normalized Income": -533000.0,
        "Net Income From Continuing And Discontinued Operation": -533000.0,
        "Total Expenses": 65804000.0,
        "Total Operating Income As Reported": 574000.0,
        "Diluted Average Shares": 59067000.0,
        "Basic Average Shares": 59067000.0,
        "Diluted EPS": -0.01,
        "Basic EPS": -0.01,
        "Diluted NI Availto Com Stockholders": -533000.0,
        "Net Income Common Stockholders": -533000.0,
        "Net Income": -533000.0,
        "Minority Interests": 2000.0,
        "Net Income Including Noncontrolling Interests": -535000.0,
        "Net Income Continuous Operations": -535000.0,
        "Tax Provision": 234000.0,
        "Pretax Income": -301000.0,
        "Net Non Operating Interest Income Expense": -875000.0,
        "Interest Expense Non Operating": 2772000.0,
        "Interest Income Non Operating": 1897000.0,
        "Operating Income": 574000.0,
        "Operating Expense": 36150000.0,
        "Other Operating Expenses": -360000.0,
        "Research And Development": 11414000.0,
        "Selling General And Administration": 25096000.0,
        "Selling And Marketing Expense": 15071000.0,
        "General And Administrative Expense": 10025000.0,
        "Other Gand A": 10025000.0,
        "Gross Profit": 36724000.0,
        "Cost Of Revenue": 29654000.0,
        "Total Revenue": 66379000.0,
        "Operating Revenue": 66379000.0
    },
    "2025-06-30": {
        "Tax Effect Of Unusual Items": 0.0,
        "Tax Rate For Calcs": 0.21,
        "Normalized EBITDA": 8890000.0,
        "Net Income From Continuing Operation Net Minority Interest": 199000.0,
        "Reconciled Depreciation": 5173000.0,
        "Reconciled Cost Of Revenue": 27053000.0,
        "EBITDA": 8890000.0,
        "EBIT": 3717000.0,
        "Net Interest Income": -3052000.0,
        "Interest Expense": 4039000.0,
        "Interest Income": 987000.0,
        "Normalized Income": 199000.0,
        "Net Income From Continuing And Discontinued Operation": 199000.0,
        "Total Expenses": 62102000.0,
        "Total Operating Income As Reported": 2730000.0,
        "Diluted Average Shares": 59067000.0,
        "Basic Average Shares": 59067000.0,
        "Diluted EPS": 0.0,
        "Basic EPS": 0.0,
        "Diluted NI Availto Com Stockholders": 199000.0,
        "Net Income Common Stockholders": 199000.0,
        "Net Income": 199000.0,
        "Minority Interests": 0.0,
        "Net Income Including Noncontrolling Interests": 199000.0,
        "Net Income Continuous Operations": 199000.0,
        "Tax Provision": -521000.0,
        "Pretax Income": -322000.0,
        "Net Non Operating Interest Income Expense": -3052000.0,
        "Interest Expense Non Operating": 4039000.0,
        "Interest Income Non Operating": 987000.0,
        "Operating Income": 2729000.0,
        "Operating Expense": 35049000.0,
        "Other Operating Expenses": -1286000.0,
        "Research And Development": 11120000.0,
        "Selling General And Administration": 25215000.0,
        "Selling And Marketing Expense": 15471000.0,
        "General And Administrative Expense": 9744000.0,
        "Other Gand A": 9744000.0,
        "Gross Profit": 37778000.0,
        "Cost Of Revenue": 27053000.0,
        "Total Revenue": 64831000.0,
        "Operating Revenue": 64831000.0
    },
    "2025-09-30": {
        "Tax Effect Of Unusual Items": 0.0,
        "Tax Rate For Calcs": 0.230223,
        "Normalized EBITDA": 8995000.0,
        "Net Income From Continuing Operation Net Minority Interest": 2169000.0,
        "Reconciled Depreciation": 5493000.0,
        "Reconciled Cost Of Revenue": 33589000.0,
        "EBITDA": 8995000.0,
        "EBIT": 3502000.0,
        "Net Interest Income": -142000.0,
        "Interest Expense": 683000.0,
        "Interest Income": 541000.0,
        "Normalized Income": 2169000.0,
        "Net Income From Continuing And Discontinued Operation": 2169000.0,
        "Total Expenses": 74834000.0,
        "Total Operating Income As Reported": 2961000.0,
        "Diluted Average Shares": 59067000.0,
        "Basic Average Shares": 59067000.0,
        "Diluted EPS": 0.04,
        "Basic EPS": 0.04,
        "Diluted NI Availto Com Stockholders": 2169000.0,
        "Net Income Common Stockholders": 2169000.0,
        "Net Income": 2169000.0,
        "Minority Interests": 0.0,
        "Net Income Including Noncontrolling Interests": 2170000.0,
        "Net Income Continuous Operations": 2170000.0,
        "Tax Provision": 649000.0,
        "Pretax Income": 2819000.0,
        "Net Non Operating Interest Income Expense": -142000.0,
        "Interest Expense Non Operating": 683000.0,
        "Interest Income Non Operating": 541000.0,
        "Operating Income": 2961000.0,
        "Operating Expense": 41245000.0,
        "Other Operating Expenses": -1045000.0,
        "Research And Development": 13431000.0,
        "Selling General And Administration": 28859000.0,
        "Selling And Marketing Expense": 17432000.0,
        "General And Administrative Expense": 11427000.0,
        "Other Gand A": 11427000.0,
        "Gross Profit": 44206000.0,
        "Cost Of Revenue": 33589000.0,
        "Total Revenue": 77795000.0,
        "Operating Revenue": 77795000.0
    }
}