{
    "2023-04-30": {
        "Tax Effect Of Unusual Items": NaN,
        "Tax Rate For Calcs": NaN,
        "Normalized EBITDA": NaN,
        "Total Unusual Items": NaN,
        "Total Unusual Items Excluding Goodwill": NaN,
        "Net Income From Continuing Operation Net Minority Interest": NaN,
        "Reconciled Depreciation": NaN,
        "Reconciled Cost Of Revenue": NaN,
        "EBITDA": NaN,
        "EBIT": NaN,
        "Net Interest Income": NaN,
        "Interest Expense": NaN,
        "Normalized Income": NaN,
        "Net Income From Continuing And Discontinued Operation": NaN,
        "Total Expenses": NaN,
        "Total Operating Income As Reported": NaN,
        "Diluted Average Shares": NaN,
        "Basic Average Shares": NaN,
        "Diluted EPS": NaN,
        "Basic EPS": NaN,
        "Diluted NI Availto Com Stockholders": NaN,
        "Net Income Common Stockholders": NaN,
        "Net Income": NaN,
        "Minority Interests": NaN,
        "Net Income Including Noncontrolling Interests": NaN,
        "Net Income Continuous Operations": NaN,
        "Tax Provision": NaN,
        "Pretax Income": NaN,
        "Other Income Expense": NaN,
        "Special Income Charges": NaN,
        "Gain On Sale Of Ppe": NaN,
        "Restructuring And Mergern Acquisition": NaN,
        "Earnings From Equity Interest": NaN,
        "Gain On Sale Of Security": NaN,
        "Net Non Operating Interest Income Expense": NaN,
        "Total Other Finance Cost": 1700000.0,
        "Interest Expense Non Operating": NaN,
        "Operating Income": NaN,
        "Operating Expense": NaN,
        "Depreciation Amortization Depletion Income Statement": NaN,
        "Depreciation And Amortization In Income Statement": NaN,
        "Selling General And Administration": NaN,
        "General And Administrative Expense": NaN,
        "Other Gand A": NaN,
        "Gross Profit": NaN,
        "Cost Of Revenue": NaN,
        "Total Revenue": NaN,
        "Operating Revenue": NaN
    },
    "2023-01-31": {
        "Tax Effect Of Unusual Items": NaN,
        "Tax Rate For Calcs": NaN,
        "Normalized EBITDA": NaN,
        "Total Unusual Items": NaN,
        "Total Unusual Items Excluding Goodwill": NaN,
        "Net Income From Continuing Operation Net Minority Interest": NaN,
        "Reconciled Depreciation": NaN,
        "Reconciled Cost Of Revenue": NaN,
        "EBITDA": NaN,
        "EBIT": NaN,
        "Net Interest Income": NaN,
        "Interest Expense": NaN,
        "Normalized Income": NaN,
        "Net Income From Continuing And Discontinued Operation": NaN,
        "Total Expenses": NaN,
        "Total Operating Income As Reported": NaN,
        "Diluted Average Shares": NaN,
        "Basic Average Shares": NaN,
        "Diluted EPS": NaN,
        "Basic EPS": NaN,
        "Diluted NI Availto Com Stockholders": NaN,
        "Net Income Common Stockholders": NaN,
        "Net Income": NaN,
        "Minority Interests": NaN,
        "Net Income Including Noncontrolling Interests": NaN,
        "Net Income Continuous Operations": NaN,
        "Tax Provision": NaN,
        "Pretax Income": NaN,
        "Other Income Expense": NaN,
        "Special Income Charges": NaN,
        "Gain On Sale Of Ppe": NaN,
        "Restructuring And Mergern Acquisition": NaN,
        "Earnings From Equity Interest": NaN,
        "Gain On Sale Of Security": NaN,
        "Net Non Operating Interest Income Expense": NaN,
        "Total Other Finance Cost": 1600000.0,
        "Interest Expense Non Operating": NaN,
        "Operating Income": NaN,
        "Operating Expense": NaN,
        "Depreciation Amortization Depletion Income Statement": NaN,
        "Depreciation And Amortization In Income Statement": NaN,
        "Selling General And Administration": NaN,
        "General And Administrative Expense": NaN,
        "Other Gand A": NaN,
        "Gross Profit": NaN,
        "Cost Of Revenue": NaN,
        "Total Revenue": NaN,
        "Operating Revenue": NaN
    },
    "2022-10-31": {
        "Tax Effect Of Unusual Items": NaN,
        "Tax Rate For Calcs": NaN,
        "Normalized EBITDA": NaN,
        "Total Unusual Items": NaN,
        "Total Unusual Items Excluding Goodwill": NaN,
        "Net Income From Continuing Operation Net Minority Interest": NaN,
        "Reconciled Depreciation": NaN,
        "Reconciled Cost Of Revenue": NaN,
        "EBITDA": NaN,
        "EBIT": NaN,
        "Net Interest Income": NaN,
        "Interest Expense": NaN,
        "Normalized Income": NaN,
        "Net Income From Continuing And Discontinued Operation": NaN,
        "Total Expenses": NaN,
        "Total Operating Income As Reported": NaN,
        "Diluted Average Shares": NaN,
        "Basic Average Shares": NaN,
        "Diluted EPS": NaN,
        "Basic EPS": NaN,
        "Diluted NI Availto Com Stockholders": NaN,
        "Net Income Common Stockholders": NaN,
        "Net Income": NaN,
        "Minority Interests": NaN,
        "Net Income Including Noncontrolling Interests": NaN,
        "Net Income Continuous Operations": NaN,
        "Tax Provision": NaN,
        "Pretax Income": NaN,
        "Other Income Expense": NaN,
        "Special Income Charges": NaN,
        "Gain On Sale Of Ppe": NaN,
        "Restructuring And Mergern Acquisition": NaN,
        "Earnings From Equity Interest": NaN,
        "Gain On Sale Of Security": NaN,
        "Net Non Operating Interest Income Expense": NaN,
        "Total Other Finance Cost": 1600000.0,
        "Interest Expense Non Operating": NaN,
        "Operating Income": NaN,
        "Operating Expense": NaN,
        "Depreciation Amortization Depletion Income Statement": NaN,
        "Depreciation And Amortization In Income Statement": NaN,
        "Selling General And Administration": NaN,
        "General And Administrative Expense": NaN,
        "Other Gand A": NaN,
        "Gross Profit": NaN,
        "Cost Of Revenue": NaN,
        "Total Revenue": NaN,
        "Operating Revenue": NaN
    },
    "2022-07-31": {
        "Tax Effect Of Unusual Items": 5326595.856383,
        "Tax Rate For Calcs": 0.164457,
        "Normalized EBITDA": -64310000.0,
        "Total Unusual Items": 32389000.0,
        "Total Unusual Items Excluding Goodwill": 32389000.0,
        "Net Income From Continuing Operation Net Minority Interest": -108686000.0,
        "Reconciled Depreciation": 63177000.0,
        "Reconciled Cost Of Revenue": 244097000.0,
        "EBITDA": -31921000.0,
        "EBIT": -95098000.0,
        "Net Interest Income": -36140000.0,
        "Interest Expense": 36140000.0,
        "Normalized Income": -135748404.143617,
        "Net Income From Continuing And Discontinued Operation": -108686000.0,
        "Total Expenses": 394508000.0,
        "Total Operating Income As Reported": -98118000.0,
        "Diluted Average Shares": 40714000.0,
        "Basic Average Shares": 40156000.0,
        "Diluted EPS": -2.7,
        "Basic EPS": -2.7,
        "Diluted NI Availto Com Stockholders": -108686000.0,
        "Net Income Common Stockholders": -108686000.0,
        "Net Income": -108686000.0,
        "Minority Interests": 969000.0,
        "Net Income Including Noncontrolling Interests": -109655000.0,
        "Net Income Continuous Operations": -109655000.0,
        "Tax Provision": -21583000.0,
        "Pretax Income": -131238000.0,
        "Other Income Expense": 32274000.0,
        "Special Income Charges": 29129000.0,
        "Gain On Sale Of Ppe": 27829000.0,
        "Restructuring And Mergern Acquisition": -1300000.0,
        "Earnings From Equity Interest": -115000.0,
        "Gain On Sale Of Security": 3260000.0,
        "Net Non Operating Interest Income Expense": -36140000.0,
        "Total Other Finance Cost": NaN,
        "Interest Expense Non Operating": 36140000.0,
        "Operating Income": -127372000.0,
        "Operating Expense": 150411000.0,
        "Depreciation Amortization Depletion Income Statement": 63177000.0,
        "Depreciation And Amortization In Income Statement": 63177000.0,
        "Selling General And Administration": 87234000.0,
        "General And Administrative Expense": 87234000.0,
        "Other Gand A": 87234000.0,
        "Gross Profit": 23039000.0,
        "Cost Of Revenue": 244097000.0,
        "Total Revenue": 267136000.0,
        "Operating Revenue": 267136000.0
    },
    "2022-04-30": {
        "Diluted EPS": 9.16,
        "Total Revenue": NaN,
        "Gross Profit": 700,
        "Operating Income": 540,
        "EBIT": 606,
        "Net Income": 373
    },
    "2022-01-31": {
        "Diluted EPS": 5.47,
        "Total Revenue": 907,
        "Gross Profit": 487,
        "Operating Income": 325,
        "EBIT": 387,
        "Net Income": 223
    },
    "2021-10-31": {
        "Diluted EPS": -3.44,
        "Total Revenue": 176,
        "Gross Profit": -34,
        "Operating Income": -166,
        "EBIT": -104,
        "Net Income": -139
    },
    "2021-07-31": {
        "Diluted EPS": -3.39,
        "Total Revenue": 204,
        "Gross Profit": -14,
        "Operating Income": -170,
        "EBIT": -107,
        "Net Income": -141
    },
    "2021-04-30": {
        "Diluted EPS": 6.72,
        "Total Revenue": 889,
        "Gross Profit": 533,
        "Operating Income": 388,
        "EBIT": 452,
        "Net Income": 275
    },
    "2021-01-31": {
        "Diluted EPS": 3.62,
        "Total Revenue": 685,
        "Gross Profit": 352,
        "Operating Income": 208,
        "EBIT": 270,
        "Net Income": 148
    },
    "2020-10-31": {
        "Diluted EPS": -3.82,
        "Total Revenue": 132,
        "Gross Profit": -41,
        "Operating Income": -164,
        "EBIT": -101,
        "Net Income": -154
    },
    "2020-07-31": {
        "Diluted EPS": -3.72,
        "Total Revenue": 77,
        "Gross Profit": -53,
        "Operating Income": -170,
        "EBIT": -107,
        "Net Income": -154
    },
    "2020-04-30": {
        "Diluted EPS": 3.74,
        "Total Revenue": 694,
        "Gross Profit": 365,
        "Operating Income": 218,
        "EBIT": 283,
        "Net Income": 153
    },
    "2020-01-31": {
        "Diluted EPS": 5.04,
        "Total Revenue": 925,
        "Gross Profit": 468,
        "Operating Income": 311,
        "EBIT": 375,
        "Net Income": 206
    },
    "2019-10-31": {
        "Diluted EPS": -2.64,
        "Total Revenue": 268,
        "Gross Profit": -4,
        "Operating Income": -136,
        "EBIT": -78,
        "Net Income": -106
    },
    "2019-07-31": {
        "Diluted EPS": -2.16,
        "Total Revenue": 244,
        "Gross Profit": 3,
        "Operating Income": -121,
        "EBIT": -64,
        "Net Income": -90
    },
    "2019-04-30": {
        "Diluted EPS": 7.12,
        "Total Revenue": 958,
        "Gross Profit": 547,
        "Operating Income": 423,
        "EBIT": 478,
        "Net Income": 292
    },
    "2019-01-31": {
        "Diluted EPS": 5.02,
        "Total Revenue": 850,
        "Gross Profit": 434,
        "Operating Income": 302,
        "EBIT": 357,
        "Net Income": 206
    },
    "2018-10-31": {
        "Diluted EPS": -2.66,
        "Total Revenue": 220,
        "Gross Profit": -10,
        "Operating Income": -128,
        "EBIT": -77,
        "Net Income": -108
    },
    "2018-07-31": {
        "Diluted EPS": -2.0,
        "Total Revenue": 212,
        "Gross Profit": -3,
        "Operating Income": -113,
        "EBIT": -63,
        "Net Income": -84
    },
    "2018-04-30": {
        "Diluted EPS": 6.17,
        "Total Revenue": 844,
        "Gross Profit": 489,
        "Operating Income": 368,
        "EBIT": 422,
        "Net Income": 256
    },
    "2018-01-31": {
        "Diluted EPS": 5.67,
        "Total Revenue": 735,
        "Gross Profit": 379,
        "Operating Income": 258,
        "EBIT": 309,
        "Net Income": 236
    },
    "2017-10-31": {
        "Diluted EPS": -0.71,
        "Total Revenue": 221,
        "Gross Profit": 2,
        "Operating Income": -104,
        "EBIT": -55,
        "Net Income": -28
    },
    "2017-07-31": {
        "Diluted EPS": -1.11,
        "Total Revenue": 209,
        "Gross Profit": 0,
        "Operating Income": -103,
        "EBIT": -54,
        "Net Income": -57
    },
    "2017-04-30": {
        "Diluted EPS": 4.4,
        "Total Revenue": 795,
        "Gross Profit": 450,
        "Operating Income": 320,
        "EBIT": 370,
        "Net Income": 181
    },
    "2017-01-31": {
        "Diluted EPS": 3.63,
        "Total Revenue": 725,
        "Gross Profit": 376,
        "Operating Income": 252,
        "EBIT": 302,
        "Net Income": 149
    },
    "2016-10-31": {
        "Diluted EPS": -1.7,
        "Total Revenue": 178,
        "Gross Profit": -5,
        "Operating Income": -91,
        "EBIT": -50,
        "Net Income": -63
    },
    "2016-07-31": {
        "Diluted EPS": -1.73,
        "Total Revenue": 180,
        "Gross Profit": 159,
        "Operating Income": -94,
        "EBIT": -53,
        "Net Income": -65
    },
    "2016-04-30": {
        "Diluted EPS": 4.23,
        "Total Revenue": 647,
        "Gross Profit": 305,
        "Operating Income": 263,
        "EBIT": 305,
        "Net Income": 158
    },
    "2016-01-31": {
        "Diluted EPS": 3.14,
        "Total Revenue": 599,
        "Gross Profit": 241,
        "Operating Income": 200,
        "EBIT": 241,
        "Net Income": 117
    },
    "2015-10-31": {
        "Diluted EPS": -1.63,
        "Total Revenue": 175,
        "Gross Profit": -47,
        "Operating Income": -87,
        "EBIT": -48,
        "Net Income": -60
    },
    "2015-07-31": {
        "Diluted EPS": -1.82,
        "Total Revenue": 162,
        "Gross Profit": 131,
        "Operating Income": -88,
        "EBIT": -51,
        "Net Income": -70
    },
    "2015-04-30": {
        "Diluted EPS": 3.56,
        "Total Revenue": 579,
        "Gross Profit": 266,
        "Operating Income": 228,
        "EBIT": 266,
        "Net Income": 133
    },
    "2015-01-31": {
        "Diluted EPS": 3.1,
        "Total Revenue": 530,
        "Gross Profit": 197,
        "Operating Income": 160,
        "EBIT": 197,
        "Net Income": 116
    },
    "2014-10-31": {
        "Diluted EPS": -1.77,
        "Total Revenue": 128,
        "Gross Profit": -73,
        "Operating Income": -89,
        "EBIT": -53,
        "Net Income": -64
    },
    "2014-07-31": {
        "Diluted EPS": -1.97,
        "Total Revenue": 135,
        "Gross Profit": -58,
        "Operating Income": -94,
        "EBIT": -60,
        "Net Income": -75
    },
    "2014-04-30": {
        "Diluted EPS": 3.18,
        "Total Revenue": 543,
        "Gross Profit": 238,
        "Operating Income": 203,
        "EBIT": 239,
        "Net Income": 118
    },
    "2014-01-31": {
        "Diluted EPS": 1.6,
        "Total Revenue": 453,
        "Gross Profit": 148,
        "Operating Income": 111,
        "EBIT": 147,
        "Net Income": 59
    },
    "2013-10-31": {
        "Diluted EPS": -2.04,
        "Total Revenue": 123,
        "Gross Profit": -68,
        "Operating Income": -102,
        "EBIT": -68,
        "Net Income": -73
    },
    "2013-07-31": {
        "Diluted EPS": -1.58,
        "Total Revenue": 112,
        "Gross Profit": -56,
        "Operating Income": -84,
        "EBIT": -50,
        "Net Income": -60
    },
    "2013-04-30": {
        "Diluted EPS": 2.66,
        "Total Revenue": 470,
        "Gross Profit": 199,
        "Operating Income": 165,
        "EBIT": 199,
        "Net Income": 98
    },
    "2013-01-31": {
        "Diluted EPS": 1.65,
        "Total Revenue": 422,
        "Gross Profit": 140,
        "Operating Income": 106,
        "EBIT": 139,
        "Net Income": 61
    },
    "2012-10-31": {
        "Diluted EPS": -1.7,
        "Total Revenue": 116,
        "Gross Profit": -59,
        "Operating Income": -90,
        "EBIT": -59,
        "Net Income": -61
    },
    "2012-07-31": {
        "Diluted EPS": -1.45,
        "Total Revenue": 114,
        "Gross Profit": -48,
        "Operating Income": -81,
        "EBIT": -49,
        "Net Income": -54
    },
    "2012-04-30": {
        "Diluted EPS": 2.17,
        "Total Revenue": 421,
        "Gross Profit": 174,
        "Operating Income": 140,
        "EBIT": 174,
        "Net Income": 80
    },
    "2012-01-31": {
        "Diluted EPS": 1.27,
        "Total Revenue": 373,
        "Gross Profit": 118,
        "Operating Income": 84,
        "EBIT": 117,
        "Net Income": 46
    },
    "2011-10-31": {
        "Diluted EPS": -1.54,
        "Total Revenue": 116,
        "Gross Profit": -55,
        "Operating Income": -84,
        "EBIT": -55,
        "Net Income": -56
    },
    "2011-07-31": {
        "Diluted EPS": -1.42,
        "Total Revenue": 109,
        "Gross Profit": -49,
        "Operating Income": -78,
        "EBIT": -49,
        "Net Income": -54
    },
    "2011-04-30": {
        "Diluted EPS": 2.08,
        "Total Revenue": 422,
        "Gross Profit": 173,
        "Operating Income": 139,
        "EBIT": 170,
        "Net Income": 77
    },
    "2011-01-31": {
        "Diluted EPS": 1.48,
        "Total Revenue": 395,
        "Gross Profit": 128,
        "Operating Income": 97,
        "EBIT": 127,
        "Net Income": 55
    },
    "2010-10-31": {
        "Diluted EPS": -1.2,
        "Total Revenue": 241,
        "Gross Profit": -37,
        "Operating Income": -64,
        "EBIT": -37,
        "Net Income": -43
    },
    "2010-07-31": {
        "Diluted EPS": -1.12,
        "Total Revenue": 163,
        "Gross Profit": -29,
        "Operating Income": -58,
        "EBIT": -30,
        "Net Income": -42
    },
    "2010-04-30": {
        "Diluted EPS": 1.98,
        "Total Revenue": 350,
        "Gross Profit": 146,
        "Operating Income": 118,
        "EBIT": 146,
        "Net Income": 73
    },
    "2010-01-31": {
        "Diluted EPS": 1.11,
        "Total Revenue": 301,
        "Gross Profit": 101,
        "Operating Income": 74,
        "EBIT": 101,
        "Net Income": 41
    },
    "2009-10-31": {
        "Diluted EPS": -1.14,
        "Total Revenue": 81,
        "Gross Profit": -44,
        "Operating Income": -65,
        "EBIT": -38,
        "Net Income": -41
    },
    "2009-07-31": {
        "Diluted EPS": -1.07,
        "Total Revenue": 129,
        "Gross Profit": -31,
        "Operating Income": -58,
        "EBIT": -31,
        "Net Income": -39
    },
    "2009-04-30": {
        "Diluted EPS": 1.68,
        "Total Revenue": 333,
        "Gross Profit": 135,
        "Operating Income": 108,
        "EBIT": 135,
        "Net Income": 62
    },
    "2009-01-31": {
        "Diluted EPS": 1.65,
        "Total Revenue": 389,
        "Gross Profit": 134,
        "Operating Income": 107,
        "EBIT": 134,
        "Net Income": 61
    },
    "2023-07-31": {
        "Tax Effect Of Unusual Items": 1618587.052208,
        "Tax Rate For Calcs": 0.297097,
        "Normalized EBITDA": -87959000.0,
        "Total Unusual Items": 5448000.0,
        "Total Unusual Items Excluding Goodwill": 5448000.0,
        "Net Income From Continuing Operation Net Minority Interest": -128566000.0,
        "Reconciled Depreciation": 68801000.0,
        "Reconciled Cost Of Revenue": 272660000.0,
        "EBITDA": -82511000.0,
        "EBIT": -151312000.0,
        "Net Interest Income": -40211000.0,
        "Interest Expense": 40211000.0,
        "Normalized Income": -132395412.947792,
        "Net Income From Continuing And Discontinued Operation": -128566000.0,
        "Total Expenses": 426651000.0,
        "Total Operating Income As Reported": -160101000.0,
        "Diluted Average Shares": NaN,
        "Basic Average Shares": NaN,
        "Diluted EPS": NaN,
        "Basic EPS": NaN,
        "Diluted NI Availto Com Stockholders": -128566000.0,
        "Net Income Common Stockholders": -128566000.0,
        "Net Income": -128566000.0,
        "Minority Interests": 6056000.0,
        "Net Income Including Noncontrolling Interests": -134622000.0,
        "Net Income Continuous Operations": -134622000.0,
        "Tax Provision": -56901000.0,
        "Pretax Income": -191523000.0,
        "Other Income Expense": 5571000.0,
        "Special Income Charges": -3215000.0,
        "Gain On Sale Of Ppe": -1015000.0,
        "Restructuring And Mergern Acquisition": 2200000.0,
        "Earnings From Equity Interest": 123000.0,
        "Gain On Sale Of Security": 8663000.0,
        "Net Non Operating Interest Income Expense": -40211000.0,
        "Total Other Finance Cost": NaN,
        "Interest Expense Non Operating": 40211000.0,
        "Operating Income": -156883000.0,
        "Operating Expense": 153991000.0,
        "Depreciation Amortization Depletion Income Statement": 68801000.0,
        "Depreciation And Amortization In Income Statement": 68801000.0,
        "Selling General And Administration": 85190000.0,
        "General And Administrative Expense": 85190000.0,
        "Other Gand A": 85190000.0,
        "Gross Profit": -2892000.0,
        "Cost Of Revenue": 272660000.0,
        "Total Revenue": 269768000.0,
        "Operating Revenue": 269768000.0
    },
    "2023-10-31": {
        "Tax Effect Of Unusual Items": -25248.0,
        "Tax Rate For Calcs": 0.263,
        "Normalized EBITDA": -140653000.0,
        "Total Unusual Items": -96000.0,
        "Total Unusual Items Excluding Goodwill": -96000.0,
        "Net Income From Continuing Operation Net Minority Interest": -175512000.0,
        "Reconciled Depreciation": 66728000.0,
        "Reconciled Cost Of Revenue": 292052000.0,
        "EBITDA": -140749000.0,
        "EBIT": -207477000.0,
        "Net Interest Income": -40730000.0,
        "Interest Expense": 40730000.0,
        "Normalized Income": -175441248.0,
        "Net Income From Continuing And Discontinued Operation": -175512000.0,
        "Total Expenses": 466805000.0,
        "Total Operating Income As Reported": -207055000.0,
        "Diluted Average Shares": 38117000.0,
        "Basic Average Shares": 38117000.0,
        "Diluted EPS": -4.6,
        "Basic EPS": -4.6,
        "Diluted NI Availto Com Stockholders": -175512000.0,
        "Net Income Common Stockholders": -175512000.0,
        "Net Income": -175512000.0,
        "Minority Interests": 7535000.0,
        "Net Income Including Noncontrolling Interests": -183047000.0,
        "Net Income Continuous Operations": -183047000.0,
        "Tax Provision": -65160000.0,
        "Pretax Income": -248207000.0,
        "Other Income Expense": 763000.0,
        "Special Income Charges": -5100000.0,
        "Gain On Sale Of Ppe": -2043000.0,
        "Restructuring And Mergern Acquisition": 3057000.0,
        "Earnings From Equity Interest": 859000.0,
        "Gain On Sale Of Security": 5004000.0,
        "Net Non Operating Interest Income Expense": -40730000.0,
        "Total Other Finance Cost": NaN,
        "Interest Expense Non Operating": 40730000.0,
        "Operating Income": -208240000.0,
        "Operating Expense": 174753000.0,
        "Depreciation Amortization Depletion Income Statement": 66728000.0,
        "Depreciation And Amortization In Income Statement": 66728000.0,
        "Selling General And Administration": 108025000.0,
        "General And Administrative Expense": 108025000.0,
        "Other Gand A": 108025000.0,
        "Gross Profit": -33487000.0,
        "Cost Of Revenue": 292052000.0,
        "Total Revenue": 258565000.0,
        "Operating Revenue": 258565000.0
    },
    "2024-01-31": {
        "Tax Effect Of Unusual Items": NaN,
        "Tax Rate For Calcs": NaN,
        "Normalized EBITDA": NaN,
        "Total Unusual Items": NaN,
        "Total Unusual Items Excluding Goodwill": NaN,
        "Net Income From Continuing Operation Net Minority Interest": NaN,
        "Reconciled Depreciation": NaN,
        "Reconciled Cost Of Revenue": NaN,
        "EBITDA": NaN,
        "EBIT": NaN,
        "Net Interest Income": NaN,
        "Interest Expense": NaN,
        "Normalized Income": NaN,
        "Net Income From Continuing And Discontinued Operation": NaN,
        "Total Expenses": NaN,
        "Total Operating Income As Reported": NaN,
        "Diluted Average Shares": NaN,
        "Basic Average Shares": NaN,
        "Diluted EPS": NaN,
        "Basic EPS": NaN,
        "Diluted NI Availto Com Stockholders": NaN,
        "Net Income Common Stockholders": NaN,
        "Net Income": NaN,
        "Minority Interests": NaN,
        "Net Income Including Noncontrolling Interests": NaN,
        "Net Income Continuous Operations": NaN,
        "Tax Provision": NaN,
        "Pretax Income": NaN,
        "Other Income Expense": NaN,
        "Special Income Charges": NaN,
        "Gain On Sale Of Ppe": NaN,
        "Restructuring And Mergern Acquisition": NaN,
        "Earnings From Equity Interest": NaN,
        "Gain On Sale Of Security": NaN,
        "Net Non Operating Interest Income Expense": NaN,
        "Total Other Finance Cost": 1700000.0,
        "Interest Expense Non Operating": NaN,
        "Operating Income": NaN,
        "Operating Expense": NaN,
        "Depreciation Amortization Depletion Income Statement": NaN,
        "Depreciation And Amortization In Income Statement": NaN,
        "Selling General And Administration": NaN,
        "General And Administrative Expense": NaN,
        "Other Gand A": NaN,
        "Gross Profit": NaN,
        "Cost Of Revenue": NaN,
        "Total Revenue": NaN,
        "Operating Revenue": NaN
    },
    "2024-04-30": {
        "Tax Effect Of Unusual Items": NaN,
        "Tax Rate For Calcs": NaN,
        "Normalized EBITDA": NaN,
        "Total Unusual Items": NaN,
        "Total Unusual Items Excluding Goodwill": NaN,
        "Net Income From Continuing Operation Net Minority Interest": NaN,
        "Reconciled Depreciation": NaN,
        "Reconciled Cost Of Revenue": NaN,
        "EBITDA": NaN,
        "EBIT": NaN,
        "Net Interest Income": NaN,
        "Interest Expense": NaN,
        "Normalized Income": NaN,
        "Net Income From Continuing And Discontinued Operation": NaN,
        "Total Expenses": NaN,
        "Total Operating Income As Reported": NaN,
        "Diluted Average Shares": NaN,
        "Basic Average Shares": NaN,
        "Diluted EPS": NaN,
        "Basic EPS": NaN,
        "Diluted NI Availto Com Stockholders": NaN,
        "Net Income Common Stockholders": NaN,
        "Net Income": NaN,
        "Minority Interests": NaN,
        "Net Income Including Noncontrolling Interests": NaN,
        "Net Income Continuous Operations": NaN,
        "Tax Provision": NaN,
        "Pretax Income": NaN,
        "Other Income Expense": NaN,
        "Special Income Charges": NaN,
        "Gain On Sale Of Ppe": NaN,
        "Restructuring And Mergern Acquisition": NaN,
        "Earnings From Equity Interest": NaN,
        "Gain On Sale Of Security": NaN,
        "Net Non Operating Interest Income Expense": NaN,
        "Total Other Finance Cost": 1600000.0,
        "Interest Expense Non Operating": NaN,
        "Operating Income": NaN,
        "Operating Expense": NaN,
        "Depreciation Amortization Depletion Income Statement": NaN,
        "Depreciation And Amortization In Income Statement": NaN,
        "Selling General And Administration": NaN,
        "General And Administrative Expense": NaN,
        "Other Gand A": NaN,
        "Gross Profit": NaN,
        "Cost Of Revenue": NaN,
        "Total Revenue": NaN,
        "Operating Revenue": NaN
    },
    "2024-07-31": {
        "Tax Effect Of Unusual Items": -1399772.343726,
        "Tax Rate For Calcs": 0.224971,
        "Normalized EBITDA": -110979000.0,
        "Total Unusual Items": -6222000.0,
        "Total Unusual Items Excluding Goodwill": -6222000.0,
        "Net Income From Continuing Operation Net Minority Interest": -175377000.0,
        "Reconciled Depreciation": 71880000.0,
        "Reconciled Cost Of Revenue": 285871000.0,
        "EBITDA": -117201000.0,
        "EBIT": -189081000.0,
        "Net Interest Income": -40671000.0,
        "Interest Expense": 45571000.0,
        "Normalized Income": -170554772.343726,
        "Net Income From Continuing And Discontinued Operation": -175377000.0,
        "Total Expenses": 452825000.0,
        "Total Operating Income As Reported": -198700000.0,
        "Diluted Average Shares": 37548000.0,
        "Basic Average Shares": 37548000.0,
        "Diluted EPS": -4.67,
        "Basic EPS": -4.67,
        "Diluted NI Availto Com Stockholders": -175377000.0,
        "Net Income Common Stockholders": -175377000.0,
        "Net Income": -175377000.0,
        "Minority Interests": 6485000.0,
        "Net Income Including Noncontrolling Interests": -181862000.0,
        "Net Income Continuous Operations": -181862000.0,
        "Tax Provision": -52790000.0,
        "Pretax Income": -234652000.0,
        "Other Income Expense": -6542000.0,
        "Special Income Charges": -11261000.0,
        "Gain On Sale Of Ppe": -6261000.0,
        "Restructuring And Mergern Acquisition": 5000000.0,
        "Earnings From Equity Interest": -320000.0,
        "Gain On Sale Of Security": 5039000.0,
        "Net Non Operating Interest Income Expense": -40671000.0,
        "Total Other Finance Cost": NaN,
        "Interest Expense Non Operating": 45571000.0,
        "Operating Income": -187439000.0,
        "Operating Expense": 166954000.0,
        "Depreciation Amortization Depletion Income Statement": 71880000.0,
        "Depreciation And Amortization In Income Statement": 71880000.0,
        "Selling General And Administration": 95074000.0,
        "General And Administrative Expense": 95074000.0,
        "Other Gand A": 95074000.0,
        "Gross Profit": -20485000.0,
        "Cost Of Revenue": 285871000.0,
        "Total Revenue": 265386000.0,
        "Operating Revenue": 265386000.0
    },
    "2024-10-31": {
        "Tax Effect Of Unusual Items": 3674582.033477,
        "Tax Rate For Calcs": 0.242915,
        "Normalized EBITDA": -141133000.0,
        "Total Unusual Items": 15127000.0,
        "Total Unusual Items Excluding Goodwill": 15127000.0,
        "Net Income From Continuing Operation Net Minority Interest": -173255000.0,
        "Reconciled Depreciation": 71544000.0,
        "Reconciled Cost Of Revenue": 296702000.0,
        "EBITDA": -126006000.0,
        "EBIT": -197550000.0,
        "Net Interest Income": -42797000.0,
        "Interest Expense": 42797000.0,
        "Normalized Income": -184707417.966523,
        "Net Income From Continuing And Discontinued Operation": -173255000.0,
        "Total Expenses": 475103000.0,
        "Total Operating Income As Reported": -201930000.0,
        "Diluted Average Shares": 37473000.0,
        "Basic Average Shares": 37473000.0,
        "Diluted EPS": -4.61,
        "Basic EPS": -4.61,
        "Diluted NI Availto Com Stockholders": -173255000.0,
        "Net Income Common Stockholders": -173255000.0,
        "Net Income": -173255000.0,
        "Minority Interests": 8708000.0,
        "Net Income Including Noncontrolling Interests": -181963000.0,
        "Net Income Continuous Operations": -181963000.0,
        "Tax Provision": -58384000.0,
        "Pretax Income": -240347000.0,
        "Other Income Expense": 17278000.0,
        "Special Income Charges": -3608000.0,
        "Gain On Sale Of Ppe": -1529000.0,
        "Restructuring And Mergern Acquisition": 2079000.0,
        "Earnings From Equity Interest": 2151000.0,
        "Gain On Sale Of Security": 18735000.0,
        "Net Non Operating Interest Income Expense": -42797000.0,
        "Total Other Finance Cost": NaN,
        "Interest Expense Non Operating": 42797000.0,
        "Operating Income": -214828000.0,
        "Operating Expense": 178401000.0,
        "Depreciation Amortization Depletion Income Statement": 71544000.0,
        "Depreciation And Amortization In Income Statement": 71544000.0,
        "Selling General And Administration": 106857000.0,
        "General And Administrative Expense": 106857000.0,
        "Other Gand A": 106857000.0,
        "Gross Profit": -36427000.0,
        "Cost Of Revenue": 296702000.0,
        "Total Revenue": 260275000.0,
        "Operating Revenue": 260275000.0
    },
    "2025-01-31": {
        "Tax Effect Of Unusual Items": 459079.0,
        "Tax Rate For Calcs": 0.251,
        "Normalized EBITDA": 458165000.0,
        "Total Unusual Items": 1829000.0,
        "Total Unusual Items Excluding Goodwill": 1829000.0,
        "Net Income From Continuing Operation Net Minority Interest": 245548000.0,
        "Reconciled Depreciation": 73196000.0,
        "Reconciled Cost Of Revenue": 565265000.0,
        "EBITDA": 459994000.0,
        "EBIT": 386798000.0,
        "Net Interest Income": -42368000.0,
        "Interest Expense": 42368000.0,
        "Normalized Income": 244178079.0,
        "Net Income From Continuing And Discontinued Operation": 245548000.0,
        "Total Expenses": 753001000.0,
        "Total Operating Income As Reported": 384417000.0,
        "Diluted Average Shares": 37382000.0,
        "Basic Average Shares": 37382000.0,
        "Diluted EPS": 6.56,
        "Basic EPS": 6.57,
        "Diluted NI Availto Com Stockholders": 245548000.0,
        "Net Income Common Stockholders": 245548000.0,
        "Net Income": 245548000.0,
        "Minority Interests": -12551000.0,
        "Net Income Including Noncontrolling Interests": 258099000.0,
        "Net Income Continuous Operations": 258099000.0,
        "Tax Provision": 86331000.0,
        "Pretax Income": 344430000.0,
        "Other Income Expense": 2574000.0,
        "Special Income Charges": 193000.0,
        "Gain On Sale Of Ppe": 293000.0,
        "Restructuring And Mergern Acquisition": 100000.0,
        "Earnings From Equity Interest": 745000.0,
        "Gain On Sale Of Security": 1636000.0,
        "Net Non Operating Interest Income Expense": -42368000.0,
        "Total Other Finance Cost": NaN,
        "Interest Expense Non Operating": 42368000.0,
        "Operating Income": 384224000.0,
        "Operating Expense": 187647000.0,
        "Depreciation Amortization Depletion Income Statement": 73107000.0,
        "Depreciation And Amortization In Income Statement": 73107000.0,
        "Selling General And Administration": 114540000.0,
        "General And Administrative Expense": 114540000.0,
        "Other Gand A": 114540000.0,
        "Gross Profit": 571871000.0,
        "Cost Of Revenue": 565354000.0,
        "Total Revenue": 1137225000.0,
        "Operating Revenue": 1137225000.0
    },
    "2025-04-30": {
        "Tax Effect Of Unusual Items": 3629040.0,
        "Tax Rate For Calcs": 0.24,
        "Normalized EBITDA": 646184000.0,
        "Total Unusual Items": 15121000.0,
        "Total Unusual Items Excluding Goodwill": 15121000.0,
        "Net Income From Continuing Operation Net Minority Interest": 392752000.0,
        "Reconciled Depreciation": 74618000.0,
        "Reconciled Cost Of Revenue": 544029000.0,
        "EBITDA": 661305000.0,
        "EBIT": 586687000.0,
        "Net Interest Income": -41317000.0,
        "Interest Expense": 41317000.0,
        "Normalized Income": 381260040.0,
        "Net Income From Continuing And Discontinued Operation": 392752000.0,
        "Total Expenses": 724658000.0,
        "Total Operating Income As Reported": 581165000.0,
        "Diluted Average Shares": 37277000.0,
        "Basic Average Shares": 37241000.0,
        "Diluted EPS": 10.54,
        "Basic EPS": 10.55,
        "Diluted NI Availto Com Stockholders": 392752000.0,
        "Net Income Common Stockholders": 392752000.0,
        "Net Income": 392752000.0,
        "Minority Interests": -21576000.0,
        "Net Income Including Noncontrolling Interests": 414328000.0,
        "Net Income Continuous Operations": 414328000.0,
        "Tax Provision": 131042000.0,
        "Pretax Income": 545370000.0,
        "Other Income Expense": 15787000.0,
        "Special Income Charges": 2367000.0,
        "Gain On Sale Of Ppe": 4267000.0,
        "Restructuring And Mergern Acquisition": 1900000.0,
        "Earnings From Equity Interest": 666000.0,
        "Gain On Sale Of Security": 12754000.0,
        "Net Non Operating Interest Income Expense": -41317000.0,
        "Total Other Finance Cost": NaN,
        "Interest Expense Non Operating": 41317000.0,
        "Operating Income": 570900000.0,
        "Operating Expense": 180629000.0,
        "Depreciation Amortization Depletion Income Statement": 74618000.0,
        "Depreciation And Amortization In Income Statement": 74618000.0,
        "Selling General And Administration": 106011000.0,
        "General And Administrative Expense": 106011000.0,
        "Other Gand A": 106011000.0,
        "Gross Profit": 751529000.0,
        "Cost Of Revenue": 544029000.0,
        "Total Revenue": 1295558000.0,
        "Operating Revenue": 1295558000.0
    },
    "2025-07-31": {
        "Tax Effect Of Unusual Items": 5964.948912,
        "Tax Rate For Calcs": 0.220924,
        "Normalized EBITDA": -124769000.0,
        "Total Unusual Items": 27000.0,
        "Total Unusual Items Excluding Goodwill": 27000.0,
        "Net Income From Continuing Operation Net Minority Interest": -185460000.0,
        "Reconciled Depreciation": 77079000.0,
        "Reconciled Cost Of Revenue": 290109000.0,
        "EBITDA": -124742000.0,
        "EBIT": -201821000.0,
        "Net Interest Income": -45789000.0,
        "Interest Expense": 45789000.0,
        "Normalized Income": -185481035.051088,
        "Net Income From Continuing And Discontinued Operation": -185460000.0,
        "Total Expenses": 473494000.0,
        "Total Operating Income As Reported": -203603000.0,
        "Diluted Average Shares": 36524000.0,
        "Basic Average Shares": 36524000.0,
        "Diluted EPS": -5.08,
        "Basic EPS": -5.08,
        "Diluted NI Availto Com Stockholders": -185460000.0,
        "Net Income Common Stockholders": -185460000.0,
        "Net Income": -185460000.0,
        "Minority Interests": 7447000.0,
        "Net Income Including Noncontrolling Interests": -192907000.0,
        "Net Income Continuous Operations": -192907000.0,
        "Tax Provision": -54703000.0,
        "Pretax Income": -247610000.0,
        "Other Income Expense": 384000.0,
        "Special Income Charges": -1398000.0,
        "Gain On Sale Of Ppe": 3902000.0,
        "Restructuring And Mergern Acquisition": 5300000.0,
        "Earnings From Equity Interest": 357000.0,
        "Gain On Sale Of Security": 1425000.0,
        "Net Non Operating Interest Income Expense": -45789000.0,
        "Total Other Finance Cost": NaN,
        "Interest Expense Non Operating": 45789000.0,
        "Operating Income": -202205000.0,
        "Operating Expense": 183385000.0,
        "Depreciation Amortization Depletion Income Statement": 77079000.0,
        "Depreciation And Amortization In Income Statement": 77079000.0,
        "Selling General And Administration": 106306000.0,
        "General And Administrative Expense": 106306000.0,
        "Other Gand A": 106306000.0,
        "Gross Profit": -18820000.0,
        "Cost Of Revenue": 290109000.0,
        "Total Revenue": 271289000.0,
        "Operating Revenue": 271289000.0
    },
    "2025-10-31": {
        "Tax Effect Of Unusual Items": 2018841.60407,
        "Tax Rate For Calcs": 0.235791,
        "Normalized EBITDA": -141229000.0,
        "Total Unusual Items": 8562000.0,
        "Total Unusual Items Excluding Goodwill": 8562000.0,
        "Net Income From Continuing Operation Net Minority Interest": -186752000.0,
        "Reconciled Depreciation": 73117000.0,
        "Reconciled Cost Of Revenue": 302927000.0,
        "EBITDA": -132667000.0,
        "EBIT": -205784000.0,
        "Net Interest Income": -51287000.0,
        "Interest Expense": 51287000.0,
        "Normalized Income": -193295158.39593,
        "Net Income From Continuing And Discontinued Operation": -186752000.0,
        "Total Expenses": 486468000.0,
        "Total Operating Income As Reported": -209821000.0,
        "Diluted Average Shares": 35910000.0,
        "Basic Average Shares": 35910000.0,
        "Diluted EPS": -5.2,
        "Basic EPS": -5.2,
        "Diluted NI Availto Com Stockholders": -186752000.0,
        "Net Income Common Stockholders": -186752000.0,
        "Net Income": -186752000.0,
        "Minority Interests": 9704000.0,
        "Net Income Including Noncontrolling Interests": -196456000.0,
        "Net Income Continuous Operations": -196456000.0,
        "Tax Provision": -60615000.0,
        "Pretax Income": -257071000.0,
        "Other Income Expense": 9655000.0,
        "Special Income Charges": -7402000.0,
        "Gain On Sale Of Ppe": -2763000.0,
        "Restructuring And Mergern Acquisition": 4639000.0,
        "Earnings From Equity Interest": 1093000.0,
        "Gain On Sale Of Security": 15964000.0,
        "Net Non Operating Interest Income Expense": -51287000.0,
        "Total Other Finance Cost": NaN,
        "Interest Expense Non Operating": 51287000.0,
        "Operating Income": -215439000.0,
        "Operating Expense": 183541000.0,
        "Depreciation Amortization Depletion Income Statement": 73117000.0,
        "Depreciation And Amortization In Income Statement": 73117000.0,
        "Selling General And Administration": 110424000.0,
        "General And Administrative Expense": 110424000.0,
        "Other Gand A": 110424000.0,
        "Gross Profit": -31898000.0,
        "Cost Of Revenue": 302927000.0,
        "Total Revenue": 271029000.0,
        "Operating Revenue": 271029000.0
    }
}