{
    "2023-03-31": {
        "Tax Effect Of Unusual Items": NaN,
        "Tax Rate For Calcs": NaN,
        "Normalized EBITDA": NaN,
        "Total Unusual Items": NaN,
        "Total Unusual Items Excluding Goodwill": NaN,
        "Net Income From Continuing Operation Net Minority Interest": NaN,
        "Reconciled Depreciation": NaN,
        "Reconciled Cost Of Revenue": NaN,
        "EBITDA": NaN,
        "EBIT": NaN,
        "Net Interest Income": NaN,
        "Interest Expense": NaN,
        "Normalized Income": NaN,
        "Net Income From Continuing And Discontinued Operation": NaN,
        "Total Expenses": NaN,
        "Total Operating Income As Reported": NaN,
        "Diluted Average Shares": NaN,
        "Basic Average Shares": NaN,
        "Diluted EPS": NaN,
        "Basic EPS": NaN,
        "Diluted NI Availto Com Stockholders": NaN,
        "Net Income Common Stockholders": NaN,
        "Net Income": NaN,
        "Net Income Including Noncontrolling Interests": NaN,
        "Net Income Continuous Operations": NaN,
        "Tax Provision": NaN,
        "Pretax Income": NaN,
        "Other Income Expense": NaN,
        "Other Non Operating Income Expenses": NaN,
        "Special Income Charges": NaN,
        "Gain On Sale Of Ppe": -5000.0,
        "Restructuring And Mergern Acquisition": NaN,
        "Gain On Sale Of Security": NaN,
        "Net Non Operating Interest Income Expense": NaN,
        "Interest Expense Non Operating": NaN,
        "Operating Income": NaN,
        "Operating Expense": NaN,
        "Other Operating Expenses": 3049000.0,
        "Depreciation Amortization Depletion Income Statement": NaN,
        "Depreciation And Amortization In Income Statement": NaN,
        "Amortization": NaN,
        "Amortization Of Intangibles Income Statement": NaN,
        "Research And Development": NaN,
        "Selling General And Administration": NaN,
        "Gross Profit": NaN,
        "Cost Of Revenue": NaN,
        "Total Revenue": NaN,
        "Operating Revenue": NaN
    },
    "2022-12-31": {
        "Tax Effect Of Unusual Items": NaN,
        "Tax Rate For Calcs": NaN,
        "Normalized EBITDA": NaN,
        "Total Unusual Items": NaN,
        "Total Unusual Items Excluding Goodwill": NaN,
        "Net Income From Continuing Operation Net Minority Interest": NaN,
        "Reconciled Depreciation": NaN,
        "Reconciled Cost Of Revenue": NaN,
        "EBITDA": NaN,
        "EBIT": NaN,
        "Net Interest Income": NaN,
        "Interest Expense": NaN,
        "Normalized Income": NaN,
        "Net Income From Continuing And Discontinued Operation": NaN,
        "Total Expenses": NaN,
        "Total Operating Income As Reported": NaN,
        "Diluted Average Shares": NaN,
        "Basic Average Shares": NaN,
        "Diluted EPS": NaN,
        "Basic EPS": NaN,
        "Diluted NI Availto Com Stockholders": NaN,
        "Net Income Common Stockholders": NaN,
        "Net Income": NaN,
        "Net Income Including Noncontrolling Interests": NaN,
        "Net Income Continuous Operations": NaN,
        "Tax Provision": NaN,
        "Pretax Income": NaN,
        "Other Income Expense": NaN,
        "Other Non Operating Income Expenses": NaN,
        "Special Income Charges": NaN,
        "Gain On Sale Of Ppe": 3000.0,
        "Restructuring And Mergern Acquisition": NaN,
        "Gain On Sale Of Security": NaN,
        "Net Non Operating Interest Income Expense": NaN,
        "Interest Expense Non Operating": NaN,
        "Operating Income": NaN,
        "Operating Expense": NaN,
        "Other Operating Expenses": 2902000.0,
        "Depreciation Amortization Depletion Income Statement": NaN,
        "Depreciation And Amortization In Income Statement": NaN,
        "Amortization": NaN,
        "Amortization Of Intangibles Income Statement": NaN,
        "Research And Development": NaN,
        "Selling General And Administration": NaN,
        "Gross Profit": NaN,
        "Cost Of Revenue": NaN,
        "Total Revenue": NaN,
        "Operating Revenue": NaN
    },
    "2022-09-30": {
        "Tax Effect Of Unusual Items": NaN,
        "Tax Rate For Calcs": NaN,
        "Normalized EBITDA": NaN,
        "Total Unusual Items": NaN,
        "Total Unusual Items Excluding Goodwill": NaN,
        "Net Income From Continuing Operation Net Minority Interest": NaN,
        "Reconciled Depreciation": NaN,
        "Reconciled Cost Of Revenue": NaN,
        "EBITDA": NaN,
        "EBIT": NaN,
        "Net Interest Income": NaN,
        "Interest Expense": NaN,
        "Normalized Income": NaN,
        "Net Income From Continuing And Discontinued Operation": NaN,
        "Total Expenses": NaN,
        "Total Operating Income As Reported": NaN,
        "Diluted Average Shares": NaN,
        "Basic Average Shares": NaN,
        "Diluted EPS": NaN,
        "Basic EPS": NaN,
        "Diluted NI Availto Com Stockholders": NaN,
        "Net Income Common Stockholders": NaN,
        "Net Income": NaN,
        "Net Income Including Noncontrolling Interests": NaN,
        "Net Income Continuous Operations": NaN,
        "Tax Provision": NaN,
        "Pretax Income": NaN,
        "Other Income Expense": NaN,
        "Other Non Operating Income Expenses": NaN,
        "Special Income Charges": NaN,
        "Gain On Sale Of Ppe": 1000.0,
        "Restructuring And Mergern Acquisition": NaN,
        "Gain On Sale Of Security": NaN,
        "Net Non Operating Interest Income Expense": NaN,
        "Interest Expense Non Operating": NaN,
        "Operating Income": NaN,
        "Operating Expense": NaN,
        "Other Operating Expenses": 3452000.0,
        "Depreciation Amortization Depletion Income Statement": NaN,
        "Depreciation And Amortization In Income Statement": NaN,
        "Amortization": NaN,
        "Amortization Of Intangibles Income Statement": NaN,
        "Research And Development": NaN,
        "Selling General And Administration": NaN,
        "Gross Profit": NaN,
        "Cost Of Revenue": NaN,
        "Total Revenue": NaN,
        "Operating Revenue": NaN
    },
    "2022-06-30": {
        "Tax Effect Of Unusual Items": -10203.0,
        "Tax Rate For Calcs": 0.179,
        "Normalized EBITDA": 45976000.0,
        "Total Unusual Items": -57000.0,
        "Total Unusual Items Excluding Goodwill": -57000.0,
        "Net Income From Continuing Operation Net Minority Interest": 23255000.0,
        "Reconciled Depreciation": 12891000.0,
        "Reconciled Cost Of Revenue": 348076000.0,
        "EBITDA": 45919000.0,
        "EBIT": 33028000.0,
        "Net Interest Income": -4701000.0,
        "Interest Expense": 4701000.0,
        "Normalized Income": 23301797.0,
        "Net Income From Continuing And Discontinued Operation": 23255000.0,
        "Total Expenses": 413378000.0,
        "Total Operating Income As Reported": 31860000.0,
        "Diluted Average Shares": 20723000.0,
        "Basic Average Shares": 20517000.0,
        "Diluted EPS": 1.12,
        "Basic EPS": 1.13,
        "Diluted NI Availto Com Stockholders": 23255000.0,
        "Net Income Common Stockholders": 23255000.0,
        "Net Income": 23255000.0,
        "Net Income Including Noncontrolling Interests": 23255000.0,
        "Net Income Continuous Operations": 23255000.0,
        "Tax Provision": 5072000.0,
        "Pretax Income": 28327000.0,
        "Other Income Expense": 1111000.0,
        "Other Non Operating Income Expenses": 1168000.0,
        "Special Income Charges": -29000.0,
        "Gain On Sale Of Ppe": -29000.0,
        "Restructuring And Mergern Acquisition": 0.0,
        "Gain On Sale Of Security": -28000.0,
        "Net Non Operating Interest Income Expense": -4701000.0,
        "Interest Expense Non Operating": 4701000.0,
        "Operating Income": 31917000.0,
        "Operating Expense": 55510000.0,
        "Other Operating Expenses": 2772000.0,
        "Depreciation Amortization Depletion Income Statement": 3099000.0,
        "Depreciation And Amortization In Income Statement": 3099000.0,
        "Amortization": 3099000.0,
        "Amortization Of Intangibles Income Statement": 3099000.0,
        "Research And Development": 7592000.0,
        "Selling General And Administration": 42047000.0,
        "Gross Profit": 87427000.0,
        "Cost Of Revenue": 357868000.0,
        "Total Revenue": 445295000.0,
        "Operating Revenue": 445295000.0
    },
    "2023-06-30": {
        "Tax Effect Of Unusual Items": NaN,
        "Tax Rate For Calcs": NaN,
        "Normalized EBITDA": NaN,
        "Total Unusual Items": NaN,
        "Total Unusual Items Excluding Goodwill": NaN,
        "Net Income From Continuing Operation Net Minority Interest": NaN,
        "Reconciled Depreciation": NaN,
        "Reconciled Cost Of Revenue": NaN,
        "EBITDA": NaN,
        "EBIT": NaN,
        "Net Interest Income": NaN,
        "Interest Expense": NaN,
        "Normalized Income": NaN,
        "Net Income From Continuing And Discontinued Operation": NaN,
        "Total Expenses": NaN,
        "Total Operating Income As Reported": NaN,
        "Diluted Average Shares": NaN,
        "Basic Average Shares": NaN,
        "Diluted EPS": NaN,
        "Basic EPS": NaN,
        "Diluted NI Availto Com Stockholders": NaN,
        "Net Income Common Stockholders": NaN,
        "Net Income": NaN,
        "Net Income Including Noncontrolling Interests": NaN,
        "Net Income Continuous Operations": NaN,
        "Tax Provision": NaN,
        "Pretax Income": NaN,
        "Other Income Expense": NaN,
        "Other Non Operating Income Expenses": NaN,
        "Special Income Charges": NaN,
        "Restructuring And Mergern Acquisition": NaN,
        "Gain On Sale Of Security": NaN,
        "Net Non Operating Interest Income Expense": NaN,
        "Interest Expense Non Operating": NaN,
        "Operating Income": NaN,
        "Operating Expense": NaN,
        "Other Operating Expenses": 2892000.0,
        "Depreciation Amortization Depletion Income Statement": NaN,
        "Depreciation And Amortization In Income Statement": NaN,
        "Amortization": NaN,
        "Amortization Of Intangibles Income Statement": NaN,
        "Research And Development": NaN,
        "Selling General And Administration": NaN,
        "Gross Profit": NaN,
        "Cost Of Revenue": NaN,
        "Total Revenue": NaN,
        "Operating Revenue": NaN
    },
    "2022-03-31": {
        "Diluted EPS": 0.68,
        "Total Revenue": 449,
        "Gross Profit": 75,
        "Operating Income": 20,
        "EBIT": 33,
        "Net Income": 14
    },
    "2021-12-31": {
        "Diluted EPS": 0.94,
        "Total Revenue": 397,
        "Gross Profit": 73,
        "Operating Income": 16,
        "EBIT": 28,
        "Net Income": 20
    },
    "2021-09-30": {
        "Diluted EPS": 0.88,
        "Total Revenue": 388,
        "Gross Profit": 74,
        "Operating Income": 21,
        "EBIT": 35,
        "Net Income": 18
    },
    "2021-06-30": {
        "Diluted EPS": 0.87,
        "Total Revenue": 371,
        "Gross Profit": 70,
        "Operating Income": 21,
        "EBIT": 31,
        "Net Income": 18
    },
    "2021-03-31": {
        "Diluted EPS": 0.81,
        "Total Revenue": 354,
        "Gross Profit": 67,
        "Operating Income": 20,
        "EBIT": 28,
        "Net Income": 17
    },
    "2020-12-31": {
        "Diluted EPS": 0.39,
        "Total Revenue": 340,
        "Gross Profit": 56,
        "Operating Income": 7,
        "EBIT": 17,
        "Net Income": 8
    },
    "2020-09-30": {
        "Diluted EPS": 0.27,
        "Total Revenue": 287,
        "Gross Profit": 45,
        "Operating Income": -1,
        "EBIT": 8,
        "Net Income": 5
    },
    "2020-06-30": {
        "Diluted EPS": 0.28,
        "Total Revenue": 271,
        "Gross Profit": 47,
        "Operating Income": 8,
        "EBIT": 17,
        "Net Income": 6
    },
    "2020-03-31": {
        "Diluted EPS": -0.19,
        "Total Revenue": 278,
        "Gross Profit": 45,
        "Operating Income": -6,
        "EBIT": 9,
        "Net Income": -4
    },
    "2019-12-31": {
        "Diluted EPS": 0.85,
        "Total Revenue": 280,
        "Gross Profit": 59,
        "Operating Income": 20,
        "EBIT": 30,
        "Net Income": 17
    },
    "2019-09-30": {
        "Diluted EPS": 0.17,
        "Total Revenue": 306,
        "Gross Profit": 65,
        "Operating Income": 6,
        "EBIT": 16,
        "Net Income": 3
    },
    "2019-06-30": {
        "Diluted EPS": 0.75,
        "Total Revenue": 298,
        "Gross Profit": 70,
        "Operating Income": 23,
        "EBIT": 37,
        "Net Income": 16
    },
    "2019-03-31": {
        "Diluted EPS": 0.82,
        "Total Revenue": 301,
        "Gross Profit": 69,
        "Operating Income": 21,
        "EBIT": 31,
        "Net Income": 17
    },
    "2018-12-31": {
        "Diluted EPS": -1.0,
        "Total Revenue": 298,
        "Gross Profit": 66,
        "Operating Income": 15,
        "EBIT": 30,
        "Net Income": -21
    },
    "2018-09-30": {
        "Diluted EPS": 0.97,
        "Total Revenue": 297,
        "Gross Profit": 65,
        "Operating Income": 19,
        "EBIT": 27,
        "Net Income": 20
    },
    "2018-06-30": {
        "Diluted EPS": 0.54,
        "Total Revenue": 309,
        "Gross Profit": 62,
        "Operating Income": 15,
        "EBIT": 25,
        "Net Income": 11
    },
    "2018-03-31": {
        "Diluted EPS": 0.51,
        "Total Revenue": 303,
        "Gross Profit": 58,
        "Operating Income": 13,
        "EBIT": 23,
        "Net Income": 11
    },
    "2017-12-31": {
        "Diluted EPS": -0.41,
        "Total Revenue": 309,
        "Gross Profit": 59,
        "Operating Income": 14,
        "EBIT": 29,
        "Net Income": -8
    },
    "2017-09-30": {
        "Diluted EPS": 0.46,
        "Total Revenue": 294,
        "Gross Profit": 55,
        "Operating Income": 12,
        "EBIT": 25,
        "Net Income": 9
    },
    "2017-06-30": {
        "Diluted EPS": 0.36,
        "Total Revenue": 296,
        "Gross Profit": 55,
        "Operating Income": 10,
        "EBIT": 21,
        "Net Income": 7
    },
    "2017-03-31": {
        "Diluted EPS": 0.15,
        "Total Revenue": 241,
        "Gross Profit": 43,
        "Operating Income": 4,
        "EBIT": 14,
        "Net Income": 3
    },
    "2016-12-31": {
        "Diluted EPS": 0.33,
        "Total Revenue": 234,
        "Gross Profit": 45,
        "Operating Income": 5,
        "EBIT": 21,
        "Net Income": 7
    },
    "2016-09-30": {
        "Diluted EPS": 0.4,
        "Total Revenue": 250,
        "Gross Profit": 51,
        "Operating Income": 10,
        "EBIT": 21,
        "Net Income": 8
    },
    "2016-06-30": {
        "Diluted EPS": 0.27,
        "Total Revenue": 250,
        "Gross Profit": 45,
        "Operating Income": 6,
        "EBIT": 18,
        "Net Income": 6
    },
    "2016-03-31": {
        "Diluted EPS": 0.27,
        "Total Revenue": 236,
        "Gross Profit": 43,
        "Operating Income": 8,
        "EBIT": 19,
        "Net Income": 5
    },
    "2015-12-31": {
        "Diluted EPS": 0.34,
        "Total Revenue": 214,
        "Gross Profit": 43,
        "Operating Income": 8,
        "EBIT": 18,
        "Net Income": 7
    },
    "2015-09-30": {
        "Diluted EPS": 0.36,
        "Total Revenue": 244,
        "Gross Profit": 44,
        "Operating Income": 11,
        "EBIT": 19,
        "Net Income": 7
    },
    "2015-06-30": {
        "Diluted EPS": 0.44,
        "Total Revenue": 277,
        "Gross Profit": 51,
        "Operating Income": 13,
        "EBIT": 22,
        "Net Income": 9
    },
    "2015-03-31": {
        "Diluted EPS": 0.44,
        "Total Revenue": 290,
        "Gross Profit": 52,
        "Operating Income": 13,
        "EBIT": 25,
        "Net Income": 9
    },
    "2014-12-31": {
        "Diluted EPS": 0.59,
        "Total Revenue": 288,
        "Gross Profit": 56,
        "Operating Income": 14,
        "EBIT": 25,
        "Net Income": 12
    },
    "2014-09-30": {
        "Diluted EPS": 0.61,
        "Total Revenue": 292,
        "Gross Profit": 55,
        "Operating Income": 18,
        "EBIT": 28,
        "Net Income": 13
    },
    "2014-06-30": {
        "Diluted EPS": 0.47,
        "Total Revenue": 288,
        "Gross Profit": 50,
        "Operating Income": 15,
        "EBIT": 25,
        "Net Income": 10
    },
    "2014-03-31": {
        "Diluted EPS": 0.35,
        "Total Revenue": 259,
        "Gross Profit": 45,
        "Operating Income": 11,
        "EBIT": 23,
        "Net Income": 7
    },
    "2013-12-31": {
        "Diluted EPS": 0.2,
        "Total Revenue": 286,
        "Gross Profit": 49,
        "Operating Income": 6,
        "EBIT": 17,
        "Net Income": 4
    },
    "2013-09-30": {
        "Diluted EPS": 0.24,
        "Total Revenue": 275,
        "Gross Profit": 44,
        "Operating Income": 5,
        "EBIT": 18,
        "Net Income": 5
    },
    "2013-06-30": {
        "Diluted EPS": 0.2,
        "Total Revenue": 306,
        "Gross Profit": 46,
        "Operating Income": 7,
        "EBIT": 17,
        "Net Income": 4
    },
    "2013-03-31": {
        "Diluted EPS": 0.33,
        "Total Revenue": 299,
        "Gross Profit": 48,
        "Operating Income": 10,
        "EBIT": 18,
        "Net Income": 7
    },
    "2012-12-31": {
        "Diluted EPS": 0.12,
        "Total Revenue": 304,
        "Gross Profit": 44,
        "Operating Income": 1,
        "EBIT": 9,
        "Net Income": 3
    },
    "2012-09-30": {
        "Diluted EPS": 0.39,
        "Total Revenue": 291,
        "Gross Profit": 52,
        "Operating Income": 13,
        "EBIT": 22,
        "Net Income": 8
    },
    "2012-06-30": {
        "Diluted EPS": 0.38,
        "Total Revenue": 325,
        "Gross Profit": 53,
        "Operating Income": 12,
        "EBIT": 21,
        "Net Income": 8
    },
    "2012-03-31": {
        "Diluted EPS": 0.3,
        "Total Revenue": 354,
        "Gross Profit": 49,
        "Operating Income": 10,
        "EBIT": 22,
        "Net Income": 6
    },
    "2011-12-31": {
        "Diluted EPS": 0.04,
        "Total Revenue": 334,
        "Gross Profit": 40,
        "Operating Income": 1,
        "EBIT": 12,
        "Net Income": 1
    },
    "2011-09-30": {
        "Diluted EPS": 0.65,
        "Total Revenue": 393,
        "Gross Profit": 57,
        "Operating Income": 17,
        "EBIT": 27,
        "Net Income": 14
    },
    "2011-06-30": {
        "Diluted EPS": 0.67,
        "Total Revenue": 425,
        "Gross Profit": 63,
        "Operating Income": 21,
        "EBIT": 31,
        "Net Income": 14
    },
    "2011-03-31": {
        "Diluted EPS": 0.57,
        "Total Revenue": 375,
        "Gross Profit": 56,
        "Operating Income": 18,
        "EBIT": 30,
        "Net Income": 12
    },
    "2010-12-31": {
        "Diluted EPS": 0.6,
        "Total Revenue": 356,
        "Gross Profit": 59,
        "Operating Income": 19,
        "EBIT": 29,
        "Net Income": 13
    },
    "2010-09-30": {
        "Diluted EPS": 0.65,
        "Total Revenue": 325,
        "Gross Profit": 58,
        "Operating Income": 21,
        "EBIT": 30,
        "Net Income": 13
    },
    "2010-06-30": {
        "Diluted EPS": 0.67,
        "Total Revenue": 326,
        "Gross Profit": 56,
        "Operating Income": 20,
        "EBIT": 29,
        "Net Income": 14
    },
    "2010-03-31": {
        "Diluted EPS": 0.33,
        "Total Revenue": 295,
        "Gross Profit": 49,
        "Operating Income": 13,
        "EBIT": 22,
        "Net Income": 7
    },
    "2009-12-31": {
        "Diluted EPS": -0.18,
        "Total Revenue": 215,
        "Gross Profit": 29,
        "Operating Income": -6,
        "EBIT": 2,
        "Net Income": -4
    },
    "2009-09-30": {
        "Diluted EPS": 0.01,
        "Total Revenue": 191,
        "Gross Profit": 25,
        "Operating Income": -1,
        "EBIT": 7,
        "Net Income": 0
    },
    "2009-06-30": {
        "Diluted EPS": -0.04,
        "Total Revenue": 174,
        "Gross Profit": 22,
        "Operating Income": -2,
        "EBIT": 7,
        "Net Income": -1
    },
    "2009-03-31": {
        "Diluted EPS": -0.4,
        "Total Revenue": 135,
        "Gross Profit": 15,
        "Operating Income": -11,
        "EBIT": -3,
        "Net Income": -8
    },
    "2023-09-30": {
        "Tax Effect Of Unusual Items": NaN,
        "Tax Rate For Calcs": NaN,
        "Normalized EBITDA": NaN,
        "Total Unusual Items": NaN,
        "Total Unusual Items Excluding Goodwill": NaN,
        "Net Income From Continuing Operation Net Minority Interest": NaN,
        "Reconciled Depreciation": NaN,
        "Reconciled Cost Of Revenue": NaN,
        "EBITDA": NaN,
        "EBIT": NaN,
        "Net Interest Income": NaN,
        "Interest Expense": NaN,
        "Normalized Income": NaN,
        "Net Income From Continuing And Discontinued Operation": NaN,
        "Total Expenses": NaN,
        "Total Operating Income As Reported": NaN,
        "Diluted Average Shares": 20905000.0,
        "Basic Average Shares": 20640000.0,
        "Diluted EPS": 1.27,
        "Basic EPS": 1.29,
        "Diluted NI Availto Com Stockholders": NaN,
        "Net Income Common Stockholders": NaN,
        "Net Income": NaN,
        "Net Income Including Noncontrolling Interests": NaN,
        "Net Income Continuous Operations": NaN,
        "Tax Provision": NaN,
        "Pretax Income": NaN,
        "Other Income Expense": NaN,
        "Other Non Operating Income Expenses": NaN,
        "Special Income Charges": NaN,
        "Restructuring And Mergern Acquisition": NaN,
        "Gain On Sale Of Security": NaN,
        "Net Non Operating Interest Income Expense": NaN,
        "Interest Expense Non Operating": NaN,
        "Operating Income": NaN,
        "Operating Expense": NaN,
        "Depreciation Amortization Depletion Income Statement": NaN,
        "Depreciation And Amortization In Income Statement": NaN,
        "Amortization": NaN,
        "Amortization Of Intangibles Income Statement": NaN,
        "Research And Development": NaN,
        "Selling General And Administration": NaN,
        "Gross Profit": NaN,
        "Cost Of Revenue": NaN,
        "Total Revenue": NaN,
        "Operating Revenue": NaN
    },
    "2023-12-31": {
        "Tax Effect Of Unusual Items": -3345.478534,
        "Tax Rate For Calcs": 0.012078,
        "Normalized EBITDA": 43606000.0,
        "Total Unusual Items": -277000.0,
        "Total Unusual Items Excluding Goodwill": -277000.0,
        "Net Income From Continuing Operation Net Minority Interest": 19468000.0,
        "Reconciled Depreciation": 15120000.0,
        "Reconciled Cost Of Revenue": 329681000.0,
        "EBITDA": 43329000.0,
        "EBIT": 28209000.0,
        "Net Interest Income": -8503000.0,
        "Interest Expense": 8503000.0,
        "Normalized Income": 19741654.521466,
        "Net Income From Continuing And Discontinued Operation": 19468000.0,
        "Total Expenses": 401330000.0,
        "Total Operating Income As Reported": 27640000.0,
        "Diluted Average Shares": 20936000.0,
        "Basic Average Shares": 20644000.0,
        "Diluted EPS": 0.93,
        "Basic EPS": 0.94,
        "Diluted NI Availto Com Stockholders": 19468000.0,
        "Net Income Common Stockholders": 19468000.0,
        "Net Income": 19468000.0,
        "Net Income Including Noncontrolling Interests": 19468000.0,
        "Net Income Continuous Operations": 19468000.0,
        "Tax Provision": 238000.0,
        "Pretax Income": 19706000.0,
        "Other Income Expense": 8496000.0,
        "Other Non Operating Income Expenses": 8773000.0,
        "Special Income Charges": -630000.0,
        "Restructuring And Mergern Acquisition": 630000.0,
        "Gain On Sale Of Security": 353000.0,
        "Net Non Operating Interest Income Expense": -8503000.0,
        "Interest Expense Non Operating": 8503000.0,
        "Operating Income": 19713000.0,
        "Operating Expense": 60002000.0,
        "Depreciation Amortization Depletion Income Statement": 3473000.0,
        "Depreciation And Amortization In Income Statement": 3473000.0,
        "Amortization": 3473000.0,
        "Amortization Of Intangibles Income Statement": 3473000.0,
        "Research And Development": 6442000.0,
        "Selling General And Administration": 39858000.0,
        "Gross Profit": 79715000.0,
        "Cost Of Revenue": 341328000.0,
        "Total Revenue": 421043000.0,
        "Operating Revenue": 421043000.0
    },
    "2024-03-31": {
        "Tax Effect Of Unusual Items": -168346.0,
        "Tax Rate For Calcs": 0.082,
        "Normalized EBITDA": 41130000.0,
        "Total Unusual Items": -2053000.0,
        "Total Unusual Items Excluding Goodwill": -2053000.0,
        "Net Income From Continuing Operation Net Minority Interest": 13409000.0,
        "Reconciled Depreciation": 16185000.0,
        "Reconciled Cost Of Revenue": 300737000.0,
        "EBITDA": 39077000.0,
        "EBIT": 22892000.0,
        "Net Interest Income": -8279000.0,
        "Interest Expense": 8279000.0,
        "Normalized Income": 15293654.0,
        "Net Income From Continuing And Discontinued Operation": 13409000.0,
        "Total Expenses": 359908000.0,
        "Total Operating Income As Reported": 22249000.0,
        "Diluted Average Shares": 20973000.0,
        "Basic Average Shares": 20679000.0,
        "Diluted EPS": 0.64,
        "Basic EPS": 0.65,
        "Diluted NI Availto Com Stockholders": 13409000.0,
        "Net Income Common Stockholders": 13409000.0,
        "Net Income": 13409000.0,
        "Net Income Including Noncontrolling Interests": 13409000.0,
        "Net Income Continuous Operations": 13409000.0,
        "Tax Provision": 1204000.0,
        "Pretax Income": 14613000.0,
        "Other Income Expense": -2487000.0,
        "Other Non Operating Income Expenses": -434000.0,
        "Special Income Charges": -1620000.0,
        "Restructuring And Mergern Acquisition": 1620000.0,
        "Gain On Sale Of Security": -433000.0,
        "Net Non Operating Interest Income Expense": -8279000.0,
        "Interest Expense Non Operating": 8279000.0,
        "Operating Income": 25379000.0,
        "Operating Expense": 45833000.0,
        "Depreciation Amortization Depletion Income Statement": 2847000.0,
        "Depreciation And Amortization In Income Statement": 2847000.0,
        "Amortization": 2847000.0,
        "Amortization Of Intangibles Income Statement": 2847000.0,
        "Research And Development": 7142000.0,
        "Selling General And Administration": 35844000.0,
        "Gross Profit": 71212000.0,
        "Cost Of Revenue": 314075000.0,
        "Total Revenue": 385287000.0,
        "Operating Revenue": 385287000.0
    },
    "2024-06-30": {
        "Tax Effect Of Unusual Items": -642396.0,
        "Tax Rate For Calcs": 0.204,
        "Normalized EBITDA": 52364000.0,
        "Total Unusual Items": -3149000.0,
        "Total Unusual Items Excluding Goodwill": -3149000.0,
        "Net Income From Continuing Operation Net Minority Interest": 19036000.0,
        "Reconciled Depreciation": 16513000.0,
        "Reconciled Cost Of Revenue": 331657000.0,
        "EBITDA": 49215000.0,
        "EBIT": 32702000.0,
        "Net Interest Income": -8802000.0,
        "Interest Expense": 8802000.0,
        "Normalized Income": 21542604.0,
        "Net Income From Continuing And Discontinued Operation": 19036000.0,
        "Total Expenses": 389473000.0,
        "Total Operating Income As Reported": 32062000.0,
        "Diluted Average Shares": 20914000.0,
        "Basic Average Shares": 20741000.0,
        "Diluted EPS": 0.91,
        "Basic EPS": 0.92,
        "Diluted NI Availto Com Stockholders": 19036000.0,
        "Net Income Common Stockholders": 19036000.0,
        "Net Income": 19036000.0,
        "Net Income Including Noncontrolling Interests": 19036000.0,
        "Net Income Continuous Operations": 19036000.0,
        "Tax Provision": 4864000.0,
        "Pretax Income": 23900000.0,
        "Other Income Expense": -3691000.0,
        "Other Non Operating Income Expenses": -542000.0,
        "Special Income Charges": -3048000.0,
        "Restructuring And Mergern Acquisition": 3048000.0,
        "Gain On Sale Of Security": -101000.0,
        "Net Non Operating Interest Income Expense": -8802000.0,
        "Interest Expense Non Operating": 8802000.0,
        "Operating Income": 36393000.0,
        "Operating Expense": 44466000.0,
        "Depreciation Amortization Depletion Income Statement": 3163000.0,
        "Depreciation And Amortization In Income Statement": 3163000.0,
        "Amortization": 3163000.0,
        "Amortization Of Intangibles Income Statement": 3163000.0,
        "Research And Development": 7702000.0,
        "Selling General And Administration": 33601000.0,
        "Gross Profit": 80859000.0,
        "Cost Of Revenue": 345007000.0,
        "Total Revenue": 425866000.0,
        "Operating Revenue": 425866000.0
    },
    "2024-09-30": {
        "Tax Effect Of Unusual Items": -72930.0,
        "Tax Rate For Calcs": 0.033,
        "Normalized EBITDA": 52704000.0,
        "Total Unusual Items": -2210000.0,
        "Total Unusual Items Excluding Goodwill": -2210000.0,
        "Net Income From Continuing Operation Net Minority Interest": 22294000.0,
        "Reconciled Depreciation": 18593000.0,
        "Reconciled Cost Of Revenue": 340401000.0,
        "EBITDA": 50494000.0,
        "EBIT": 31901000.0,
        "Net Interest Income": -8839000.0,
        "Interest Expense": 8839000.0,
        "Normalized Income": 24431070.0,
        "Net Income From Continuing And Discontinued Operation": 22294000.0,
        "Total Expenses": 401871000.0,
        "Total Operating Income As Reported": 31259000.0,
        "Diluted Average Shares": 20920000.0,
        "Basic Average Shares": 20749000.0,
        "Diluted EPS": 1.07,
        "Basic EPS": 1.07,
        "Diluted NI Availto Com Stockholders": 22294000.0,
        "Net Income Common Stockholders": 22294000.0,
        "Net Income": 22294000.0,
        "Net Income Including Noncontrolling Interests": 22294000.0,
        "Net Income Continuous Operations": 22294000.0,
        "Tax Provision": 768000.0,
        "Pretax Income": 23062000.0,
        "Other Income Expense": -2943000.0,
        "Other Non Operating Income Expenses": -733000.0,
        "Special Income Charges": -1493000.0,
        "Restructuring And Mergern Acquisition": 1493000.0,
        "Gain On Sale Of Security": -717000.0,
        "Net Non Operating Interest Income Expense": -8839000.0,
        "Interest Expense Non Operating": 8839000.0,
        "Operating Income": 34844000.0,
        "Operating Expense": 46094000.0,
        "Depreciation Amortization Depletion Income Statement": 3217000.0,
        "Depreciation And Amortization In Income Statement": 3217000.0,
        "Amortization": 3217000.0,
        "Amortization Of Intangibles Income Statement": 3217000.0,
        "Research And Development": 7868000.0,
        "Selling General And Administration": 35009000.0,
        "Gross Profit": 80938000.0,
        "Cost Of Revenue": 355777000.0,
        "Total Revenue": 436715000.0,
        "Operating Revenue": 436715000.0
    },
    "2024-12-31": {
        "Tax Effect Of Unusual Items": -16594830.0,
        "Tax Rate For Calcs": 0.21,
        "Normalized EBITDA": 58579000.0,
        "Total Unusual Items": -79023000.0,
        "Total Unusual Items Excluding Goodwill": -79023000.0,
        "Net Income From Continuing Operation Net Minority Interest": -48851000.0,
        "Reconciled Depreciation": 17385000.0,
        "Reconciled Cost Of Revenue": 329417000.0,
        "EBITDA": -20444000.0,
        "EBIT": -37829000.0,
        "Net Interest Income": -8844000.0,
        "Interest Expense": 8844000.0,
        "Normalized Income": 13577170.0,
        "Net Income From Continuing And Discontinued Operation": -48851000.0,
        "Total Expenses": 399829000.0,
        "Total Operating Income As Reported": -38347000.0,
        "Diluted Average Shares": NaN,
        "Basic Average Shares": NaN,
        "Diluted EPS": NaN,
        "Basic EPS": NaN,
        "Diluted NI Availto Com Stockholders": -48851000.0,
        "Net Income Common Stockholders": -48851000.0,
        "Net Income": -48851000.0,
        "Net Income Including Noncontrolling Interests": -48851000.0,
        "Net Income Continuous Operations": -48851000.0,
        "Tax Provision": 2178000.0,
        "Pretax Income": -46673000.0,
        "Other Income Expense": -74871000.0,
        "Other Non Operating Income Expenses": 4152000.0,
        "Special Income Charges": -80300000.0,
        "Restructuring And Mergern Acquisition": 687000.0,
        "Gain On Sale Of Security": 1277000.0,
        "Net Non Operating Interest Income Expense": -8844000.0,
        "Interest Expense Non Operating": 8844000.0,
        "Operating Income": 37042000.0,
        "Operating Expense": 55934000.0,
        "Depreciation Amortization Depletion Income Statement": 2907000.0,
        "Depreciation And Amortization In Income Statement": 2907000.0,
        "Amortization": 2907000.0,
        "Amortization Of Intangibles Income Statement": 2907000.0,
        "Research And Development": 6316000.0,
        "Selling General And Administration": 41134000.0,
        "Gross Profit": 92976000.0,
        "Cost Of Revenue": 343895000.0,
        "Total Revenue": 436871000.0,
        "Operating Revenue": 436871000.0
    }
}