{
    "2023-03-31": {
        "Tax Effect Of Unusual Items": NaN,
        "Tax Rate For Calcs": NaN,
        "Normalized EBITDA": NaN,
        "Total Unusual Items": NaN,
        "Total Unusual Items Excluding Goodwill": NaN,
        "Net Income From Continuing Operation Net Minority Interest": NaN,
        "Reconciled Depreciation": NaN,
        "Reconciled Cost Of Revenue": NaN,
        "EBITDA": NaN,
        "EBIT": NaN,
        "Net Interest Income": NaN,
        "Interest Expense": NaN,
        "Interest Income": NaN,
        "Normalized Income": NaN,
        "Net Income From Continuing And Discontinued Operation": NaN,
        "Total Expenses": NaN,
        "Total Operating Income As Reported": NaN,
        "Diluted Average Shares": NaN,
        "Basic Average Shares": NaN,
        "Diluted EPS": NaN,
        "Basic EPS": NaN,
        "Diluted NI Availto Com Stockholders": NaN,
        "Net Income Common Stockholders": NaN,
        "Net Income": NaN,
        "Net Income Including Noncontrolling Interests": NaN,
        "Net Income Continuous Operations": NaN,
        "Tax Provision": NaN,
        "Pretax Income": NaN,
        "Other Income Expense": NaN,
        "Other Non Operating Income Expenses": NaN,
        "Special Income Charges": NaN,
        "Impairment Of Capital Assets": 0.0,
        "Restructuring And Mergern Acquisition": NaN,
        "Net Non Operating Interest Income Expense": NaN,
        "Interest Expense Non Operating": NaN,
        "Interest Income Non Operating": NaN,
        "Operating Income": NaN,
        "Operating Expense": NaN,
        "Selling General And Administration": NaN,
        "Gross Profit": NaN,
        "Cost Of Revenue": NaN,
        "Total Revenue": NaN,
        "Operating Revenue": NaN
    },
    "2022-12-31": {
        "Tax Effect Of Unusual Items": NaN,
        "Tax Rate For Calcs": NaN,
        "Normalized EBITDA": NaN,
        "Total Unusual Items": NaN,
        "Total Unusual Items Excluding Goodwill": NaN,
        "Net Income From Continuing Operation Net Minority Interest": NaN,
        "Reconciled Depreciation": NaN,
        "Reconciled Cost Of Revenue": NaN,
        "EBITDA": NaN,
        "EBIT": NaN,
        "Net Interest Income": NaN,
        "Interest Expense": NaN,
        "Interest Income": NaN,
        "Normalized Income": NaN,
        "Net Income From Continuing And Discontinued Operation": NaN,
        "Total Expenses": NaN,
        "Total Operating Income As Reported": NaN,
        "Diluted Average Shares": NaN,
        "Basic Average Shares": NaN,
        "Diluted EPS": NaN,
        "Basic EPS": NaN,
        "Diluted NI Availto Com Stockholders": NaN,
        "Net Income Common Stockholders": NaN,
        "Net Income": NaN,
        "Net Income Including Noncontrolling Interests": NaN,
        "Net Income Continuous Operations": NaN,
        "Tax Provision": NaN,
        "Pretax Income": NaN,
        "Other Income Expense": NaN,
        "Other Non Operating Income Expenses": NaN,
        "Special Income Charges": NaN,
        "Impairment Of Capital Assets": 12316000.0,
        "Restructuring And Mergern Acquisition": NaN,
        "Net Non Operating Interest Income Expense": NaN,
        "Interest Expense Non Operating": NaN,
        "Interest Income Non Operating": NaN,
        "Operating Income": NaN,
        "Operating Expense": NaN,
        "Selling General And Administration": NaN,
        "Gross Profit": NaN,
        "Cost Of Revenue": NaN,
        "Total Revenue": NaN,
        "Operating Revenue": NaN
    },
    "2022-09-30": {
        "Tax Effect Of Unusual Items": 0.0,
        "Tax Rate For Calcs": 0.0,
        "Normalized EBITDA": -4853000.0,
        "Total Unusual Items": -1287000.0,
        "Total Unusual Items Excluding Goodwill": -1287000.0,
        "Net Income From Continuing Operation Net Minority Interest": -6512000.0,
        "Reconciled Depreciation": 3642000.0,
        "Reconciled Cost Of Revenue": 195423000.0,
        "EBITDA": -6140000.0,
        "EBIT": -6140000.0,
        "Net Interest Income": -348000.0,
        "Interest Expense": 372000.0,
        "Interest Income": 24000.0,
        "Normalized Income": -5225000.0,
        "Net Income From Continuing And Discontinued Operation": -6512000.0,
        "Total Expenses": 212234000.0,
        "Total Operating Income As Reported": -5090000.0,
        "Diluted Average Shares": 26862000.0,
        "Basic Average Shares": 26862000.0,
        "Diluted EPS": -0.24,
        "Basic EPS": -0.24,
        "Diluted NI Availto Com Stockholders": -6512000.0,
        "Net Income Common Stockholders": -6512000.0,
        "Net Income": -6512000.0,
        "Net Income Including Noncontrolling Interests": -6512000.0,
        "Net Income Continuous Operations": -6512000.0,
        "Tax Provision": 0.0,
        "Pretax Income": -6512000.0,
        "Other Income Expense": -2361000.0,
        "Other Non Operating Income Expenses": -1074000.0,
        "Special Income Charges": -1287000.0,
        "Impairment Of Capital Assets": NaN,
        "Restructuring And Mergern Acquisition": 1287000.0,
        "Net Non Operating Interest Income Expense": -348000.0,
        "Interest Expense Non Operating": 372000.0,
        "Interest Income Non Operating": 24000.0,
        "Operating Income": -3803000.0,
        "Operating Expense": 16811000.0,
        "Selling General And Administration": 16811000.0,
        "Gross Profit": 13008000.0,
        "Cost Of Revenue": 195423000.0,
        "Total Revenue": 208431000.0,
        "Operating Revenue": 208431000.0
    },
    "2022-06-30": {
        "Tax Effect Of Unusual Items": -3696.0,
        "Tax Rate For Calcs": 0.004,
        "Normalized EBITDA": 14679000.0,
        "Total Unusual Items": -924000.0,
        "Total Unusual Items Excluding Goodwill": -924000.0,
        "Net Income From Continuing Operation Net Minority Interest": 13456000.0,
        "Reconciled Depreciation": 3697000.0,
        "Reconciled Cost Of Revenue": 199861000.0,
        "EBITDA": 13755000.0,
        "EBIT": 13755000.0,
        "Net Interest Income": -225000.0,
        "Interest Expense": 246000.0,
        "Interest Income": 21000.0,
        "Normalized Income": 14376304.0,
        "Net Income From Continuing And Discontinued Operation": 13456000.0,
        "Total Expenses": 217959000.0,
        "Total Operating Income As Reported": -18164000.0,
        "Diluted Average Shares": 26790000.0,
        "Basic Average Shares": 26790000.0,
        "Diluted EPS": 0.5,
        "Basic EPS": 0.5,
        "Diluted NI Availto Com Stockholders": 13456000.0,
        "Net Income Common Stockholders": 13456000.0,
        "Net Income": 13456000.0,
        "Net Income Including Noncontrolling Interests": 13456000.0,
        "Net Income Continuous Operations": 13456000.0,
        "Tax Provision": 53000.0,
        "Pretax Income": 13509000.0,
        "Other Income Expense": 30974000.0,
        "Other Non Operating Income Expenses": 31898000.0,
        "Special Income Charges": -924000.0,
        "Impairment Of Capital Assets": 0.0,
        "Restructuring And Mergern Acquisition": 924000.0,
        "Net Non Operating Interest Income Expense": -225000.0,
        "Interest Expense Non Operating": 246000.0,
        "Interest Income Non Operating": 21000.0,
        "Operating Income": -17240000.0,
        "Operating Expense": 18098000.0,
        "Selling General And Administration": 18098000.0,
        "Gross Profit": 858000.0,
        "Cost Of Revenue": 199861000.0,
        "Total Revenue": 200719000.0,
        "Operating Revenue": 200719000.0
    },
    "2022-03-31": {
        "Diluted EPS": -1.3,
        "Total Revenue": 177,
        "Gross Profit": -2,
        "Operating Income": -36,
        "EBIT": -14,
        "Net Income": -35
    },
    "2021-12-31": {
        "Diluted EPS": -0.93,
        "Total Revenue": 162,
        "Gross Profit": 3,
        "Operating Income": -13,
        "EBIT": -10,
        "Net Income": -25
    },
    "2021-09-30": {
        "Diluted EPS": -0.66,
        "Total Revenue": 168,
        "Gross Profit": -4,
        "Operating Income": -21,
        "EBIT": -15,
        "Net Income": -18
    },
    "2021-06-30": {
        "Diluted EPS": -0.4,
        "Total Revenue": 175,
        "Gross Profit": 2,
        "Operating Income": -16,
        "EBIT": -12,
        "Net Income": -11
    },
    "2021-03-31": {
        "Diluted EPS": -0.49,
        "Total Revenue": 148,
        "Gross Profit": 2,
        "Operating Income": -17,
        "EBIT": -13,
        "Net Income": -13
    },
    "2020-12-31": {
        "Diluted EPS": -0.17,
        "Total Revenue": 167,
        "Gross Profit": 15,
        "Operating Income": -6,
        "EBIT": -2,
        "Net Income": -5
    },
    "2020-09-30": {
        "Diluted EPS": -0.12,
        "Total Revenue": 183,
        "Gross Profit": 14,
        "Operating Income": -3,
        "EBIT": 1,
        "Net Income": -3
    },
    "2020-06-30": {
        "Diluted EPS": -0.21,
        "Total Revenue": 196,
        "Gross Profit": 19,
        "Operating Income": -8,
        "EBIT": -3,
        "Net Income": -6
    },
    "2020-03-31": {
        "Diluted EPS": -0.21,
        "Total Revenue": 248,
        "Gross Profit": 20,
        "Operating Income": -6,
        "EBIT": -1,
        "Net Income": -5
    },
    "2019-12-31": {
        "Diluted EPS": -1.04,
        "Total Revenue": 319,
        "Gross Profit": 30,
        "Operating Income": -32,
        "EBIT": 12,
        "Net Income": -28
    },
    "2019-09-30": {
        "Diluted EPS": 0.22,
        "Total Revenue": 338,
        "Gross Profit": 32,
        "Operating Income": 9,
        "EBIT": 14,
        "Net Income": 6
    },
    "2019-06-30": {
        "Diluted EPS": 0.46,
        "Total Revenue": 399,
        "Gross Profit": 44,
        "Operating Income": 17,
        "EBIT": 22,
        "Net Income": 13
    },
    "2019-03-31": {
        "Diluted EPS": 0.33,
        "Total Revenue": 359,
        "Gross Profit": 37,
        "Operating Income": 13,
        "EBIT": 17,
        "Net Income": 9
    },
    "2018-12-31": {
        "Diluted EPS": 0.14,
        "Total Revenue": 341,
        "Gross Profit": 28,
        "Operating Income": 6,
        "EBIT": 10,
        "Net Income": 4
    },
    "2018-09-30": {
        "Diluted EPS": 0.08,
        "Total Revenue": 319,
        "Gross Profit": 23,
        "Operating Income": 2,
        "EBIT": 7,
        "Net Income": 2
    },
    "2018-06-30": {
        "Diluted EPS": -0.55,
        "Total Revenue": 293,
        "Gross Profit": 21,
        "Operating Income": -17,
        "EBIT": 6,
        "Net Income": -15
    },
    "2018-03-31": {
        "Diluted EPS": -0.19,
        "Total Revenue": 246,
        "Gross Profit": 15,
        "Operating Income": -6,
        "EBIT": -1,
        "Net Income": -5
    },
    "2017-12-31": {
        "Diluted EPS": 0.17,
        "Total Revenue": 283,
        "Gross Profit": 27,
        "Operating Income": 5,
        "EBIT": 10,
        "Net Income": 5
    },
    "2017-09-30": {
        "Diluted EPS": 0.14,
        "Total Revenue": 270,
        "Gross Profit": 29,
        "Operating Income": 7,
        "EBIT": 13,
        "Net Income": 4
    },
    "2017-06-30": {
        "Diluted EPS": -0.04,
        "Total Revenue": 292,
        "Gross Profit": 23,
        "Operating Income": 4,
        "EBIT": 9,
        "Net Income": -1
    },
    "2017-03-31": {
        "Diluted EPS": -0.52,
        "Total Revenue": 251,
        "Gross Profit": -3,
        "Operating Income": -21,
        "EBIT": -15,
        "Net Income": -14
    },
    "2016-12-31": {
        "Diluted EPS": 0.2,
        "Total Revenue": 313,
        "Gross Profit": 28,
        "Operating Income": 8,
        "EBIT": 13,
        "Net Income": 5
    },
    "2016-09-30": {
        "Diluted EPS": 0.35,
        "Total Revenue": 342,
        "Gross Profit": 32,
        "Operating Income": 14,
        "EBIT": 19,
        "Net Income": 9
    },
    "2016-06-30": {
        "Diluted EPS": 0.34,
        "Total Revenue": 360,
        "Gross Profit": 34,
        "Operating Income": 14,
        "EBIT": 20,
        "Net Income": 9
    },
    "2016-03-31": {
        "Diluted EPS": 0.16,
        "Total Revenue": 309,
        "Gross Profit": 27,
        "Operating Income": 6,
        "EBIT": 12,
        "Net Income": 4
    },
    "2015-12-31": {
        "Diluted EPS": 0.2,
        "Total Revenue": 324,
        "Gross Profit": 30,
        "Operating Income": 5,
        "EBIT": 10,
        "Net Income": 5
    },
    "2015-09-30": {
        "Diluted EPS": 0.37,
        "Total Revenue": 319,
        "Gross Profit": 35,
        "Operating Income": 15,
        "EBIT": 21,
        "Net Income": 10
    },
    "2015-06-30": {
        "Diluted EPS": 0.4,
        "Total Revenue": 364,
        "Gross Profit": 40,
        "Operating Income": 18,
        "EBIT": 25,
        "Net Income": 11
    },
    "2015-03-31": {
        "Diluted EPS": -0.11,
        "Total Revenue": 314,
        "Gross Profit": 3,
        "Operating Income": -14,
        "EBIT": -9,
        "Net Income": -3
    },
    "2014-12-31": {
        "Diluted EPS": 0.12,
        "Total Revenue": 343,
        "Gross Profit": 16,
        "Operating Income": -4,
        "EBIT": 2,
        "Net Income": 3
    },
    "2014-09-30": {
        "Diluted EPS": 0.22,
        "Total Revenue": 322,
        "Gross Profit": 28,
        "Operating Income": 9,
        "EBIT": 14,
        "Net Income": 6
    },
    "2014-06-30": {
        "Diluted EPS": 0.28,
        "Total Revenue": 344,
        "Gross Profit": 37,
        "Operating Income": 14,
        "EBIT": 20,
        "Net Income": 8
    },
    "2014-03-31": {
        "Diluted EPS": 0.42,
        "Total Revenue": 382,
        "Gross Profit": 40,
        "Operating Income": 19,
        "EBIT": 24,
        "Net Income": 11
    },
    "2013-12-31": {
        "Diluted EPS": 0.38,
        "Total Revenue": 311,
        "Gross Profit": 34,
        "Operating Income": 15,
        "EBIT": 19,
        "Net Income": 10
    },
    "2013-09-30": {
        "Diluted EPS": 0.25,
        "Total Revenue": 226,
        "Gross Profit": 25,
        "Operating Income": 11,
        "EBIT": 14,
        "Net Income": 7
    },
    "2013-06-30": {
        "Diluted EPS": 0.27,
        "Total Revenue": 236,
        "Gross Profit": 27,
        "Operating Income": 12,
        "EBIT": 15,
        "Net Income": 7
    },
    "2013-03-31": {
        "Diluted EPS": 0.25,
        "Total Revenue": 226,
        "Gross Profit": 23,
        "Operating Income": 8,
        "EBIT": 12,
        "Net Income": 7
    },
    "2012-12-31": {
        "Diluted EPS": 0.21,
        "Total Revenue": 221,
        "Gross Profit": 22,
        "Operating Income": 9,
        "EBIT": 12,
        "Net Income": 5
    },
    "2012-09-30": {
        "Diluted EPS": 0.18,
        "Total Revenue": 210,
        "Gross Profit": 22,
        "Operating Income": 8,
        "EBIT": 11,
        "Net Income": 5
    },
    "2012-06-30": {
        "Diluted EPS": 0.06,
        "Total Revenue": 185,
        "Gross Profit": 19,
        "Operating Income": 6,
        "EBIT": 9,
        "Net Income": 2
    },
    "2012-03-31": {
        "Diluted EPS": 0.19,
        "Total Revenue": 184,
        "Gross Profit": 20,
        "Operating Income": 7,
        "EBIT": 10,
        "Net Income": 5
    },
    "2011-12-31": {
        "Diluted EPS": 0.27,
        "Total Revenue": 201,
        "Gross Profit": 23,
        "Operating Income": 11,
        "EBIT": 14,
        "Net Income": 7
    },
    "2011-09-30": {
        "Diluted EPS": 0.13,
        "Total Revenue": 169,
        "Gross Profit": 18,
        "Operating Income": 7,
        "EBIT": 9,
        "Net Income": 4
    },
    "2011-06-30": {
        "Diluted EPS": 0.21,
        "Total Revenue": 164,
        "Gross Profit": 21,
        "Operating Income": 10,
        "EBIT": 12,
        "Net Income": 6
    },
    "2011-03-31": {
        "Diluted EPS": 0.18,
        "Total Revenue": 136,
        "Gross Profit": 19,
        "Operating Income": 8,
        "EBIT": 10,
        "Net Income": 5
    },
    "2010-12-31": {
        "Diluted EPS": 0.2,
        "Total Revenue": 175,
        "Gross Profit": 20,
        "Operating Income": 9,
        "EBIT": 11,
        "Net Income": 5
    },
    "2010-09-30": {
        "Diluted EPS": 0.12,
        "Total Revenue": 152,
        "Gross Profit": 16,
        "Operating Income": 5,
        "EBIT": 8,
        "Net Income": 3
    },
    "2010-06-30": {
        "Diluted EPS": -0.16,
        "Total Revenue": 141,
        "Gross Profit": 4,
        "Operating Income": -7,
        "EBIT": -4,
        "Net Income": -4
    },
    "2010-03-31": {
        "Diluted EPS": 0.0,
        "Total Revenue": 122,
        "Gross Profit": 13,
        "Operating Income": 0,
        "EBIT": 3,
        "Net Income": 0
    },
    "2009-12-31": {
        "Diluted EPS": 0.17,
        "Total Revenue": 150,
        "Gross Profit": 18,
        "Operating Income": 7,
        "EBIT": 10,
        "Net Income": 5
    },
    "2009-09-30": {
        "Diluted EPS": 0.17,
        "Total Revenue": 138,
        "Gross Profit": 17,
        "Operating Income": 7,
        "EBIT": 10,
        "Net Income": 5
    },
    "2009-05-31": {
        "Diluted EPS": 0.0,
        "Total Revenue": NaN,
        "Gross Profit": NaN,
        "Operating Income": NaN,
        "EBIT": NaN,
        "Net Income": NaN
    },
    "2009-03-31": {
        "Diluted EPS": 0.16,
        "Total Revenue": 146,
        "Gross Profit": 18,
        "Operating Income": 7,
        "EBIT": 10,
        "Net Income": 4
    },
    "2009-02-28": {
        "Diluted EPS": 0.16,
        "Total Revenue": 146,
        "Gross Profit": 18,
        "Operating Income": 7,
        "EBIT": 10,
        "Net Income": 4
    },
    "2023-06-30": {
        "Tax Effect Of Unusual Items": NaN,
        "Tax Rate For Calcs": NaN,
        "Normalized EBITDA": NaN,
        "Total Unusual Items": -261000.0,
        "Total Unusual Items Excluding Goodwill": -261000.0,
        "Net Income From Continuing Operation Net Minority Interest": NaN,
        "Reconciled Depreciation": NaN,
        "Reconciled Cost Of Revenue": NaN,
        "EBITDA": NaN,
        "EBIT": NaN,
        "Net Interest Income": NaN,
        "Interest Expense": NaN,
        "Interest Income": NaN,
        "Normalized Income": NaN,
        "Net Income From Continuing And Discontinued Operation": NaN,
        "Total Expenses": NaN,
        "Total Operating Income As Reported": NaN,
        "Diluted Average Shares": NaN,
        "Basic Average Shares": NaN,
        "Diluted EPS": NaN,
        "Basic EPS": NaN,
        "Diluted NI Availto Com Stockholders": NaN,
        "Net Income Common Stockholders": NaN,
        "Net Income": NaN,
        "Net Income Including Noncontrolling Interests": NaN,
        "Net Income Continuous Operations": NaN,
        "Tax Provision": NaN,
        "Pretax Income": NaN,
        "Other Income Expense": NaN,
        "Other Non Operating Income Expenses": NaN,
        "Special Income Charges": -261000.0,
        "Impairment Of Capital Assets": 0.0,
        "Restructuring And Mergern Acquisition": 261000.0,
        "Net Non Operating Interest Income Expense": NaN,
        "Interest Expense Non Operating": NaN,
        "Interest Income Non Operating": NaN,
        "Operating Income": NaN,
        "Operating Expense": NaN,
        "Selling General And Administration": NaN,
        "Gross Profit": NaN,
        "Cost Of Revenue": NaN,
        "Total Revenue": NaN,
        "Operating Revenue": NaN
    },
    "2023-09-30": {
        "Tax Effect Of Unusual Items": NaN,
        "Tax Rate For Calcs": NaN,
        "Normalized EBITDA": NaN,
        "Total Unusual Items": 0.0,
        "Total Unusual Items Excluding Goodwill": 0.0,
        "Net Income From Continuing Operation Net Minority Interest": NaN,
        "Reconciled Depreciation": NaN,
        "Reconciled Cost Of Revenue": NaN,
        "EBITDA": NaN,
        "EBIT": NaN,
        "Net Interest Income": NaN,
        "Interest Expense": NaN,
        "Interest Income": NaN,
        "Normalized Income": NaN,
        "Net Income From Continuing And Discontinued Operation": NaN,
        "Total Expenses": NaN,
        "Total Operating Income As Reported": NaN,
        "Diluted Average Shares": NaN,
        "Basic Average Shares": NaN,
        "Diluted EPS": NaN,
        "Basic EPS": NaN,
        "Diluted NI Availto Com Stockholders": NaN,
        "Net Income Common Stockholders": NaN,
        "Net Income": NaN,
        "Net Income Including Noncontrolling Interests": NaN,
        "Net Income Continuous Operations": NaN,
        "Tax Provision": NaN,
        "Pretax Income": NaN,
        "Other Income Expense": NaN,
        "Other Non Operating Income Expenses": NaN,
        "Special Income Charges": 0.0,
        "Impairment Of Capital Assets": NaN,
        "Restructuring And Mergern Acquisition": 0.0,
        "Net Non Operating Interest Income Expense": NaN,
        "Interest Expense Non Operating": NaN,
        "Interest Income Non Operating": NaN,
        "Operating Income": NaN,
        "Operating Expense": NaN,
        "Selling General And Administration": NaN,
        "Gross Profit": NaN,
        "Cost Of Revenue": NaN,
        "Total Revenue": NaN,
        "Operating Revenue": NaN
    },
    "2023-12-31": {
        "Tax Effect Of Unusual Items": NaN,
        "Tax Rate For Calcs": NaN,
        "Normalized EBITDA": NaN,
        "Total Unusual Items": 0.0,
        "Total Unusual Items Excluding Goodwill": 0.0,
        "Net Income From Continuing Operation Net Minority Interest": NaN,
        "Reconciled Depreciation": NaN,
        "Reconciled Cost Of Revenue": NaN,
        "EBITDA": NaN,
        "EBIT": NaN,
        "Net Interest Income": NaN,
        "Interest Expense": NaN,
        "Interest Income": NaN,
        "Normalized Income": NaN,
        "Net Income From Continuing And Discontinued Operation": NaN,
        "Total Expenses": NaN,
        "Total Operating Income As Reported": NaN,
        "Diluted Average Shares": NaN,
        "Basic Average Shares": NaN,
        "Diluted EPS": NaN,
        "Basic EPS": NaN,
        "Diluted NI Availto Com Stockholders": NaN,
        "Net Income Common Stockholders": NaN,
        "Net Income": NaN,
        "Net Income Including Noncontrolling Interests": NaN,
        "Net Income Continuous Operations": NaN,
        "Tax Provision": NaN,
        "Pretax Income": NaN,
        "Other Income Expense": NaN,
        "Other Non Operating Income Expenses": NaN,
        "Special Income Charges": 0.0,
        "Impairment Of Capital Assets": 0.0,
        "Restructuring And Mergern Acquisition": 0.0,
        "Net Non Operating Interest Income Expense": NaN,
        "Interest Expense Non Operating": NaN,
        "Interest Income Non Operating": NaN,
        "Operating Income": NaN,
        "Operating Expense": NaN,
        "Selling General And Administration": NaN,
        "Gross Profit": NaN,
        "Cost Of Revenue": NaN,
        "Total Revenue": NaN,
        "Operating Revenue": NaN
    },
    "2024-03-31": {
        "Tax Effect Of Unusual Items": NaN,
        "Tax Rate For Calcs": NaN,
        "Normalized EBITDA": NaN,
        "Total Unusual Items": NaN,
        "Total Unusual Items Excluding Goodwill": NaN,
        "Net Income From Continuing Operation Net Minority Interest": NaN,
        "Reconciled Depreciation": NaN,
        "Reconciled Cost Of Revenue": NaN,
        "EBITDA": NaN,
        "EBIT": NaN,
        "Net Interest Income": NaN,
        "Interest Expense": NaN,
        "Interest Income": NaN,
        "Normalized Income": NaN,
        "Net Income From Continuing And Discontinued Operation": NaN,
        "Total Expenses": NaN,
        "Total Operating Income As Reported": NaN,
        "Diluted Average Shares": NaN,
        "Basic Average Shares": NaN,
        "Diluted EPS": NaN,
        "Basic EPS": NaN,
        "Diluted NI Availto Com Stockholders": NaN,
        "Net Income Common Stockholders": NaN,
        "Net Income": NaN,
        "Net Income Including Noncontrolling Interests": NaN,
        "Net Income Continuous Operations": NaN,
        "Tax Provision": NaN,
        "Pretax Income": NaN,
        "Other Income Expense": NaN,
        "Other Non Operating Income Expenses": NaN,
        "Special Income Charges": NaN,
        "Impairment Of Capital Assets": 0.0,
        "Restructuring And Mergern Acquisition": NaN,
        "Net Non Operating Interest Income Expense": NaN,
        "Interest Expense Non Operating": NaN,
        "Interest Income Non Operating": NaN,
        "Operating Income": NaN,
        "Operating Expense": NaN,
        "Selling General And Administration": NaN,
        "Gross Profit": NaN,
        "Cost Of Revenue": NaN,
        "Total Revenue": NaN,
        "Operating Revenue": NaN
    },
    "2024-06-30": {
        "Tax Effect Of Unusual Items": NaN,
        "Tax Rate For Calcs": NaN,
        "Normalized EBITDA": NaN,
        "Total Unusual Items": -501000.0,
        "Total Unusual Items Excluding Goodwill": -501000.0,
        "Net Income From Continuing Operation Net Minority Interest": NaN,
        "Reconciled Depreciation": NaN,
        "Reconciled Cost Of Revenue": NaN,
        "EBITDA": NaN,
        "EBIT": NaN,
        "Net Interest Income": NaN,
        "Interest Expense": NaN,
        "Interest Income": NaN,
        "Normalized Income": NaN,
        "Net Income From Continuing And Discontinued Operation": NaN,
        "Total Expenses": NaN,
        "Total Operating Income As Reported": NaN,
        "Diluted Average Shares": NaN,
        "Basic Average Shares": NaN,
        "Diluted EPS": NaN,
        "Basic EPS": NaN,
        "Diluted NI Availto Com Stockholders": NaN,
        "Net Income Common Stockholders": NaN,
        "Net Income": NaN,
        "Net Income Including Noncontrolling Interests": NaN,
        "Net Income Continuous Operations": NaN,
        "Tax Provision": NaN,
        "Pretax Income": NaN,
        "Other Income Expense": NaN,
        "Other Non Operating Income Expenses": NaN,
        "Special Income Charges": -501000.0,
        "Impairment Of Capital Assets": 0.0,
        "Restructuring And Mergern Acquisition": 501000.0,
        "Net Non Operating Interest Income Expense": NaN,
        "Interest Expense Non Operating": NaN,
        "Interest Income Non Operating": NaN,
        "Operating Income": NaN,
        "Operating Expense": NaN,
        "Selling General And Administration": NaN,
        "Gross Profit": NaN,
        "Cost Of Revenue": NaN,
        "Total Revenue": NaN,
        "Operating Revenue": NaN
    },
    "2024-09-30": {
        "Tax Effect Of Unusual Items": 0.0,
        "Tax Rate For Calcs": 0.0,
        "Normalized EBITDA": -6619000.0,
        "Total Unusual Items": 0.0,
        "Total Unusual Items Excluding Goodwill": 0.0,
        "Net Income From Continuing Operation Net Minority Interest": -9223000.0,
        "Reconciled Depreciation": 2515000.0,
        "Reconciled Cost Of Revenue": 157766000.0,
        "EBITDA": -6619000.0,
        "EBIT": -9134000.0,
        "Net Interest Income": 1483000.0,
        "Interest Expense": 89000.0,
        "Interest Income": 1572000.0,
        "Normalized Income": -9223000.0,
        "Net Income From Continuing And Discontinued Operation": -9223000.0,
        "Total Expenses": 176346000.0,
        "Total Operating Income As Reported": -10767000.0,
        "Diluted Average Shares": 27559000.0,
        "Basic Average Shares": 27559000.0,
        "Diluted EPS": -0.33,
        "Basic EPS": -0.33,
        "Diluted NI Availto Com Stockholders": -9223000.0,
        "Net Income Common Stockholders": -9223000.0,
        "Net Income": -9223000.0,
        "Net Income Including Noncontrolling Interests": -9223000.0,
        "Net Income Continuous Operations": -9223000.0,
        "Tax Provision": 0.0,
        "Pretax Income": -9223000.0,
        "Other Income Expense": 61000.0,
        "Other Non Operating Income Expenses": 61000.0,
        "Special Income Charges": 0.0,
        "Impairment Of Capital Assets": NaN,
        "Restructuring And Mergern Acquisition": 0.0,
        "Net Non Operating Interest Income Expense": 1483000.0,
        "Interest Expense Non Operating": 89000.0,
        "Interest Income Non Operating": 1572000.0,
        "Operating Income": -10767000.0,
        "Operating Expense": 18580000.0,
        "Selling General And Administration": 18580000.0,
        "Gross Profit": 7813000.0,
        "Cost Of Revenue": 157766000.0,
        "Total Revenue": 165579000.0,
        "Operating Revenue": 165579000.0
    },
    "2024-12-31": {
        "Tax Effect Of Unusual Items": 0.0,
        "Tax Rate For Calcs": 0.21,
        "Normalized EBITDA": -2862000.0,
        "Total Unusual Items": NaN,
        "Total Unusual Items Excluding Goodwill": NaN,
        "Net Income From Continuing Operation Net Minority Interest": -5533000.0,
        "Reconciled Depreciation": 2510000.0,
        "Reconciled Cost Of Revenue": 176277000.0,
        "EBITDA": -2862000.0,
        "EBIT": -5372000.0,
        "Net Interest Income": 1433000.0,
        "Interest Expense": 145000.0,
        "Interest Income": 1578000.0,
        "Normalized Income": -5533000.0,
        "Net Income From Continuing And Discontinued Operation": -5533000.0,
        "Total Expenses": 193563000.0,
        "Total Operating Income As Reported": -6394000.0,
        "Diluted Average Shares": 27801000.0,
        "Basic Average Shares": 27801000.0,
        "Diluted EPS": -0.2,
        "Basic EPS": -0.2,
        "Diluted NI Availto Com Stockholders": -5533000.0,
        "Net Income Common Stockholders": -5533000.0,
        "Net Income": -5533000.0,
        "Net Income Including Noncontrolling Interests": -5533000.0,
        "Net Income Continuous Operations": -5533000.0,
        "Tax Provision": 16000.0,
        "Pretax Income": -5517000.0,
        "Other Income Expense": -556000.0,
        "Other Non Operating Income Expenses": -556000.0,
        "Special Income Charges": NaN,
        "Impairment Of Capital Assets": NaN,
        "Restructuring And Mergern Acquisition": NaN,
        "Net Non Operating Interest Income Expense": 1433000.0,
        "Interest Expense Non Operating": 145000.0,
        "Interest Income Non Operating": 1578000.0,
        "Operating Income": -6394000.0,
        "Operating Expense": 17286000.0,
        "Selling General And Administration": 17286000.0,
        "Gross Profit": 10892000.0,
        "Cost Of Revenue": 176277000.0,
        "Total Revenue": 187169000.0,
        "Operating Revenue": 187169000.0
    },
    "2025-03-31": {
        "Tax Effect Of Unusual Items": 0.0,
        "Tax Rate For Calcs": 0.0,
        "Normalized EBITDA": -663000.0,
        "Total Unusual Items": -124000.0,
        "Total Unusual Items Excluding Goodwill": -124000.0,
        "Net Income From Continuing Operation Net Minority Interest": -3434000.0,
        "Reconciled Depreciation": 2513000.0,
        "Reconciled Cost Of Revenue": 187311000.0,
        "EBITDA": -787000.0,
        "EBIT": -3300000.0,
        "Net Interest Income": 1384000.0,
        "Interest Expense": 134000.0,
        "Interest Income": 1518000.0,
        "Normalized Income": -3310000.0,
        "Net Income From Continuing And Discontinued Operation": -3434000.0,
        "Total Expenses": 205037000.0,
        "Total Operating Income As Reported": -5000000.0,
        "Diluted Average Shares": 27836000.0,
        "Basic Average Shares": 27836000.0,
        "Diluted EPS": -0.12,
        "Basic EPS": -0.12,
        "Diluted NI Availto Com Stockholders": -3434000.0,
        "Net Income Common Stockholders": -3434000.0,
        "Net Income": -3434000.0,
        "Net Income Including Noncontrolling Interests": -3434000.0,
        "Net Income Continuous Operations": -3434000.0,
        "Tax Provision": 0.0,
        "Pretax Income": -3434000.0,
        "Other Income Expense": 58000.0,
        "Other Non Operating Income Expenses": 182000.0,
        "Special Income Charges": -124000.0,
        "Impairment Of Capital Assets": NaN,
        "Restructuring And Mergern Acquisition": 124000.0,
        "Net Non Operating Interest Income Expense": 1384000.0,
        "Interest Expense Non Operating": 134000.0,
        "Interest Income Non Operating": 1518000.0,
        "Operating Income": -4876000.0,
        "Operating Expense": 17726000.0,
        "Selling General And Administration": 17726000.0,
        "Gross Profit": 12850000.0,
        "Cost Of Revenue": 187311000.0,
        "Total Revenue": 200161000.0,
        "Operating Revenue": 200161000.0
    },
    "2025-06-30": {
        "Tax Effect Of Unusual Items": -724080.0,
        "Tax Rate For Calcs": 0.21,
        "Normalized EBITDA": -4752000.0,
        "Total Unusual Items": -3448000.0,
        "Total Unusual Items Excluding Goodwill": -3448000.0,
        "Net Income From Continuing Operation Net Minority Interest": -11272000.0,
        "Reconciled Depreciation": 2474000.0,
        "Reconciled Cost Of Revenue": 208255000.0,
        "EBITDA": -8200000.0,
        "EBIT": -10674000.0,
        "Net Interest Income": 1834000.0,
        "Interest Expense": 150000.0,
        "Interest Income": 1984000.0,
        "Normalized Income": -8548080.0,
        "Net Income From Continuing And Discontinued Operation": -11272000.0,
        "Total Expenses": 225836000.0,
        "Total Operating Income As Reported": -12907000.0,
        "Diluted Average Shares": 27884000.0,
        "Basic Average Shares": 27884000.0,
        "Diluted EPS": -0.4,
        "Basic EPS": -0.4,
        "Diluted NI Availto Com Stockholders": -11272000.0,
        "Net Income Common Stockholders": -11272000.0,
        "Net Income": -11272000.0,
        "Net Income Including Noncontrolling Interests": -11272000.0,
        "Net Income Continuous Operations": -11272000.0,
        "Tax Provision": 448000.0,
        "Pretax Income": -10824000.0,
        "Other Income Expense": -3199000.0,
        "Other Non Operating Income Expenses": 249000.0,
        "Special Income Charges": -3448000.0,
        "Impairment Of Capital Assets": NaN,
        "Restructuring And Mergern Acquisition": 3448000.0,
        "Net Non Operating Interest Income Expense": 1834000.0,
        "Interest Expense Non Operating": 150000.0,
        "Interest Income Non Operating": 1984000.0,
        "Operating Income": -9459000.0,
        "Operating Expense": 17581000.0,
        "Selling General And Administration": 17581000.0,
        "Gross Profit": 8122000.0,
        "Cost Of Revenue": 208255000.0,
        "Total Revenue": 216377000.0,
        "Operating Revenue": 216377000.0
    },
    "2025-09-30": {
        "Tax Effect Of Unusual Items": -703080.0,
        "Tax Rate For Calcs": 0.21,
        "Normalized EBITDA": 2342000.0,
        "Total Unusual Items": -3348000.0,
        "Total Unusual Items Excluding Goodwill": -3348000.0,
        "Net Income From Continuing Operation Net Minority Interest": -3663000.0,
        "Reconciled Depreciation": 2461000.0,
        "Reconciled Cost Of Revenue": 197702000.0,
        "EBITDA": -1006000.0,
        "EBIT": -3467000.0,
        "Net Interest Income": 1675000.0,
        "Interest Expense": 127000.0,
        "Interest Income": 1802000.0,
        "Normalized Income": -1018080.0,
        "Net Income From Continuing And Discontinued Operation": -3663000.0,
        "Total Expenses": 214036000.0,
        "Total Operating Income As Reported": -5500000.0,
        "Diluted Average Shares": 28008000.0,
        "Basic Average Shares": 28008000.0,
        "Diluted EPS": -0.13,
        "Basic EPS": -0.13,
        "Diluted NI Availto Com Stockholders": -3663000.0,
        "Net Income Common Stockholders": -3663000.0,
        "Net Income": -3663000.0,
        "Net Income Including Noncontrolling Interests": -3663000.0,
        "Net Income Continuous Operations": -3663000.0,
        "Tax Provision": 69000.0,
        "Pretax Income": -3594000.0,
        "Other Income Expense": -3117000.0,
        "Other Non Operating Income Expenses": 231000.0,
        "Special Income Charges": -3348000.0,
        "Impairment Of Capital Assets": NaN,
        "Restructuring And Mergern Acquisition": 3348000.0,
        "Net Non Operating Interest Income Expense": 1675000.0,
        "Interest Expense Non Operating": 127000.0,
        "Interest Income Non Operating": 1802000.0,
        "Operating Income": -2152000.0,
        "Operating Expense": 16334000.0,
        "Selling General And Administration": 16334000.0,
        "Gross Profit": 14182000.0,
        "Cost Of Revenue": 197702000.0,
        "Total Revenue": 211884000.0,
        "Operating Revenue": 211884000.0
    }
}