{
    "2023-03-31": {
        "Tax Effect Of Unusual Items": NaN,
        "Tax Rate For Calcs": NaN,
        "Normalized EBITDA": NaN,
        "Net Income From Continuing Operation Net Minority Interest": NaN,
        "Reconciled Depreciation": NaN,
        "Reconciled Cost Of Revenue": NaN,
        "EBITDA": NaN,
        "EBIT": NaN,
        "Net Interest Income": NaN,
        "Interest Expense": NaN,
        "Interest Income": NaN,
        "Normalized Income": NaN,
        "Net Income From Continuing And Discontinued Operation": NaN,
        "Total Expenses": NaN,
        "Total Operating Income As Reported": NaN,
        "Diluted Average Shares": NaN,
        "Basic Average Shares": NaN,
        "Diluted EPS": NaN,
        "Basic EPS": NaN,
        "Diluted NI Availto Com Stockholders": NaN,
        "Net Income Common Stockholders": NaN,
        "Net Income": NaN,
        "Net Income Including Noncontrolling Interests": NaN,
        "Net Income Continuous Operations": NaN,
        "Tax Provision": NaN,
        "Pretax Income": NaN,
        "Other Income Expense": -123000.0,
        "Other Non Operating Income Expenses": -123000.0,
        "Net Non Operating Interest Income Expense": NaN,
        "Total Other Finance Cost": -1634000.0,
        "Interest Expense Non Operating": NaN,
        "Interest Income Non Operating": NaN,
        "Operating Income": NaN,
        "Operating Expense": NaN,
        "Research And Development": NaN,
        "Selling General And Administration": NaN,
        "Gross Profit": NaN,
        "Cost Of Revenue": NaN,
        "Total Revenue": NaN,
        "Operating Revenue": NaN
    },
    "2022-12-31": {
        "Tax Effect Of Unusual Items": NaN,
        "Tax Rate For Calcs": NaN,
        "Normalized EBITDA": NaN,
        "Net Income From Continuing Operation Net Minority Interest": NaN,
        "Reconciled Depreciation": NaN,
        "Reconciled Cost Of Revenue": NaN,
        "EBITDA": NaN,
        "EBIT": NaN,
        "Net Interest Income": NaN,
        "Interest Expense": NaN,
        "Interest Income": NaN,
        "Normalized Income": NaN,
        "Net Income From Continuing And Discontinued Operation": NaN,
        "Total Expenses": NaN,
        "Total Operating Income As Reported": NaN,
        "Diluted Average Shares": NaN,
        "Basic Average Shares": NaN,
        "Diluted EPS": NaN,
        "Basic EPS": NaN,
        "Diluted NI Availto Com Stockholders": NaN,
        "Net Income Common Stockholders": NaN,
        "Net Income": NaN,
        "Net Income Including Noncontrolling Interests": NaN,
        "Net Income Continuous Operations": NaN,
        "Tax Provision": NaN,
        "Pretax Income": NaN,
        "Other Income Expense": -55000.0,
        "Other Non Operating Income Expenses": -55000.0,
        "Net Non Operating Interest Income Expense": NaN,
        "Total Other Finance Cost": -602000.0,
        "Interest Expense Non Operating": NaN,
        "Interest Income Non Operating": NaN,
        "Operating Income": NaN,
        "Operating Expense": NaN,
        "Research And Development": NaN,
        "Selling General And Administration": NaN,
        "Gross Profit": NaN,
        "Cost Of Revenue": NaN,
        "Total Revenue": NaN,
        "Operating Revenue": NaN
    },
    "2022-09-30": {
        "Tax Effect Of Unusual Items": NaN,
        "Tax Rate For Calcs": NaN,
        "Normalized EBITDA": NaN,
        "Net Income From Continuing Operation Net Minority Interest": NaN,
        "Reconciled Depreciation": NaN,
        "Reconciled Cost Of Revenue": NaN,
        "EBITDA": NaN,
        "EBIT": NaN,
        "Net Interest Income": NaN,
        "Interest Expense": 372000.0,
        "Interest Income": NaN,
        "Normalized Income": NaN,
        "Net Income From Continuing And Discontinued Operation": NaN,
        "Total Expenses": NaN,
        "Total Operating Income As Reported": NaN,
        "Diluted Average Shares": NaN,
        "Basic Average Shares": NaN,
        "Diluted EPS": NaN,
        "Basic EPS": NaN,
        "Diluted NI Availto Com Stockholders": NaN,
        "Net Income Common Stockholders": NaN,
        "Net Income": NaN,
        "Net Income Including Noncontrolling Interests": NaN,
        "Net Income Continuous Operations": NaN,
        "Tax Provision": NaN,
        "Pretax Income": NaN,
        "Other Income Expense": -120000.0,
        "Other Non Operating Income Expenses": -120000.0,
        "Net Non Operating Interest Income Expense": NaN,
        "Total Other Finance Cost": NaN,
        "Interest Expense Non Operating": 372000.0,
        "Interest Income Non Operating": NaN,
        "Operating Income": NaN,
        "Operating Expense": NaN,
        "Research And Development": NaN,
        "Selling General And Administration": NaN,
        "Gross Profit": NaN,
        "Cost Of Revenue": NaN,
        "Total Revenue": NaN,
        "Operating Revenue": NaN
    },
    "2022-06-30": {
        "Tax Effect Of Unusual Items": 0.0,
        "Tax Rate For Calcs": 0.084,
        "Normalized EBITDA": 49988000.0,
        "Net Income From Continuing Operation Net Minority Interest": 32234000.0,
        "Reconciled Depreciation": 13972000.0,
        "Reconciled Cost Of Revenue": 67717000.0,
        "EBITDA": 49988000.0,
        "EBIT": 36016000.0,
        "Net Interest Income": -845000.0,
        "Interest Expense": 845000.0,
        "Normalized Income": 32234000.0,
        "Net Income From Continuing And Discontinued Operation": 32234000.0,
        "Total Expenses": 136256000.0,
        "Total Operating Income As Reported": 36003000.0,
        "Diluted Average Shares": 71060000.0,
        "Basic Average Shares": 69946000.0,
        "Diluted EPS": 0.45,
        "Basic EPS": 0.46,
        "Diluted NI Availto Com Stockholders": 32234000.0,
        "Net Income Common Stockholders": 32234000.0,
        "Net Income": 32234000.0,
        "Net Income Including Noncontrolling Interests": 32234000.0,
        "Net Income Continuous Operations": 32234000.0,
        "Tax Provision": 2937000.0,
        "Pretax Income": 35171000.0,
        "Other Income Expense": 13000.0,
        "Other Non Operating Income Expenses": 13000.0,
        "Net Non Operating Interest Income Expense": -845000.0,
        "Total Other Finance Cost": NaN,
        "Interest Expense Non Operating": 845000.0,
        "Operating Income": 36003000.0,
        "Operating Expense": 68539000.0,
        "Research And Development": 37625000.0,
        "Selling General And Administration": 30914000.0,
        "Gross Profit": 104542000.0,
        "Cost Of Revenue": 67717000.0,
        "Total Revenue": 172259000.0,
        "Operating Revenue": 172259000.0
    },
    "2023-06-30": {
        "Tax Effect Of Unusual Items": NaN,
        "Tax Rate For Calcs": NaN,
        "Normalized EBITDA": NaN,
        "Total Unusual Items": NaN,
        "Total Unusual Items Excluding Goodwill": NaN,
        "Net Income From Continuing Operation Net Minority Interest": NaN,
        "Reconciled Depreciation": NaN,
        "Reconciled Cost Of Revenue": NaN,
        "EBITDA": NaN,
        "EBIT": NaN,
        "Net Interest Income": NaN,
        "Interest Expense": NaN,
        "Interest Income": NaN,
        "Normalized Income": NaN,
        "Net Income From Continuing And Discontinued Operation": NaN,
        "Total Expenses": NaN,
        "Total Operating Income As Reported": NaN,
        "Diluted Average Shares": NaN,
        "Basic Average Shares": NaN,
        "Diluted EPS": NaN,
        "Basic EPS": NaN,
        "Diluted NI Availto Com Stockholders": NaN,
        "Net Income Common Stockholders": NaN,
        "Net Income": NaN,
        "Net Income Including Noncontrolling Interests": NaN,
        "Net Income Continuous Operations": NaN,
        "Tax Provision": NaN,
        "Pretax Income": NaN,
        "Other Income Expense": -29000.0,
        "Other Non Operating Income Expenses": -29000.0,
        "Special Income Charges": NaN,
        "Other Special Charges": NaN,
        "Net Non Operating Interest Income Expense": NaN,
        "Total Other Finance Cost": -2344000.0,
        "Interest Expense Non Operating": NaN,
        "Interest Income Non Operating": NaN,
        "Operating Income": NaN,
        "Operating Expense": NaN,
        "Research And Development": NaN,
        "Selling General And Administration": NaN,
        "Gross Profit": NaN,
        "Cost Of Revenue": NaN,
        "Total Revenue": NaN,
        "Operating Revenue": NaN
    },
    "2022-03-31": {
        "Diluted EPS": 0.42,
        "Total Revenue": 165,
        "Gross Profit": 99,
        "Operating Income": 33,
        "EBIT": 46,
        "Net Income": 30
    },
    "2021-12-31": {
        "Diluted EPS": 1.95,
        "Total Revenue": 160,
        "Gross Profit": 94,
        "Operating Income": 27,
        "EBIT": 42,
        "Net Income": 139
    },
    "2021-09-30": {
        "Diluted EPS": 0.25,
        "Total Revenue": 155,
        "Gross Profit": 90,
        "Operating Income": 26,
        "EBIT": 48,
        "Net Income": 17
    },
    "2021-06-30": {
        "Diluted EPS": 0.21,
        "Total Revenue": 153,
        "Gross Profit": 87,
        "Operating Income": 24,
        "EBIT": 46,
        "Net Income": 15
    },
    "2021-03-31": {
        "Diluted EPS": 0.21,
        "Total Revenue": 151,
        "Gross Profit": 84,
        "Operating Income": 19,
        "EBIT": 41,
        "Net Income": 15
    },
    "2020-12-31": {
        "Diluted EPS": -0.13,
        "Total Revenue": 149,
        "Gross Profit": 80,
        "Operating Income": 12,
        "EBIT": 42,
        "Net Income": -9
    },
    "2020-09-30": {
        "Diluted EPS": 0.39,
        "Total Revenue": 147,
        "Gross Profit": 78,
        "Operating Income": 13,
        "EBIT": 31,
        "Net Income": 26
    },
    "2020-06-30": {
        "Diluted EPS": -0.37,
        "Total Revenue": 137,
        "Gross Profit": 71,
        "Operating Income": 7,
        "EBIT": 47,
        "Net Income": -25
    },
    "2020-03-31": {
        "Diluted EPS": -0.28,
        "Total Revenue": 126,
        "Gross Profit": 63,
        "Operating Income": -5,
        "EBIT": 7,
        "Net Income": -19
    },
    "2019-12-31": {
        "Diluted EPS": -0.43,
        "Total Revenue": 119,
        "Gross Profit": 58,
        "Operating Income": -11,
        "EBIT": 15,
        "Net Income": -28
    },
    "2019-09-30": {
        "Diluted EPS": 0.26,
        "Total Revenue": 112,
        "Gross Profit": 53,
        "Operating Income": -12,
        "EBIT": 14,
        "Net Income": 12
    },
    "2019-06-30": {
        "Diluted EPS": -4.95,
        "Total Revenue": 108,
        "Gross Profit": 34,
        "Operating Income": -324,
        "EBIT": -296,
        "Net Income": -327
    },
    "2019-03-31": {
        "Diluted EPS": -0.71,
        "Total Revenue": 128,
        "Gross Profit": 57,
        "Operating Income": -30,
        "EBIT": 0,
        "Net Income": -46
    },
    "2018-12-31": {
        "Diluted EPS": -0.44,
        "Total Revenue": 151,
        "Gross Profit": 77,
        "Operating Income": -14,
        "EBIT": 9,
        "Net Income": -23
    },
    "2018-09-30": {
        "Diluted EPS": -0.18,
        "Total Revenue": 151,
        "Gross Profit": 71,
        "Operating Income": -17,
        "EBIT": 9,
        "Net Income": -44
    },
    "2018-06-30": {
        "Diluted EPS": -1.32,
        "Total Revenue": 138,
        "Gross Profit": 48,
        "Operating Income": -43,
        "EBIT": -6,
        "Net Income": -85
    },
    "2018-03-31": {
        "Diluted EPS": -0.5,
        "Total Revenue": 150,
        "Gross Profit": 66,
        "Operating Income": -23,
        "EBIT": -11,
        "Net Income": -15
    },
    "2017-12-31": {
        "Diluted EPS": -0.57,
        "Total Revenue": 131,
        "Gross Profit": 61,
        "Operating Income": -23,
        "EBIT": -10,
        "Net Income": -23
    },
    "2017-09-30": {
        "Diluted EPS": -0.2,
        "Total Revenue": 166,
        "Gross Profit": 87,
        "Operating Income": 0,
        "EBIT": 31,
        "Net Income": -11
    },
    "2017-06-30": {
        "Diluted EPS": -0.43,
        "Total Revenue": 195,
        "Gross Profit": 93,
        "Operating Income": 7,
        "EBIT": 39,
        "Net Income": -28
    },
    "2017-03-31": {
        "Diluted EPS": -2.14,
        "Total Revenue": 186,
        "Gross Profit": 69,
        "Operating Income": -34,
        "EBIT": 23,
        "Net Income": -130
    },
    "2016-12-31": {
        "Diluted EPS": -0.02,
        "Total Revenue": 152,
        "Gross Profit": 78,
        "Operating Income": 11,
        "EBIT": 35,
        "Net Income": -1
    },
    "2016-09-30": {
        "Diluted EPS": 0.39,
        "Total Revenue": 153,
        "Gross Profit": 82,
        "Operating Income": 10,
        "EBIT": 42,
        "Net Income": 5
    },
    "2016-06-30": {
        "Diluted EPS": 0.13,
        "Total Revenue": 142,
        "Gross Profit": 74,
        "Operating Income": 10,
        "EBIT": 15,
        "Net Income": 23
    },
    "2016-03-31": {
        "Diluted EPS": -0.2,
        "Total Revenue": 134,
        "Gross Profit": 66,
        "Operating Income": -7,
        "EBIT": 19,
        "Net Income": -11
    },
    "2015-12-31": {
        "Diluted EPS": -0.29,
        "Total Revenue": 116,
        "Gross Profit": 60,
        "Operating Income": 0,
        "EBIT": 34,
        "Net Income": -16
    },
    "2015-09-30": {
        "Diluted EPS": 1.09,
        "Total Revenue": 113,
        "Gross Profit": 57,
        "Operating Income": 5,
        "EBIT": 14,
        "Net Income": 54
    },
    "2015-06-30": {
        "Diluted EPS": 0.14,
        "Total Revenue": 109,
        "Gross Profit": 52,
        "Operating Income": 4,
        "EBIT": 22,
        "Net Income": 8
    },
    "2015-03-31": {
        "Diluted EPS": -0.15,
        "Total Revenue": 102,
        "Gross Profit": 47,
        "Operating Income": -2,
        "EBIT": 25,
        "Net Income": -8
    },
    "2014-12-31": {
        "Diluted EPS": -0.13,
        "Total Revenue": 97,
        "Gross Profit": 47,
        "Operating Income": 3,
        "EBIT": 26,
        "Net Income": -6
    },
    "2014-09-30": {
        "Diluted EPS": 0.3,
        "Total Revenue": 114,
        "Gross Profit": 56,
        "Operating Income": 17,
        "EBIT": 24,
        "Net Income": 15
    },
    "2014-06-30": {
        "Diluted EPS": 0.02,
        "Total Revenue": 112,
        "Gross Profit": 50,
        "Operating Income": 7,
        "EBIT": 23,
        "Net Income": 1
    },
    "2014-03-31": {
        "Diluted EPS": -0.47,
        "Total Revenue": 108,
        "Gross Profit": 27,
        "Operating Income": -21,
        "EBIT": 12,
        "Net Income": -22
    },
    "2013-12-31": {
        "Diluted EPS": -0.19,
        "Total Revenue": 84,
        "Gross Profit": 36,
        "Operating Income": -9,
        "EBIT": -5,
        "Net Income": -9
    },
    "2013-09-30": {
        "Diluted EPS": 0.04,
        "Total Revenue": 85,
        "Gross Profit": 37,
        "Operating Income": 5,
        "EBIT": 11,
        "Net Income": 2
    },
    "2013-06-30": {
        "Diluted EPS": 0.15,
        "Total Revenue": 83,
        "Gross Profit": 36,
        "Operating Income": 9,
        "EBIT": 11,
        "Net Income": 7
    },
    "2013-03-31": {
        "Diluted EPS": 0.11,
        "Total Revenue": 79,
        "Gross Profit": 33,
        "Operating Income": 9,
        "EBIT": 14,
        "Net Income": 5
    },
    "2012-12-31": {
        "Diluted EPS": 0.13,
        "Total Revenue": 75,
        "Gross Profit": 32,
        "Operating Income": 12,
        "EBIT": 17,
        "Net Income": 6
    },
    "2012-09-30": {
        "Diluted EPS": 7.28,
        "Total Revenue": 76,
        "Gross Profit": 31,
        "Operating Income": 12,
        "EBIT": 10,
        "Net Income": 34
    },
    "2012-06-30": {
        "Diluted EPS": 0.29,
        "Total Revenue": 77,
        "Gross Profit": 35,
        "Operating Income": 15,
        "EBIT": 15,
        "Net Income": 14
    },
    "2012-03-31": {
        "Diluted EPS": -8.02,
        "Total Revenue": 77,
        "Gross Profit": 37,
        "Operating Income": 18,
        "EBIT": 86,
        "Net Income": -55
    },
    "2011-12-31": {
        "Diluted EPS": 0.2,
        "Total Revenue": 73,
        "Gross Profit": 31,
        "Operating Income": 8,
        "EBIT": -4,
        "Net Income": 1
    },
    "2011-09-30": {
        "Diluted EPS": 0.12,
        "Total Revenue": 79,
        "Gross Profit": 79,
        "Operating Income": 79,
        "EBIT": 59,
        "Net Income": 40
    },
    "2011-06-30": {
        "Diluted EPS": -25.03,
        "Total Revenue": 79,
        "Gross Profit": 34,
        "Operating Income": 12,
        "EBIT": 62,
        "Net Income": -41
    },
    "2011-03-31": {
        "Diluted EPS": -56.44,
        "Total Revenue": 78,
        "Gross Profit": 32,
        "Operating Income": 11,
        "EBIT": 11,
        "Net Income": -87
    },
    "2010-12-31": {
        "Diluted EPS": 0.04,
        "Total Revenue": 75,
        "Gross Profit": 75,
        "Operating Income": 75,
        "EBIT": 75,
        "Net Income": 9
    },
    "2010-09-30": {
        "Diluted EPS": 0.0,
        "Total Revenue": NaN,
        "Gross Profit": NaN,
        "Operating Income": NaN,
        "EBIT": NaN,
        "Net Income": NaN
    },
    "2009-09-30": {
        "Diluted EPS": 0.0,
        "Total Revenue": NaN,
        "Gross Profit": NaN,
        "Operating Income": NaN,
        "EBIT": NaN,
        "Net Income": NaN
    },
    "2023-09-30": {
        "Tax Effect Of Unusual Items": NaN,
        "Tax Rate For Calcs": NaN,
        "Normalized EBITDA": NaN,
        "Total Unusual Items": NaN,
        "Total Unusual Items Excluding Goodwill": NaN,
        "Net Income From Continuing Operation Net Minority Interest": NaN,
        "Reconciled Depreciation": NaN,
        "Reconciled Cost Of Revenue": NaN,
        "EBITDA": NaN,
        "EBIT": NaN,
        "Net Interest Income": NaN,
        "Interest Expense": NaN,
        "Interest Income": NaN,
        "Normalized Income": NaN,
        "Net Income From Continuing And Discontinued Operation": NaN,
        "Total Expenses": NaN,
        "Total Operating Income As Reported": NaN,
        "Diluted Average Shares": NaN,
        "Basic Average Shares": NaN,
        "Diluted EPS": NaN,
        "Basic EPS": NaN,
        "Diluted NI Availto Com Stockholders": NaN,
        "Net Income Common Stockholders": NaN,
        "Net Income": NaN,
        "Net Income Including Noncontrolling Interests": NaN,
        "Net Income Continuous Operations": NaN,
        "Tax Provision": NaN,
        "Pretax Income": NaN,
        "Other Income Expense": -458000.0,
        "Other Non Operating Income Expenses": -458000.0,
        "Special Income Charges": NaN,
        "Other Special Charges": NaN,
        "Net Non Operating Interest Income Expense": NaN,
        "Interest Expense Non Operating": NaN,
        "Interest Income Non Operating": NaN,
        "Operating Income": NaN,
        "Operating Expense": NaN,
        "Research And Development": NaN,
        "Selling General And Administration": NaN,
        "Gross Profit": NaN,
        "Cost Of Revenue": NaN,
        "Total Revenue": NaN,
        "Operating Revenue": NaN
    },
    "2023-12-31": {
        "Tax Effect Of Unusual Items": NaN,
        "Tax Rate For Calcs": NaN,
        "Normalized EBITDA": NaN,
        "Total Unusual Items": 0.0,
        "Total Unusual Items Excluding Goodwill": 0.0,
        "Net Income From Continuing Operation Net Minority Interest": NaN,
        "Reconciled Depreciation": NaN,
        "Reconciled Cost Of Revenue": NaN,
        "EBITDA": NaN,
        "EBIT": NaN,
        "Net Interest Income": NaN,
        "Interest Expense": NaN,
        "Interest Income": NaN,
        "Normalized Income": NaN,
        "Net Income From Continuing And Discontinued Operation": NaN,
        "Total Expenses": NaN,
        "Total Operating Income As Reported": NaN,
        "Diluted Average Shares": NaN,
        "Basic Average Shares": NaN,
        "Diluted EPS": NaN,
        "Basic EPS": NaN,
        "Diluted NI Availto Com Stockholders": NaN,
        "Net Income Common Stockholders": NaN,
        "Net Income": NaN,
        "Net Income Including Noncontrolling Interests": NaN,
        "Net Income Continuous Operations": NaN,
        "Tax Provision": NaN,
        "Pretax Income": NaN,
        "Other Income Expense": NaN,
        "Special Income Charges": 0.0,
        "Other Special Charges": NaN,
        "Net Non Operating Interest Income Expense": NaN,
        "Interest Expense Non Operating": NaN,
        "Interest Income Non Operating": NaN,
        "Operating Income": NaN,
        "Operating Expense": NaN,
        "Research And Development": NaN,
        "Selling General And Administration": NaN,
        "Gross Profit": NaN,
        "Cost Of Revenue": NaN,
        "Total Revenue": NaN,
        "Operating Revenue": NaN
    },
    "2024-03-31": {
        "Tax Effect Of Unusual Items": NaN,
        "Tax Rate For Calcs": NaN,
        "Normalized EBITDA": NaN,
        "Total Unusual Items": 0.0,
        "Total Unusual Items Excluding Goodwill": 0.0,
        "Net Income From Continuing Operation Net Minority Interest": NaN,
        "Reconciled Depreciation": NaN,
        "Reconciled Cost Of Revenue": NaN,
        "EBITDA": NaN,
        "EBIT": NaN,
        "Net Interest Income": NaN,
        "Interest Expense": NaN,
        "Interest Income": NaN,
        "Normalized Income": NaN,
        "Net Income From Continuing And Discontinued Operation": NaN,
        "Total Expenses": NaN,
        "Total Operating Income As Reported": NaN,
        "Diluted Average Shares": NaN,
        "Basic Average Shares": NaN,
        "Diluted EPS": NaN,
        "Basic EPS": NaN,
        "Diluted NI Availto Com Stockholders": NaN,
        "Net Income Common Stockholders": NaN,
        "Net Income": NaN,
        "Net Income Including Noncontrolling Interests": NaN,
        "Net Income Continuous Operations": NaN,
        "Tax Provision": NaN,
        "Pretax Income": NaN,
        "Other Income Expense": NaN,
        "Special Income Charges": 0.0,
        "Other Special Charges": NaN,
        "Net Non Operating Interest Income Expense": NaN,
        "Interest Expense Non Operating": NaN,
        "Interest Income Non Operating": NaN,
        "Operating Income": NaN,
        "Operating Expense": NaN,
        "Research And Development": NaN,
        "Selling General And Administration": NaN,
        "Gross Profit": NaN,
        "Cost Of Revenue": NaN,
        "Total Revenue": NaN,
        "Operating Revenue": NaN
    },
    "2024-06-30": {
        "Tax Effect Of Unusual Items": 0.0,
        "Tax Rate For Calcs": 0.177705,
        "Normalized EBITDA": 43469000.0,
        "Total Unusual Items": 0.0,
        "Total Unusual Items Excluding Goodwill": 0.0,
        "Net Income From Continuing Operation Net Minority Interest": 19939000.0,
        "Reconciled Depreciation": 17933000.0,
        "Reconciled Cost Of Revenue": 89077000.0,
        "EBITDA": 43469000.0,
        "EBIT": 25536000.0,
        "Net Interest Income": 4532000.0,
        "Interest Expense": 1288000.0,
        "Interest Income": 5820000.0,
        "Normalized Income": 19939000.0,
        "Net Income From Continuing And Discontinued Operation": 19939000.0,
        "Total Expenses": 170770000.0,
        "Total Operating Income As Reported": 19716000.0,
        "Diluted Average Shares": 74217000.0,
        "Basic Average Shares": 72143000.0,
        "Diluted EPS": 0.27,
        "Basic EPS": 0.28,
        "Diluted NI Availto Com Stockholders": 19939000.0,
        "Net Income Common Stockholders": 19939000.0,
        "Net Income": 19939000.0,
        "Net Income Including Noncontrolling Interests": 19939000.0,
        "Net Income Continuous Operations": 19939000.0,
        "Tax Provision": 4309000.0,
        "Pretax Income": 24248000.0,
        "Other Income Expense": NaN,
        "Special Income Charges": 0.0,
        "Other Special Charges": NaN,
        "Net Non Operating Interest Income Expense": 4532000.0,
        "Interest Expense Non Operating": 1288000.0,
        "Interest Income Non Operating": 5820000.0,
        "Operating Income": 19716000.0,
        "Operating Expense": 81693000.0,
        "Research And Development": 47531000.0,
        "Selling General And Administration": 34162000.0,
        "Gross Profit": 101409000.0,
        "Cost Of Revenue": 89077000.0,
        "Total Revenue": 190486000.0,
        "Operating Revenue": 190486000.0
    },
    "2024-09-30": {
        "Tax Effect Of Unusual Items": 0.0,
        "Tax Rate For Calcs": 0.095344,
        "Normalized EBITDA": 51618000.0,
        "Total Unusual Items": NaN,
        "Total Unusual Items Excluding Goodwill": NaN,
        "Net Income From Continuing Operation Net Minority Interest": 29414000.0,
        "Reconciled Depreciation": 17830000.0,
        "Reconciled Cost Of Revenue": 90868000.0,
        "EBITDA": 51618000.0,
        "EBIT": 33788000.0,
        "Net Interest Income": 4970000.0,
        "Interest Expense": 1274000.0,
        "Interest Income": 6244000.0,
        "Normalized Income": 29414000.0,
        "Net Income From Continuing And Discontinued Operation": 29414000.0,
        "Total Expenses": 173176000.0,
        "Total Operating Income As Reported": 27534000.0,
        "Diluted Average Shares": 74524000.0,
        "Basic Average Shares": 72192000.0,
        "Diluted EPS": 0.39,
        "Basic EPS": 0.41,
        "Diluted NI Availto Com Stockholders": 29414000.0,
        "Net Income Common Stockholders": 29414000.0,
        "Net Income": 29414000.0,
        "Net Income Including Noncontrolling Interests": 29414000.0,
        "Net Income Continuous Operations": 29414000.0,
        "Tax Provision": 3100000.0,
        "Pretax Income": 32514000.0,
        "Other Income Expense": NaN,
        "Special Income Charges": NaN,
        "Other Special Charges": NaN,
        "Net Non Operating Interest Income Expense": 4970000.0,
        "Interest Expense Non Operating": 1274000.0,
        "Interest Income Non Operating": 6244000.0,
        "Operating Income": 27534000.0,
        "Operating Expense": 82308000.0,
        "Research And Development": 49592000.0,
        "Selling General And Administration": 32716000.0,
        "Gross Profit": 109842000.0,
        "Cost Of Revenue": 90868000.0,
        "Total Revenue": 200710000.0,
        "Operating Revenue": 200710000.0
    },
    "2024-12-31": {
        "Tax Effect Of Unusual Items": -2703372.0,
        "Tax Rate For Calcs": 0.014,
        "Normalized EBITDA": 40522000.0,
        "Total Unusual Items": -193098000.0,
        "Total Unusual Items Excluding Goodwill": -193098000.0,
        "Net Income From Continuing Operation Net Minority Interest": -167530000.0,
        "Reconciled Depreciation": 15995000.0,
        "Reconciled Cost Of Revenue": 101013000.0,
        "EBITDA": -152576000.0,
        "EBIT": -168571000.0,
        "Net Interest Income": 5634000.0,
        "Interest Expense": 1366000.0,
        "Interest Income": 7000000.0,
        "Normalized Income": 22864628.0,
        "Net Income From Continuing And Discontinued Operation": -167530000.0,
        "Total Expenses": 200595000.0,
        "Total Operating Income As Reported": 17527000.0,
        "Diluted Average Shares": 72780000.0,
        "Basic Average Shares": 72780000.0,
        "Diluted EPS": -2.3,
        "Basic EPS": -2.3,
        "Diluted NI Availto Com Stockholders": -167530000.0,
        "Net Income Common Stockholders": -167530000.0,
        "Net Income": -167530000.0,
        "Net Income Including Noncontrolling Interests": -167530000.0,
        "Net Income Continuous Operations": -167530000.0,
        "Tax Provision": -2407000.0,
        "Pretax Income": -169937000.0,
        "Other Income Expense": -193098000.0,
        "Special Income Charges": -193098000.0,
        "Other Special Charges": 193098000.0,
        "Net Non Operating Interest Income Expense": 5634000.0,
        "Interest Expense Non Operating": 1366000.0,
        "Interest Income Non Operating": 7000000.0,
        "Operating Income": 17527000.0,
        "Operating Expense": 99582000.0,
        "Research And Development": 60369000.0,
        "Selling General And Administration": 39213000.0,
        "Gross Profit": 117109000.0,
        "Cost Of Revenue": 101013000.0,
        "Total Revenue": 218122000.0,
        "Operating Revenue": 218122000.0
    },
    "2025-03-31": {
        "Tax Effect Of Unusual Items": 0.0,
        "Tax Rate For Calcs": 0.226,
        "Normalized EBITDA": 56914000.0,
        "Total Unusual Items": 0.0,
        "Total Unusual Items Excluding Goodwill": 0.0,
        "Net Income From Continuing Operation Net Minority Interest": 31666000.0,
        "Reconciled Depreciation": 14805000.0,
        "Reconciled Cost Of Revenue": 105731000.0,
        "EBITDA": 56914000.0,
        "EBIT": 42109000.0,
        "Net Interest Income": 6060000.0,
        "Interest Expense": 1179000.0,
        "Interest Income": 7239000.0,
        "Normalized Income": 31666000.0,
        "Net Income From Continuing And Discontinued Operation": 31666000.0,
        "Total Expenses": 201017000.0,
        "Total Operating Income As Reported": 34870000.0,
        "Diluted Average Shares": 75741000.0,
        "Basic Average Shares": 74358000.0,
        "Diluted EPS": 0.42,
        "Basic EPS": 0.43,
        "Diluted NI Availto Com Stockholders": 31666000.0,
        "Net Income Common Stockholders": 31666000.0,
        "Net Income": 31666000.0,
        "Net Income Including Noncontrolling Interests": 31666000.0,
        "Net Income Continuous Operations": 31666000.0,
        "Tax Provision": 9264000.0,
        "Pretax Income": 40930000.0,
        "Other Income Expense": NaN,
        "Special Income Charges": 0.0,
        "Other Special Charges": NaN,
        "Net Non Operating Interest Income Expense": 6060000.0,
        "Interest Expense Non Operating": 1179000.0,
        "Interest Income Non Operating": 7239000.0,
        "Operating Income": 34870000.0,
        "Operating Expense": 95286000.0,
        "Research And Development": 57837000.0,
        "Selling General And Administration": 37449000.0,
        "Gross Profit": 130156000.0,
        "Cost Of Revenue": 105731000.0,
        "Total Revenue": 235887000.0,
        "Operating Revenue": 235887000.0
    },
    "2025-06-30": {
        "Tax Effect Of Unusual Items": 0.0,
        "Tax Rate For Calcs": 0.171189,
        "Normalized EBITDA": 60104000.0,
        "Total Unusual Items": 0.0,
        "Total Unusual Items Excluding Goodwill": 0.0,
        "Net Income From Continuing Operation Net Minority Interest": 36534000.0,
        "Reconciled Depreciation": 14846000.0,
        "Reconciled Cost Of Revenue": 112643000.0,
        "EBITDA": 60104000.0,
        "EBIT": 45258000.0,
        "Net Interest Income": 6420000.0,
        "Interest Expense": 1178000.0,
        "Interest Income": 7598000.0,
        "Normalized Income": 36534000.0,
        "Net Income From Continuing And Discontinued Operation": 36534000.0,
        "Total Expenses": 214419000.0,
        "Total Operating Income As Reported": 37660000.0,
        "Diluted Average Shares": 75864000.0,
        "Basic Average Shares": 74427000.0,
        "Diluted EPS": 0.48,
        "Basic EPS": 0.49,
        "Diluted NI Availto Com Stockholders": 36534000.0,
        "Net Income Common Stockholders": 36534000.0,
        "Net Income": 36534000.0,
        "Net Income Including Noncontrolling Interests": 36534000.0,
        "Net Income Continuous Operations": 36534000.0,
        "Tax Provision": 7546000.0,
        "Pretax Income": 44080000.0,
        "Other Income Expense": NaN,
        "Special Income Charges": 0.0,
        "Other Special Charges": NaN,
        "Net Non Operating Interest Income Expense": 6420000.0,
        "Interest Expense Non Operating": 1178000.0,
        "Interest Income Non Operating": 7598000.0,
        "Operating Income": 37660000.0,
        "Operating Expense": 101776000.0,
        "Research And Development": 63380000.0,
        "Selling General And Administration": 38396000.0,
        "Gross Profit": 139436000.0,
        "Cost Of Revenue": 112643000.0,
        "Total Revenue": 252079000.0,
        "Operating Revenue": 252079000.0
    }
}