{
    "2023-03-31": {
        "Tax Effect Of Unusual Items": NaN,
        "Tax Rate For Calcs": NaN,
        "Normalized EBITDA": NaN,
        "Total Unusual Items": NaN,
        "Total Unusual Items Excluding Goodwill": NaN,
        "Net Income From Continuing Operation Net Minority Interest": NaN,
        "Reconciled Depreciation": NaN,
        "Reconciled Cost Of Revenue": NaN,
        "EBITDA": NaN,
        "EBIT": NaN,
        "Net Interest Income": NaN,
        "Interest Income": NaN,
        "Normalized Income": NaN,
        "Net Income From Continuing And Discontinued Operation": NaN,
        "Total Expenses": NaN,
        "Total Operating Income As Reported": NaN,
        "Diluted Average Shares": NaN,
        "Basic Average Shares": NaN,
        "Diluted EPS": NaN,
        "Basic EPS": NaN,
        "Diluted NI Availto Com Stockholders": NaN,
        "Net Income Common Stockholders": NaN,
        "Net Income": NaN,
        "Net Income Including Noncontrolling Interests": NaN,
        "Net Income Continuous Operations": NaN,
        "Tax Provision": NaN,
        "Pretax Income": NaN,
        "Other Income Expense": NaN,
        "Other Non Operating Income Expenses": NaN,
        "Special Income Charges": NaN,
        "Other Special Charges": NaN,
        "Restructuring And Mergern Acquisition": 0.0,
        "Gain On Sale Of Security": NaN,
        "Net Non Operating Interest Income Expense": NaN,
        "Interest Income Non Operating": NaN,
        "Operating Income": NaN,
        "Operating Expense": NaN,
        "Research And Development": NaN,
        "Selling General And Administration": NaN,
        "Gross Profit": NaN,
        "Cost Of Revenue": NaN,
        "Total Revenue": NaN,
        "Operating Revenue": NaN
    },
    "2022-12-31": {
        "Tax Effect Of Unusual Items": NaN,
        "Tax Rate For Calcs": NaN,
        "Normalized EBITDA": NaN,
        "Total Unusual Items": NaN,
        "Total Unusual Items Excluding Goodwill": NaN,
        "Net Income From Continuing Operation Net Minority Interest": NaN,
        "Reconciled Depreciation": NaN,
        "Reconciled Cost Of Revenue": NaN,
        "EBITDA": NaN,
        "EBIT": NaN,
        "Net Interest Income": NaN,
        "Interest Expense": 0.0,
        "Interest Income": NaN,
        "Normalized Income": NaN,
        "Net Income From Continuing And Discontinued Operation": NaN,
        "Total Expenses": NaN,
        "Total Operating Income As Reported": NaN,
        "Diluted Average Shares": NaN,
        "Basic Average Shares": NaN,
        "Diluted EPS": NaN,
        "Basic EPS": NaN,
        "Diluted NI Availto Com Stockholders": NaN,
        "Net Income Common Stockholders": NaN,
        "Net Income": NaN,
        "Net Income Including Noncontrolling Interests": NaN,
        "Net Income Continuous Operations": NaN,
        "Tax Provision": NaN,
        "Pretax Income": NaN,
        "Other Income Expense": NaN,
        "Other Non Operating Income Expenses": NaN,
        "Special Income Charges": NaN,
        "Other Special Charges": NaN,
        "Restructuring And Mergern Acquisition": 0.0,
        "Gain On Sale Of Security": NaN,
        "Net Non Operating Interest Income Expense": NaN,
        "Interest Expense Non Operating": 0.0,
        "Interest Income Non Operating": NaN,
        "Operating Income": NaN,
        "Operating Expense": NaN,
        "Research And Development": NaN,
        "Selling General And Administration": NaN,
        "Gross Profit": NaN,
        "Cost Of Revenue": NaN,
        "Total Revenue": NaN,
        "Operating Revenue": NaN
    },
    "2022-09-30": {
        "Tax Effect Of Unusual Items": NaN,
        "Tax Rate For Calcs": NaN,
        "Normalized EBITDA": NaN,
        "Total Unusual Items": NaN,
        "Total Unusual Items Excluding Goodwill": NaN,
        "Net Income From Continuing Operation Net Minority Interest": NaN,
        "Reconciled Depreciation": NaN,
        "Reconciled Cost Of Revenue": NaN,
        "EBITDA": NaN,
        "EBIT": NaN,
        "Net Interest Income": NaN,
        "Interest Expense": 0.0,
        "Interest Income": NaN,
        "Normalized Income": NaN,
        "Net Income From Continuing And Discontinued Operation": NaN,
        "Total Expenses": NaN,
        "Total Operating Income As Reported": NaN,
        "Diluted Average Shares": NaN,
        "Basic Average Shares": NaN,
        "Diluted EPS": NaN,
        "Basic EPS": NaN,
        "Diluted NI Availto Com Stockholders": NaN,
        "Net Income Common Stockholders": NaN,
        "Net Income": NaN,
        "Net Income Including Noncontrolling Interests": NaN,
        "Net Income Continuous Operations": NaN,
        "Tax Provision": NaN,
        "Pretax Income": NaN,
        "Other Income Expense": NaN,
        "Other Non Operating Income Expenses": NaN,
        "Special Income Charges": NaN,
        "Restructuring And Mergern Acquisition": NaN,
        "Gain On Sale Of Security": NaN,
        "Net Non Operating Interest Income Expense": NaN,
        "Interest Expense Non Operating": 0.0,
        "Interest Income Non Operating": NaN,
        "Operating Income": NaN,
        "Operating Expense": NaN,
        "Research And Development": NaN,
        "Selling General And Administration": NaN,
        "Gross Profit": NaN,
        "Cost Of Revenue": NaN,
        "Total Revenue": NaN,
        "Operating Revenue": NaN
    },
    "2022-06-30": {
        "Tax Effect Of Unusual Items": 1885600.0,
        "Tax Rate For Calcs": 0.4,
        "Normalized EBITDA": -65959000.0,
        "Total Unusual Items": 4714000.0,
        "Total Unusual Items Excluding Goodwill": 4714000.0,
        "Net Income From Continuing Operation Net Minority Interest": -64634000.0,
        "Reconciled Depreciation": 3100000.0,
        "Reconciled Cost Of Revenue": 16768000.0,
        "EBITDA": -61245000.0,
        "EBIT": -64345000.0,
        "Net Interest Income": 1484000.0,
        "Interest Expense": 0.0,
        "Interest Income": 1484000.0,
        "Normalized Income": -67462400.0,
        "Net Income From Continuing And Discontinued Operation": -64634000.0,
        "Total Expenses": 97671000.0,
        "Total Operating Income As Reported": -69190000.0,
        "Diluted Average Shares": 283405000.0,
        "Basic Average Shares": 283405000.0,
        "Diluted EPS": -0.23,
        "Basic EPS": -0.23,
        "Diluted NI Availto Com Stockholders": -64634000.0,
        "Net Income Common Stockholders": -64634000.0,
        "Net Income": -64634000.0,
        "Net Income Including Noncontrolling Interests": -64634000.0,
        "Net Income Continuous Operations": -64634000.0,
        "Tax Provision": 289000.0,
        "Pretax Income": -64345000.0,
        "Other Income Expense": 3361000.0,
        "Other Non Operating Income Expenses": -1353000.0,
        "Special Income Charges": 0.0,
        "Restructuring And Mergern Acquisition": 0.0,
        "Gain On Sale Of Security": 4714000.0,
        "Net Non Operating Interest Income Expense": 1484000.0,
        "Interest Expense Non Operating": 0.0,
        "Interest Income Non Operating": 1484000.0,
        "Operating Income": -69190000.0,
        "Operating Expense": 80903000.0,
        "Research And Development": 21518000.0,
        "Selling General And Administration": 59385000.0,
        "Gross Profit": 11713000.0,
        "Cost Of Revenue": 16768000.0,
        "Total Revenue": 28481000.0,
        "Operating Revenue": 28481000.0
    },
    "2022-03-31": {
        "Diluted EPS": 0.23,
        "Total Revenue": 29,
        "Gross Profit": 12,
        "Operating Income": -85,
        "EBIT": -82,
        "Net Income": 72
    },
    "2021-12-31": {
        "Diluted EPS": -1.5,
        "Total Revenue": 27,
        "Gross Profit": 11,
        "Operating Income": -95,
        "EBIT": -93,
        "Net Income": -161
    },
    "2021-09-30": {
        "Diluted EPS": -0.86,
        "Total Revenue": 28,
        "Gross Profit": 14,
        "Operating Income": -44,
        "EBIT": -42,
        "Net Income": -168
    },
    "2021-06-30": {
        "Diluted EPS": -0.15,
        "Total Revenue": 30,
        "Gross Profit": 18,
        "Operating Income": -6,
        "EBIT": -4,
        "Net Income": -6
    },
    "2021-03-31": {
        "Diluted EPS": -0.07,
        "Total Revenue": 27,
        "Gross Profit": 17,
        "Operating Income": -2,
        "EBIT": -1,
        "Net Income": -3
    },
    "2020-12-31": {
        "Diluted EPS": 0.0,
        "Total Revenue": NaN,
        "Gross Profit": NaN,
        "Operating Income": NaN,
        "EBIT": NaN,
        "Net Income": NaN
    },
    "2020-09-30": {
        "Diluted EPS": 0.0,
        "Total Revenue": 25,
        "Gross Profit": 15,
        "Operating Income": 1,
        "EBIT": 1,
        "Net Income": NaN
    },
    "2023-06-30": {
        "Tax Effect Of Unusual Items": NaN,
        "Tax Rate For Calcs": NaN,
        "Normalized EBITDA": NaN,
        "Total Unusual Items": NaN,
        "Total Unusual Items Excluding Goodwill": NaN,
        "Net Income From Continuing Operation Net Minority Interest": NaN,
        "Reconciled Depreciation": NaN,
        "Reconciled Cost Of Revenue": NaN,
        "EBITDA": NaN,
        "EBIT": NaN,
        "Net Interest Income": NaN,
        "Interest Income": NaN,
        "Normalized Income": NaN,
        "Net Income From Continuing And Discontinued Operation": NaN,
        "Total Expenses": NaN,
        "Total Operating Income As Reported": NaN,
        "Diluted Average Shares": NaN,
        "Basic Average Shares": NaN,
        "Diluted EPS": NaN,
        "Basic EPS": NaN,
        "Diluted NI Availto Com Stockholders": NaN,
        "Net Income Common Stockholders": NaN,
        "Net Income": NaN,
        "Net Income Including Noncontrolling Interests": NaN,
        "Net Income Continuous Operations": NaN,
        "Tax Provision": NaN,
        "Pretax Income": NaN,
        "Other Income Expense": NaN,
        "Other Non Operating Income Expenses": NaN,
        "Special Income Charges": NaN,
        "Other Special Charges": NaN,
        "Restructuring And Mergern Acquisition": 0.0,
        "Gain On Sale Of Security": NaN,
        "Net Non Operating Interest Income Expense": NaN,
        "Interest Income Non Operating": NaN,
        "Operating Income": NaN,
        "Operating Expense": NaN,
        "Research And Development": NaN,
        "Selling General And Administration": NaN,
        "Gross Profit": NaN,
        "Cost Of Revenue": NaN,
        "Total Revenue": NaN,
        "Operating Revenue": NaN
    },
    "2023-09-30": {
        "Tax Effect Of Unusual Items": NaN,
        "Tax Rate For Calcs": NaN,
        "Normalized EBITDA": NaN,
        "Total Unusual Items": NaN,
        "Total Unusual Items Excluding Goodwill": NaN,
        "Net Income From Continuing Operation Net Minority Interest": NaN,
        "Reconciled Depreciation": NaN,
        "Reconciled Cost Of Revenue": NaN,
        "EBITDA": NaN,
        "EBIT": NaN,
        "Net Interest Income": NaN,
        "Interest Income": NaN,
        "Normalized Income": NaN,
        "Net Income From Continuing And Discontinued Operation": NaN,
        "Total Expenses": NaN,
        "Total Operating Income As Reported": NaN,
        "Diluted Average Shares": NaN,
        "Basic Average Shares": NaN,
        "Diluted EPS": NaN,
        "Basic EPS": NaN,
        "Diluted NI Availto Com Stockholders": NaN,
        "Net Income Common Stockholders": NaN,
        "Net Income": NaN,
        "Net Income Including Noncontrolling Interests": NaN,
        "Net Income Continuous Operations": NaN,
        "Tax Provision": NaN,
        "Pretax Income": NaN,
        "Other Income Expense": NaN,
        "Other Non Operating Income Expenses": NaN,
        "Special Income Charges": 0.0,
        "Other Special Charges": NaN,
        "Restructuring And Mergern Acquisition": 0.0,
        "Gain On Sale Of Security": NaN,
        "Net Non Operating Interest Income Expense": NaN,
        "Interest Income Non Operating": NaN,
        "Operating Income": NaN,
        "Operating Expense": NaN,
        "Research And Development": NaN,
        "Selling General And Administration": NaN,
        "Gross Profit": NaN,
        "Cost Of Revenue": NaN,
        "Total Revenue": NaN,
        "Operating Revenue": NaN
    },
    "2023-12-31": {
        "Tax Effect Of Unusual Items": -15.082579,
        "Tax Rate For Calcs": 0.000296,
        "Normalized EBITDA": -28436000.0,
        "Total Unusual Items": -51000.0,
        "Total Unusual Items Excluding Goodwill": -51000.0,
        "Net Income From Continuing Operation Net Minority Interest": -43945000.0,
        "Reconciled Depreciation": 5307000.0,
        "Reconciled Cost Of Revenue": 21327000.0,
        "EBITDA": -28487000.0,
        "EBIT": -33794000.0,
        "Net Interest Income": 1881000.0,
        "Interest Income": 1881000.0,
        "Normalized Income": -43894015.082579,
        "Net Income From Continuing And Discontinued Operation": -43945000.0,
        "Total Expenses": 88685000.0,
        "Total Operating Income As Reported": -49140000.0,
        "Diluted Average Shares": 308030000.0,
        "Basic Average Shares": 308030000.0,
        "Diluted EPS": -0.14,
        "Basic EPS": -0.14,
        "Diluted NI Availto Com Stockholders": -43945000.0,
        "Net Income Common Stockholders": -43945000.0,
        "Net Income": -43945000.0,
        "Net Income Including Noncontrolling Interests": -43945000.0,
        "Net Income Continuous Operations": -43945000.0,
        "Tax Provision": -13000.0,
        "Pretax Income": -43958000.0,
        "Other Income Expense": 3301000.0,
        "Other Non Operating Income Expenses": 3352000.0,
        "Special Income Charges": 0.0,
        "Other Special Charges": NaN,
        "Restructuring And Mergern Acquisition": 0.0,
        "Gain On Sale Of Security": -51000.0,
        "Net Non Operating Interest Income Expense": 1881000.0,
        "Interest Income Non Operating": 1881000.0,
        "Operating Income": -49140000.0,
        "Operating Expense": 67358000.0,
        "Research And Development": 14594000.0,
        "Selling General And Administration": 52764000.0,
        "Gross Profit": 18218000.0,
        "Cost Of Revenue": 21327000.0,
        "Total Revenue": 39545000.0,
        "Operating Revenue": 39545000.0
    },
    "2024-03-31": {
        "Tax Effect Of Unusual Items": -25200.0,
        "Tax Rate For Calcs": 0.21,
        "Normalized EBITDA": -35088000.0,
        "Total Unusual Items": -120000.0,
        "Total Unusual Items Excluding Goodwill": -120000.0,
        "Net Income From Continuing Operation Net Minority Interest": -36128000.0,
        "Reconciled Depreciation": 5576000.0,
        "Reconciled Cost Of Revenue": 20280000.0,
        "EBITDA": -35208000.0,
        "EBIT": -40784000.0,
        "Net Interest Income": 2264000.0,
        "Interest Income": 2264000.0,
        "Normalized Income": -36033200.0,
        "Net Income From Continuing And Discontinued Operation": -36128000.0,
        "Total Expenses": 80656000.0,
        "Total Operating Income As Reported": -40784000.0,
        "Diluted Average Shares": 313008000.0,
        "Basic Average Shares": 313008000.0,
        "Diluted EPS": -0.12,
        "Basic EPS": -0.12,
        "Diluted NI Availto Com Stockholders": -36128000.0,
        "Net Income Common Stockholders": -36128000.0,
        "Net Income": -36128000.0,
        "Net Income Including Noncontrolling Interests": -36128000.0,
        "Net Income Continuous Operations": -36128000.0,
        "Tax Provision": 41000.0,
        "Pretax Income": -36087000.0,
        "Other Income Expense": 2433000.0,
        "Other Non Operating Income Expenses": 2553000.0,
        "Special Income Charges": NaN,
        "Other Special Charges": NaN,
        "Restructuring And Mergern Acquisition": NaN,
        "Gain On Sale Of Security": -120000.0,
        "Net Non Operating Interest Income Expense": 2264000.0,
        "Interest Income Non Operating": 2264000.0,
        "Operating Income": -40784000.0,
        "Operating Expense": 60376000.0,
        "Research And Development": 14900000.0,
        "Selling General And Administration": 45476000.0,
        "Gross Profit": 19592000.0,
        "Cost Of Revenue": 20280000.0,
        "Total Revenue": 39872000.0,
        "Operating Revenue": 39872000.0
    },
    "2024-06-30": {
        "Tax Effect Of Unusual Items": 0.0,
        "Tax Rate For Calcs": 0.0,
        "Normalized EBITDA": 51652000.0,
        "Total Unusual Items": -95944000.0,
        "Total Unusual Items Excluding Goodwill": -95944000.0,
        "Net Income From Continuing Operation Net Minority Interest": -141586000.0,
        "Reconciled Depreciation": 5817000.0,
        "Reconciled Cost Of Revenue": 22836000.0,
        "EBITDA": -44292000.0,
        "EBIT": -50109000.0,
        "Net Interest Income": 2623000.0,
        "Interest Income": 2623000.0,
        "Normalized Income": -45642000.0,
        "Net Income From Continuing And Discontinued Operation": -141586000.0,
        "Total Expenses": 92325000.0,
        "Total Operating Income As Reported": -145109000.0,
        "Diluted Average Shares": 316801000.0,
        "Basic Average Shares": 316801000.0,
        "Diluted EPS": -0.45,
        "Basic EPS": -0.45,
        "Diluted NI Availto Com Stockholders": -141586000.0,
        "Net Income Common Stockholders": -141586000.0,
        "Net Income": -141586000.0,
        "Net Income Including Noncontrolling Interests": -141586000.0,
        "Net Income Continuous Operations": -141586000.0,
        "Tax Provision": 54000.0,
        "Pretax Income": -141532000.0,
        "Other Income Expense": -94046000.0,
        "Other Non Operating Income Expenses": 1898000.0,
        "Special Income Charges": -95000000.0,
        "Other Special Charges": 95000000.0,
        "Restructuring And Mergern Acquisition": NaN,
        "Gain On Sale Of Security": -944000.0,
        "Net Non Operating Interest Income Expense": 2623000.0,
        "Interest Income Non Operating": 2623000.0,
        "Operating Income": -50109000.0,
        "Operating Expense": 69489000.0,
        "Research And Development": 15360000.0,
        "Selling General And Administration": 54129000.0,
        "Gross Profit": 19380000.0,
        "Cost Of Revenue": 22836000.0,
        "Total Revenue": 42216000.0,
        "Operating Revenue": 42216000.0
    },
    "2024-09-30": {
        "Tax Effect Of Unusual Items": 35490.0,
        "Tax Rate For Calcs": 0.21,
        "Normalized EBITDA": -38303000.0,
        "Total Unusual Items": 169000.0,
        "Total Unusual Items Excluding Goodwill": 169000.0,
        "Net Income From Continuing Operation Net Minority Interest": -38401000.0,
        "Reconciled Depreciation": 5891000.0,
        "Reconciled Cost Of Revenue": 22093000.0,
        "EBITDA": -38134000.0,
        "EBIT": -44025000.0,
        "Net Interest Income": 3211000.0,
        "Interest Income": 3211000.0,
        "Normalized Income": -38534510.0,
        "Net Income From Continuing And Discontinued Operation": -38401000.0,
        "Total Expenses": 87818000.0,
        "Total Operating Income As Reported": -44025000.0,
        "Diluted Average Shares": 321151000.0,
        "Basic Average Shares": 321151000.0,
        "Diluted EPS": -0.12,
        "Basic EPS": -0.12,
        "Diluted NI Availto Com Stockholders": -38401000.0,
        "Net Income Common Stockholders": -38401000.0,
        "Net Income": -38401000.0,
        "Net Income Including Noncontrolling Interests": -38401000.0,
        "Net Income Continuous Operations": -38401000.0,
        "Tax Provision": 67000.0,
        "Pretax Income": -38334000.0,
        "Other Income Expense": 2480000.0,
        "Other Non Operating Income Expenses": 2311000.0,
        "Special Income Charges": 0.0,
        "Other Special Charges": NaN,
        "Restructuring And Mergern Acquisition": NaN,
        "Gain On Sale Of Security": 169000.0,
        "Net Non Operating Interest Income Expense": 3211000.0,
        "Interest Income Non Operating": 3211000.0,
        "Operating Income": -44025000.0,
        "Operating Expense": 65725000.0,
        "Research And Development": 15261000.0,
        "Selling General And Administration": 50464000.0,
        "Gross Profit": 21700000.0,
        "Cost Of Revenue": 22093000.0,
        "Total Revenue": 43793000.0,
        "Operating Revenue": 43793000.0
    },
    "2024-12-31": {
        "Tax Effect Of Unusual Items": 84.070906,
        "Tax Rate For Calcs": 0.001356,
        "Normalized EBITDA": -38040000.0,
        "Total Unusual Items": 62000.0,
        "Total Unusual Items Excluding Goodwill": 62000.0,
        "Net Income From Continuing Operation Net Minority Interest": -40506000.0,
        "Reconciled Depreciation": 5958000.0,
        "Reconciled Cost Of Revenue": 21577000.0,
        "EBITDA": -37978000.0,
        "EBIT": -43936000.0,
        "Net Interest Income": 3510000.0,
        "Interest Income": 3510000.0,
        "Normalized Income": -40567915.929094,
        "Net Income From Continuing And Discontinued Operation": -40506000.0,
        "Total Expenses": 87754000.0,
        "Total Operating Income As Reported": -43936000.0,
        "Diluted Average Shares": 325010000.0,
        "Basic Average Shares": 325010000.0,
        "Diluted EPS": -0.12,
        "Basic EPS": -0.12,
        "Diluted NI Availto Com Stockholders": -40506000.0,
        "Net Income Common Stockholders": -40506000.0,
        "Net Income": -40506000.0,
        "Net Income Including Noncontrolling Interests": -40506000.0,
        "Net Income Continuous Operations": -40506000.0,
        "Tax Provision": -55000.0,
        "Pretax Income": -40561000.0,
        "Other Income Expense": -135000.0,
        "Other Non Operating Income Expenses": -197000.0,
        "Special Income Charges": 0.0,
        "Other Special Charges": 0.0,
        "Restructuring And Mergern Acquisition": NaN,
        "Gain On Sale Of Security": 62000.0,
        "Net Non Operating Interest Income Expense": 3510000.0,
        "Interest Income Non Operating": 3510000.0,
        "Operating Income": -43936000.0,
        "Operating Expense": 66177000.0,
        "Research And Development": 15410000.0,
        "Selling General And Administration": 50767000.0,
        "Gross Profit": 22241000.0,
        "Cost Of Revenue": 21577000.0,
        "Total Revenue": 43818000.0,
        "Operating Revenue": 43818000.0
    }
}