{
    "2024-09-30": {
        "Tax Effect Of Unusual Items": 0.0,
        "Tax Rate For Calcs": 0.0,
        "Normalized EBITDA": -6551000.0,
        "Total Unusual Items": 297000.0,
        "Total Unusual Items Excluding Goodwill": 297000.0,
        "Net Income From Continuing Operation Net Minority Interest": -5652000.0,
        "Reconciled Depreciation": 5000.0,
        "EBITDA": -6254000.0,
        "EBIT": -6259000.0,
        "Net Interest Income": 310000.0,
        "Interest Income": 310000.0,
        "Normalized Income": -5949000.0,
        "Net Income From Continuing And Discontinued Operation": -5652000.0,
        "Total Expenses": 6259000.0,
        "Total Operating Income As Reported": -6259000.0,
        "Diluted Average Shares": 928553.0,
        "Basic Average Shares": 928553.0,
        "Diluted EPS": -6.05,
        "Basic EPS": -6.05,
        "Diluted NI Availto Com Stockholders": -5652000.0,
        "Net Income Common Stockholders": -5652000.0,
        "Net Income": -5652000.0,
        "Net Income Including Noncontrolling Interests": -5652000.0,
        "Net Income Continuous Operations": -5652000.0,
        "Tax Provision": 0.0,
        "Pretax Income": -5652000.0,
        "Other Income Expense": 297000.0,
        "Gain On Sale Of Security": 297000.0,
        "Net Non Operating Interest Income Expense": 310000.0,
        "Interest Income Non Operating": 310000.0,
        "Operating Income": -6259000.0,
        "Operating Expense": 6259000.0,
        "Research And Development": 4517000.0,
        "Selling General And Administration": 1742000.0,
        "General And Administrative Expense": 1742000.0,
        "Other Gand A": 1742000.0,
        "Total Revenue": 0.0,
        "Operating Revenue": 0.0
    },
    "2024-06-30": {
        "Tax Effect Of Unusual Items": NaN,
        "Tax Rate For Calcs": NaN,
        "Normalized EBITDA": NaN,
        "Total Unusual Items": NaN,
        "Total Unusual Items Excluding Goodwill": NaN,
        "Net Income From Continuing Operation Net Minority Interest": NaN,
        "Reconciled Depreciation": NaN,
        "EBITDA": NaN,
        "EBIT": NaN,
        "Net Interest Income": NaN,
        "Interest Income": NaN,
        "Normalized Income": NaN,
        "Net Income From Continuing And Discontinued Operation": NaN,
        "Total Expenses": NaN,
        "Total Operating Income As Reported": NaN,
        "Diluted Average Shares": 493536.0,
        "Basic Average Shares": 493536.0,
        "Diluted EPS": -20.35,
        "Basic EPS": -20.35,
        "Diluted NI Availto Com Stockholders": NaN,
        "Net Income Common Stockholders": NaN,
        "Net Income": NaN,
        "Net Income Including Noncontrolling Interests": NaN,
        "Net Income Continuous Operations": NaN,
        "Tax Provision": NaN,
        "Pretax Income": NaN,
        "Other Income Expense": NaN,
        "Gain On Sale Of Security": NaN,
        "Net Non Operating Interest Income Expense": NaN,
        "Interest Income Non Operating": NaN,
        "Operating Income": NaN,
        "Operating Expense": NaN,
        "Research And Development": NaN,
        "Selling General And Administration": NaN,
        "General And Administrative Expense": NaN,
        "Other Gand A": NaN,
        "Total Revenue": NaN,
        "Operating Revenue": NaN
    },
    "2024-03-31": {
        "Tax Effect Of Unusual Items": NaN,
        "Tax Rate For Calcs": NaN,
        "Normalized EBITDA": NaN,
        "Total Unusual Items": NaN,
        "Total Unusual Items Excluding Goodwill": NaN,
        "Net Income From Continuing Operation Net Minority Interest": NaN,
        "Reconciled Depreciation": NaN,
        "EBITDA": NaN,
        "EBIT": NaN,
        "Net Interest Income": NaN,
        "Interest Income": NaN,
        "Normalized Income": NaN,
        "Net Income From Continuing And Discontinued Operation": NaN,
        "Total Expenses": NaN,
        "Total Operating Income As Reported": NaN,
        "Diluted Average Shares": 5089408.0,
        "Basic Average Shares": 5089408.0,
        "Diluted EPS": -1.32,
        "Basic EPS": -1.32,
        "Diluted NI Availto Com Stockholders": NaN,
        "Net Income Common Stockholders": NaN,
        "Net Income": NaN,
        "Net Income Including Noncontrolling Interests": NaN,
        "Net Income Continuous Operations": NaN,
        "Tax Provision": NaN,
        "Pretax Income": NaN,
        "Other Income Expense": NaN,
        "Gain On Sale Of Security": NaN,
        "Net Non Operating Interest Income Expense": NaN,
        "Interest Income Non Operating": NaN,
        "Operating Income": NaN,
        "Operating Expense": NaN,
        "Research And Development": NaN,
        "Selling General And Administration": NaN,
        "General And Administrative Expense": NaN,
        "Other Gand A": NaN,
        "Total Revenue": NaN,
        "Operating Revenue": NaN
    },
    "2023-12-31": {
        "Tax Effect Of Unusual Items": 0.0,
        "Tax Rate For Calcs": 0.0,
        "Normalized EBITDA": -2301000.0,
        "Total Unusual Items": 54000.0,
        "Total Unusual Items Excluding Goodwill": 54000.0,
        "Net Income From Continuing Operation Net Minority Interest": -5314000.0,
        "Reconciled Depreciation": 4000.0,
        "EBITDA": -2247000.0,
        "EBIT": -2251000.0,
        "Net Interest Income": 299000.0,
        "Interest Income": 299000.0,
        "Normalized Income": -5368000.0,
        "Net Income From Continuing And Discontinued Operation": -5314000.0,
        "Total Expenses": 5667000.0,
        "Total Operating Income As Reported": -5667000.0,
        "Diluted Average Shares": NaN,
        "Basic Average Shares": NaN,
        "Diluted EPS": NaN,
        "Basic EPS": NaN,
        "Diluted NI Availto Com Stockholders": -5314000.0,
        "Net Income Common Stockholders": -5314000.0,
        "Net Income": -5314000.0,
        "Net Income Including Noncontrolling Interests": -5314000.0,
        "Net Income Continuous Operations": -5314000.0,
        "Tax Provision": 0.0,
        "Pretax Income": -5314000.0,
        "Other Income Expense": 54000.0,
        "Gain On Sale Of Security": 54000.0,
        "Net Non Operating Interest Income Expense": 299000.0,
        "Interest Income Non Operating": 299000.0,
        "Operating Income": -5667000.0,
        "Operating Expense": 5667000.0,
        "Research And Development": 3865000.0,
        "Selling General And Administration": 1802000.0,
        "General And Administrative Expense": 1802000.0,
        "Other Gand A": 1802000.0,
        "Total Revenue": 0.0,
        "Operating Revenue": 0.0
    },
    "2023-09-30": {
        "Tax Effect Of Unusual Items": NaN,
        "Tax Rate For Calcs": NaN,
        "Normalized EBITDA": NaN,
        "Total Unusual Items": NaN,
        "Total Unusual Items Excluding Goodwill": NaN,
        "Net Income From Continuing Operation Net Minority Interest": NaN,
        "Reconciled Depreciation": NaN,
        "EBITDA": NaN,
        "EBIT": NaN,
        "Net Interest Income": NaN,
        "Interest Income": NaN,
        "Normalized Income": NaN,
        "Net Income From Continuing And Discontinued Operation": NaN,
        "Total Expenses": NaN,
        "Total Operating Income As Reported": NaN,
        "Diluted Average Shares": 5075817.0,
        "Basic Average Shares": 5075817.0,
        "Diluted EPS": -0.75,
        "Basic EPS": -0.75,
        "Diluted NI Availto Com Stockholders": NaN,
        "Net Income Common Stockholders": NaN,
        "Net Income": NaN,
        "Net Income Including Noncontrolling Interests": NaN,
        "Net Income Continuous Operations": NaN,
        "Tax Provision": NaN,
        "Pretax Income": NaN,
        "Other Income Expense": NaN,
        "Gain On Sale Of Security": NaN,
        "Net Non Operating Interest Income Expense": NaN,
        "Interest Income Non Operating": NaN,
        "Operating Income": NaN,
        "Operating Expense": NaN,
        "Research And Development": NaN,
        "Selling General And Administration": NaN,
        "General And Administrative Expense": NaN,
        "Other Gand A": NaN,
        "Total Revenue": NaN,
        "Operating Revenue": NaN
    },
    "2023-06-30": {
        "Tax Effect Of Unusual Items": NaN,
        "Tax Rate For Calcs": NaN,
        "Normalized EBITDA": NaN,
        "Total Unusual Items": NaN,
        "Total Unusual Items Excluding Goodwill": NaN,
        "Net Income From Continuing Operation Net Minority Interest": NaN,
        "Reconciled Depreciation": NaN,
        "EBITDA": NaN,
        "EBIT": NaN,
        "Net Interest Income": NaN,
        "Interest Income": NaN,
        "Normalized Income": NaN,
        "Net Income From Continuing And Discontinued Operation": NaN,
        "Total Expenses": NaN,
        "Total Operating Income As Reported": NaN,
        "Diluted Average Shares": 5059003.0,
        "Basic Average Shares": 5059003.0,
        "Diluted EPS": -0.15,
        "Basic EPS": -0.15,
        "Diluted NI Availto Com Stockholders": NaN,
        "Net Income Common Stockholders": NaN,
        "Net Income": NaN,
        "Net Income Including Noncontrolling Interests": NaN,
        "Net Income Continuous Operations": NaN,
        "Tax Provision": NaN,
        "Pretax Income": NaN,
        "Other Income Expense": NaN,
        "Gain On Sale Of Security": NaN,
        "Net Non Operating Interest Income Expense": NaN,
        "Interest Income Non Operating": NaN,
        "Operating Income": NaN,
        "Operating Expense": NaN,
        "Research And Development": NaN,
        "Selling General And Administration": NaN,
        "General And Administrative Expense": NaN,
        "Other Gand A": NaN,
        "Salaries And Wages": 24000.0,
        "Total Revenue": NaN,
        "Operating Revenue": NaN
    },
    "2024-12-31": {
        "Tax Effect Of Unusual Items": 0.0,
        "Tax Rate For Calcs": 0.0,
        "Normalized EBITDA": -5783000.0,
        "Total Unusual Items": 203000.0,
        "Total Unusual Items Excluding Goodwill": 203000.0,
        "Net Income From Continuing Operation Net Minority Interest": -5173000.0,
        "Reconciled Depreciation": 5000.0,
        "EBITDA": -5580000.0,
        "EBIT": -5585000.0,
        "Net Interest Income": 209000.0,
        "Interest Income": 209000.0,
        "Normalized Income": -5376000.0,
        "Net Income From Continuing And Discontinued Operation": -5173000.0,
        "Total Expenses": 5585000.0,
        "Total Operating Income As Reported": -5585000.0,
        "Diluted Average Shares": NaN,
        "Basic Average Shares": NaN,
        "Diluted EPS": NaN,
        "Basic EPS": NaN,
        "Diluted NI Availto Com Stockholders": -5173000.0,
        "Net Income Common Stockholders": -5173000.0,
        "Net Income": -5173000.0,
        "Net Income Including Noncontrolling Interests": -5173000.0,
        "Net Income Continuous Operations": -5173000.0,
        "Tax Provision": 0.0,
        "Pretax Income": -5173000.0,
        "Other Income Expense": 203000.0,
        "Gain On Sale Of Security": 203000.0,
        "Net Non Operating Interest Income Expense": 209000.0,
        "Interest Income Non Operating": 209000.0,
        "Operating Income": -5585000.0,
        "Operating Expense": 5585000.0,
        "Research And Development": 4058000.0,
        "Selling General And Administration": 1527000.0,
        "General And Administrative Expense": 1527000.0,
        "Other Gand A": 1527000.0,
        "Total Revenue": 0.0,
        "Operating Revenue": 0.0
    },
    "2025-03-31": {
        "Tax Effect Of Unusual Items": 0.0,
        "Tax Rate For Calcs": 0.0,
        "Normalized EBITDA": -3969000.0,
        "Total Unusual Items": 87000.0,
        "Total Unusual Items Excluding Goodwill": 87000.0,
        "Net Income From Continuing Operation Net Minority Interest": -3671000.0,
        "Reconciled Depreciation": 4000.0,
        "EBITDA": -3882000.0,
        "EBIT": -3886000.0,
        "Net Interest Income": 128000.0,
        "Interest Income": 128000.0,
        "Normalized Income": -3758000.0,
        "Net Income From Continuing And Discontinued Operation": -3671000.0,
        "Total Expenses": 3886000.0,
        "Total Operating Income As Reported": -3886000.0,
        "Diluted Average Shares": 933109.0,
        "Basic Average Shares": 933109.0,
        "Diluted EPS": -3.96,
        "Basic EPS": -3.96,
        "Diluted NI Availto Com Stockholders": -3671000.0,
        "Net Income Common Stockholders": -3671000.0,
        "Net Income": -3671000.0,
        "Net Income Including Noncontrolling Interests": -3671000.0,
        "Net Income Continuous Operations": -3671000.0,
        "Tax Provision": 0.0,
        "Pretax Income": -3671000.0,
        "Other Income Expense": 87000.0,
        "Gain On Sale Of Security": 87000.0,
        "Net Non Operating Interest Income Expense": 128000.0,
        "Interest Income Non Operating": 128000.0,
        "Operating Income": -3886000.0,
        "Operating Expense": 3886000.0,
        "Research And Development": 2327000.0,
        "Selling General And Administration": 1559000.0,
        "General And Administrative Expense": 1559000.0,
        "Other Gand A": 1559000.0,
        "Total Revenue": 0.0,
        "Operating Revenue": 0.0
    },
    "2025-06-30": {
        "Tax Effect Of Unusual Items": 0.0,
        "Tax Rate For Calcs": 0.0,
        "Normalized EBITDA": -4456000.0,
        "Total Unusual Items": 160000.0,
        "Total Unusual Items Excluding Goodwill": 160000.0,
        "Net Income From Continuing Operation Net Minority Interest": -3995000.0,
        "Reconciled Depreciation": 5000.0,
        "EBITDA": -4296000.0,
        "EBIT": -4301000.0,
        "Net Interest Income": 146000.0,
        "Interest Income": 146000.0,
        "Normalized Income": -4155000.0,
        "Net Income From Continuing And Discontinued Operation": -3995000.0,
        "Total Expenses": 4301000.0,
        "Total Operating Income As Reported": -4301000.0,
        "Diluted Average Shares": 1389752.0,
        "Basic Average Shares": 1389752.0,
        "Diluted EPS": -2.86,
        "Basic EPS": -2.86,
        "Diluted NI Availto Com Stockholders": -3995000.0,
        "Net Income Common Stockholders": -3995000.0,
        "Net Income": -3995000.0,
        "Net Income Including Noncontrolling Interests": -3995000.0,
        "Net Income Continuous Operations": -3995000.0,
        "Tax Provision": 0.0,
        "Pretax Income": -3995000.0,
        "Other Income Expense": 160000.0,
        "Gain On Sale Of Security": 160000.0,
        "Net Non Operating Interest Income Expense": 146000.0,
        "Interest Income Non Operating": 146000.0,
        "Operating Income": -4301000.0,
        "Operating Expense": 4301000.0,
        "Research And Development": 2320000.0,
        "Selling General And Administration": 1981000.0,
        "General And Administrative Expense": 1981000.0,
        "Other Gand A": 1981000.0,
        "Total Revenue": 0.0,
        "Operating Revenue": 0.0
    },
    "2025-09-30": {
        "Tax Effect Of Unusual Items": 0.0,
        "Tax Rate For Calcs": 0.0,
        "Normalized EBITDA": -3417000.0,
        "Total Unusual Items": -53000.0,
        "Total Unusual Items Excluding Goodwill": -53000.0,
        "Net Income From Continuing Operation Net Minority Interest": -3377000.0,
        "Reconciled Depreciation": 5000.0,
        "EBITDA": -3470000.0,
        "EBIT": -3475000.0,
        "Net Interest Income": 151000.0,
        "Interest Income": 151000.0,
        "Normalized Income": -3324000.0,
        "Net Income From Continuing And Discontinued Operation": -3377000.0,
        "Total Expenses": 3475000.0,
        "Total Operating Income As Reported": -3475000.0,
        "Diluted Average Shares": 2219625.0,
        "Basic Average Shares": 2219625.0,
        "Diluted EPS": -1.54,
        "Basic EPS": -1.54,
        "Diluted NI Availto Com Stockholders": -3377000.0,
        "Net Income Common Stockholders": -3377000.0,
        "Net Income": -3377000.0,
        "Net Income Including Noncontrolling Interests": -3377000.0,
        "Net Income Continuous Operations": -3377000.0,
        "Tax Provision": 0.0,
        "Pretax Income": -3377000.0,
        "Other Income Expense": -53000.0,
        "Gain On Sale Of Security": -53000.0,
        "Net Non Operating Interest Income Expense": 151000.0,
        "Interest Income Non Operating": 151000.0,
        "Operating Income": -3475000.0,
        "Operating Expense": 3475000.0,
        "Research And Development": 1914000.0,
        "Selling General And Administration": 1561000.0,
        "General And Administrative Expense": 1561000.0,
        "Other Gand A": 1561000.0,
        "Total Revenue": 0.0,
        "Operating Revenue": 0.0
    }
}