{
    "2023-06-30": {
        "Tax Effect Of Unusual Items": NaN,
        "Tax Rate For Calcs": NaN,
        "Normalized EBITDA": NaN,
        "Total Unusual Items": NaN,
        "Total Unusual Items Excluding Goodwill": NaN,
        "Net Income From Continuing Operation Net Minority Interest": NaN,
        "Reconciled Depreciation": NaN,
        "Reconciled Cost Of Revenue": NaN,
        "EBITDA": NaN,
        "EBIT": NaN,
        "Net Interest Income": NaN,
        "Interest Expense": NaN,
        "Normalized Income": NaN,
        "Net Income From Continuing And Discontinued Operation": NaN,
        "Total Expenses": NaN,
        "Total Operating Income As Reported": NaN,
        "Diluted Average Shares": NaN,
        "Basic Average Shares": NaN,
        "Diluted EPS": NaN,
        "Basic EPS": NaN,
        "Diluted NI Availto Com Stockholders": NaN,
        "Net Income Common Stockholders": NaN,
        "Net Income": NaN,
        "Minority Interests": NaN,
        "Net Income Including Noncontrolling Interests": NaN,
        "Net Income Continuous Operations": NaN,
        "Earnings From Equity Interest Net Of Tax": NaN,
        "Tax Provision": NaN,
        "Pretax Income": NaN,
        "Other Income Expense": NaN,
        "Other Non Operating Income Expenses": NaN,
        "Special Income Charges": NaN,
        "Other Special Charges": NaN,
        "Impairment Of Capital Assets": NaN,
        "Restructuring And Mergern Acquisition": NaN,
        "Net Non Operating Interest Income Expense": NaN,
        "Interest Expense Non Operating": NaN,
        "Operating Income": NaN,
        "Operating Expense": NaN,
        "Provision For Doubtful Accounts": 0.0,
        "Research And Development": NaN,
        "Selling General And Administration": NaN,
        "Selling And Marketing Expense": NaN,
        "General And Administrative Expense": NaN,
        "Other Gand A": NaN,
        "Gross Profit": NaN,
        "Cost Of Revenue": NaN,
        "Total Revenue": NaN,
        "Operating Revenue": NaN
    },
    "2023-03-31": {
        "Tax Effect Of Unusual Items": -22000.0,
        "Tax Rate For Calcs": 0.22,
        "Normalized EBITDA": 85700000.0,
        "Total Unusual Items": -100000.0,
        "Total Unusual Items Excluding Goodwill": -100000.0,
        "Net Income From Continuing Operation Net Minority Interest": 37000000.0,
        "Reconciled Depreciation": 23700000.0,
        "Reconciled Cost Of Revenue": 425400000.0,
        "EBITDA": 85600000.0,
        "EBIT": 61900000.0,
        "Net Interest Income": -14200000.0,
        "Interest Expense": 14200000.0,
        "Normalized Income": 37078000.0,
        "Net Income From Continuing And Discontinued Operation": 37000000.0,
        "Total Expenses": 483000000.0,
        "Total Operating Income As Reported": 63000000.0,
        "Diluted Average Shares": 32500000.0,
        "Basic Average Shares": 32500000.0,
        "Diluted EPS": 1.14,
        "Basic EPS": 1.14,
        "Diluted NI Availto Com Stockholders": 37000000.0,
        "Net Income Common Stockholders": 37000000.0,
        "Net Income": 37000000.0,
        "Minority Interests": -1100000.0,
        "Net Income Including Noncontrolling Interests": 38100000.0,
        "Net Income Continuous Operations": 38100000.0,
        "Earnings From Equity Interest Net Of Tax": 900000.0,
        "Tax Provision": 10500000.0,
        "Pretax Income": 47700000.0,
        "Other Income Expense": -1200000.0,
        "Other Non Operating Income Expenses": -1100000.0,
        "Special Income Charges": -100000.0,
        "Other Special Charges": NaN,
        "Impairment Of Capital Assets": NaN,
        "Restructuring And Mergern Acquisition": 100000.0,
        "Net Non Operating Interest Income Expense": -14200000.0,
        "Interest Expense Non Operating": 14200000.0,
        "Operating Income": 63100000.0,
        "Operating Expense": 57600000.0,
        "Research And Development": 5300000.0,
        "Selling General And Administration": 52300000.0,
        "Selling And Marketing Expense": NaN,
        "General And Administrative Expense": NaN,
        "Other Gand A": NaN,
        "Gross Profit": 120700000.0,
        "Cost Of Revenue": 425400000.0,
        "Total Revenue": 546100000.0,
        "Operating Revenue": 546100000.0
    },
    "2022-12-31": {
        "Tax Effect Of Unusual Items": NaN,
        "Tax Rate For Calcs": NaN,
        "Normalized EBITDA": NaN,
        "Total Unusual Items": NaN,
        "Total Unusual Items Excluding Goodwill": NaN,
        "Net Income From Continuing Operation Net Minority Interest": NaN,
        "Reconciled Depreciation": NaN,
        "Reconciled Cost Of Revenue": NaN,
        "EBITDA": NaN,
        "EBIT": NaN,
        "Net Interest Income": NaN,
        "Interest Expense": NaN,
        "Normalized Income": NaN,
        "Net Income From Continuing And Discontinued Operation": NaN,
        "Total Expenses": NaN,
        "Total Operating Income As Reported": NaN,
        "Diluted Average Shares": NaN,
        "Basic Average Shares": NaN,
        "Diluted EPS": NaN,
        "Basic EPS": NaN,
        "Diluted NI Availto Com Stockholders": NaN,
        "Net Income Common Stockholders": NaN,
        "Net Income": NaN,
        "Minority Interests": NaN,
        "Net Income Including Noncontrolling Interests": NaN,
        "Net Income Continuous Operations": NaN,
        "Earnings From Equity Interest Net Of Tax": NaN,
        "Tax Provision": NaN,
        "Pretax Income": NaN,
        "Other Income Expense": NaN,
        "Other Non Operating Income Expenses": NaN,
        "Special Income Charges": NaN,
        "Other Special Charges": 0.0,
        "Impairment Of Capital Assets": NaN,
        "Restructuring And Mergern Acquisition": NaN,
        "Net Non Operating Interest Income Expense": NaN,
        "Interest Expense Non Operating": NaN,
        "Operating Income": NaN,
        "Operating Expense": NaN,
        "Research And Development": NaN,
        "Selling General And Administration": NaN,
        "Selling And Marketing Expense": NaN,
        "General And Administrative Expense": NaN,
        "Other Gand A": NaN,
        "Gross Profit": NaN,
        "Cost Of Revenue": NaN,
        "Total Revenue": NaN,
        "Operating Revenue": NaN
    },
    "2022-09-30": {
        "Tax Effect Of Unusual Items": NaN,
        "Tax Rate For Calcs": NaN,
        "Normalized EBITDA": NaN,
        "Total Unusual Items": NaN,
        "Total Unusual Items Excluding Goodwill": NaN,
        "Net Income From Continuing Operation Net Minority Interest": NaN,
        "Reconciled Depreciation": NaN,
        "Reconciled Cost Of Revenue": NaN,
        "EBITDA": NaN,
        "EBIT": NaN,
        "Net Interest Income": NaN,
        "Interest Expense": NaN,
        "Normalized Income": NaN,
        "Net Income From Continuing And Discontinued Operation": NaN,
        "Total Expenses": NaN,
        "Total Operating Income As Reported": NaN,
        "Diluted Average Shares": NaN,
        "Basic Average Shares": NaN,
        "Diluted EPS": NaN,
        "Basic EPS": NaN,
        "Diluted NI Availto Com Stockholders": NaN,
        "Net Income Common Stockholders": NaN,
        "Net Income": NaN,
        "Minority Interests": NaN,
        "Net Income Including Noncontrolling Interests": NaN,
        "Net Income Continuous Operations": NaN,
        "Earnings From Equity Interest Net Of Tax": NaN,
        "Tax Provision": NaN,
        "Pretax Income": NaN,
        "Other Income Expense": NaN,
        "Other Non Operating Income Expenses": NaN,
        "Special Income Charges": NaN,
        "Other Special Charges": NaN,
        "Impairment Of Capital Assets": 0.0,
        "Restructuring And Mergern Acquisition": NaN,
        "Net Non Operating Interest Income Expense": NaN,
        "Interest Expense Non Operating": NaN,
        "Operating Income": NaN,
        "Operating Expense": NaN,
        "Research And Development": NaN,
        "Selling General And Administration": NaN,
        "Selling And Marketing Expense": 46000000.0,
        "General And Administrative Expense": 46000000.0,
        "Other Gand A": 46000000.0,
        "Gross Profit": NaN,
        "Cost Of Revenue": NaN,
        "Total Revenue": NaN,
        "Operating Revenue": NaN
    },
    "2022-06-30": {
        "Tax Effect Of Unusual Items": -828200.0,
        "Tax Rate For Calcs": 0.202,
        "Normalized EBITDA": 94500000.0,
        "Total Unusual Items": -4100000.0,
        "Total Unusual Items Excluding Goodwill": -4100000.0,
        "Net Income From Continuing Operation Net Minority Interest": 44900000.0,
        "Reconciled Depreciation": 23700000.0,
        "Reconciled Cost Of Revenue": 429700000.0,
        "EBITDA": 90400000.0,
        "EBIT": 66700000.0,
        "Net Interest Income": -10400000.0,
        "Interest Expense": 10400000.0,
        "Interest Income": NaN,
        "Normalized Income": 48171800.0,
        "Net Income From Continuing And Discontinued Operation": 44900000.0,
        "Total Expenses": 483500000.0,
        "Total Operating Income As Reported": 69400000.0,
        "Diluted Average Shares": 32900000.0,
        "Basic Average Shares": 32800000.0,
        "Diluted EPS": 1.36,
        "Basic EPS": 1.37,
        "Diluted NI Availto Com Stockholders": 44900000.0,
        "Net Income Common Stockholders": 44900000.0,
        "Net Income": 44900000.0,
        "Minority Interests": -600000.0,
        "Net Income Including Noncontrolling Interests": 45500000.0,
        "Net Income Continuous Operations": 45500000.0,
        "Earnings From Equity Interest Net Of Tax": 600000.0,
        "Tax Provision": 11400000.0,
        "Pretax Income": 56300000.0,
        "Other Income Expense": -6800000.0,
        "Other Non Operating Income Expenses": -2700000.0,
        "Special Income Charges": -4100000.0,
        "Other Special Charges": 1500000.0,
        "Write Off": NaN,
        "Restructuring And Mergern Acquisition": 2600000.0,
        "Gain On Sale Of Security": NaN,
        "Net Non Operating Interest Income Expense": -10400000.0,
        "Interest Expense Non Operating": 10400000.0,
        "Interest Income Non Operating": NaN,
        "Operating Income": 73500000.0,
        "Operating Expense": 53800000.0,
        "Research And Development": 5000000.0,
        "Selling General And Administration": 48800000.0,
        "Selling And Marketing Expense": NaN,
        "Gross Profit": 127300000.0,
        "Cost Of Revenue": 429700000.0,
        "Total Revenue": 557000000.0,
        "Operating Revenue": 557000000.0
    },
    "2022-03-31": {
        "Diluted EPS": 1.33,
        "Total Revenue": 519,
        "Gross Profit": 122,
        "Operating Income": 66,
        "EBIT": 90,
        "Net Income": 44
    },
    "2021-12-31": {
        "Diluted EPS": 1.24,
        "Total Revenue": 477,
        "Gross Profit": 106,
        "Operating Income": 53,
        "EBIT": 76,
        "Net Income": 41
    },
    "2021-09-30": {
        "Diluted EPS": 1.22,
        "Total Revenue": 473,
        "Gross Profit": 113,
        "Operating Income": 61,
        "EBIT": 84,
        "Net Income": 41
    },
    "2021-06-30": {
        "Diluted EPS": 1.23,
        "Total Revenue": 456,
        "Gross Profit": 115,
        "Operating Income": 64,
        "EBIT": 84,
        "Net Income": 42
    },
    "2021-03-31": {
        "Diluted EPS": 1.17,
        "Total Revenue": 453,
        "Gross Profit": 112,
        "Operating Income": 59,
        "EBIT": 86,
        "Net Income": 40
    },
    "2020-12-31": {
        "Diluted EPS": 0.92,
        "Total Revenue": 432,
        "Gross Profit": 111,
        "Operating Income": 55,
        "EBIT": 78,
        "Net Income": 31
    },
    "2020-09-30": {
        "Diluted EPS": 0.83,
        "Total Revenue": 388,
        "Gross Profit": 98,
        "Operating Income": 49,
        "EBIT": 72,
        "Net Income": 28
    },
    "2020-06-30": {
        "Diluted EPS": 0.42,
        "Total Revenue": 357,
        "Gross Profit": 89,
        "Operating Income": 27,
        "EBIT": 48,
        "Net Income": 14
    },
    "2020-03-31": {
        "Diluted EPS": 1.12,
        "Total Revenue": 418,
        "Gross Profit": 107,
        "Operating Income": 58,
        "EBIT": 84,
        "Net Income": 39
    },
    "2019-12-31": {
        "Diluted EPS": 0.84,
        "Total Revenue": 440,
        "Gross Profit": 108,
        "Operating Income": 48,
        "EBIT": 73,
        "Net Income": 29
    },
    "2019-09-30": {
        "Diluted EPS": 1.08,
        "Total Revenue": 449,
        "Gross Profit": 111,
        "Operating Income": 54,
        "EBIT": 78,
        "Net Income": 38
    },
    "2019-06-30": {
        "Diluted EPS": 0.75,
        "Total Revenue": 464,
        "Gross Profit": 112,
        "Operating Income": 46,
        "EBIT": 67,
        "Net Income": 27
    },
    "2019-03-31": {
        "Diluted EPS": 1.11,
        "Total Revenue": 438,
        "Gross Profit": 110,
        "Operating Income": 62,
        "EBIT": 90,
        "Net Income": 39
    },
    "2018-12-31": {
        "Diluted EPS": 1.21,
        "Total Revenue": 448,
        "Gross Profit": 113,
        "Operating Income": 62,
        "EBIT": 86,
        "Net Income": 43
    },
    "2018-09-30": {
        "Diluted EPS": 1.18,
        "Total Revenue": 464,
        "Gross Profit": 119,
        "Operating Income": 68,
        "EBIT": 95,
        "Net Income": 42
    },
    "2018-06-30": {
        "Diluted EPS": 1.24,
        "Total Revenue": 465,
        "Gross Profit": 116,
        "Operating Income": 63,
        "EBIT": 86,
        "Net Income": 44
    },
    "2018-03-31": {
        "Diluted EPS": 1.12,
        "Total Revenue": 431,
        "Gross Profit": 114,
        "Operating Income": 63,
        "EBIT": 84,
        "Net Income": 40
    },
    "2017-12-31": {
        "Diluted EPS": 2.13,
        "Total Revenue": 432,
        "Gross Profit": 115,
        "Operating Income": 46,
        "EBIT": 70,
        "Net Income": 76
    },
    "2017-09-30": {
        "Diluted EPS": 1.17,
        "Total Revenue": 424,
        "Gross Profit": 119,
        "Operating Income": 67,
        "EBIT": 91,
        "Net Income": 42
    },
    "2017-06-30": {
        "Diluted EPS": 1.21,
        "Total Revenue": 414,
        "Gross Profit": 120,
        "Operating Income": 69,
        "EBIT": 91,
        "Net Income": 43
    },
    "2017-03-31": {
        "Diluted EPS": 0.97,
        "Total Revenue": 405,
        "Gross Profit": 114,
        "Operating Income": 62,
        "EBIT": 84,
        "Net Income": 35
    },
    "2016-12-31": {
        "Diluted EPS": 1.04,
        "Total Revenue": 401,
        "Gross Profit": 111,
        "Operating Income": 60,
        "EBIT": 85,
        "Net Income": 37
    },
    "2016-09-30": {
        "Diluted EPS": 1.18,
        "Total Revenue": 400,
        "Gross Profit": 115,
        "Operating Income": 67,
        "EBIT": 88,
        "Net Income": 42
    },
    "2016-06-30": {
        "Diluted EPS": 0.6,
        "Total Revenue": 427,
        "Gross Profit": 121,
        "Operating Income": 40,
        "EBIT": 61,
        "Net Income": 21
    },
    "2016-03-31": {
        "Diluted EPS": 0.97,
        "Total Revenue": 410,
        "Gross Profit": 113,
        "Operating Income": 58,
        "EBIT": 82,
        "Net Income": 34
    },
    "2015-12-31": {
        "Diluted EPS": 0.48,
        "Total Revenue": 430,
        "Gross Profit": 109,
        "Operating Income": 38,
        "EBIT": 59,
        "Net Income": 17
    },
    "2015-09-30": {
        "Diluted EPS": 0.83,
        "Total Revenue": 451,
        "Gross Profit": 119,
        "Operating Income": 50,
        "EBIT": 76,
        "Net Income": 29
    },
    "2015-06-30": {
        "Diluted EPS": 0.76,
        "Total Revenue": 463,
        "Gross Profit": 126,
        "Operating Income": 53,
        "EBIT": 80,
        "Net Income": 27
    },
    "2015-03-31": {
        "Diluted EPS": 1.01,
        "Total Revenue": 453,
        "Gross Profit": 117,
        "Operating Income": 60,
        "EBIT": 84,
        "Net Income": 35
    },
    "2014-12-31": {
        "Diluted EPS": 0.61,
        "Total Revenue": 516,
        "Gross Profit": 132,
        "Operating Income": 43,
        "EBIT": 67,
        "Net Income": 21
    },
    "2014-09-30": {
        "Diluted EPS": 1.06,
        "Total Revenue": 544,
        "Gross Profit": 145,
        "Operating Income": 67,
        "EBIT": 92,
        "Net Income": 37
    },
    "2014-06-30": {
        "Diluted EPS": 0.53,
        "Total Revenue": 421,
        "Gross Profit": 103,
        "Operating Income": 36,
        "EBIT": 58,
        "Net Income": 19
    },
    "2014-03-31": {
        "Diluted EPS": 0.45,
        "Total Revenue": 244,
        "Gross Profit": 55,
        "Operating Income": 24,
        "EBIT": 36,
        "Net Income": 16
    },
    "2013-12-31": {
        "Diluted EPS": 0.65,
        "Total Revenue": 257,
        "Gross Profit": 59,
        "Operating Income": 34,
        "EBIT": 46,
        "Net Income": 23
    },
    "2013-09-30": {
        "Diluted EPS": 0.63,
        "Total Revenue": 254,
        "Gross Profit": 60,
        "Operating Income": 33,
        "EBIT": 44,
        "Net Income": 22
    },
    "2013-06-30": {
        "Diluted EPS": 0.49,
        "Total Revenue": 257,
        "Gross Profit": 59,
        "Operating Income": 32,
        "EBIT": 44,
        "Net Income": 17
    },
    "2013-03-31": {
        "Diluted EPS": 0.53,
        "Total Revenue": 251,
        "Gross Profit": 56,
        "Operating Income": 28,
        "EBIT": 40,
        "Net Income": 19
    },
    "2012-12-31": {
        "Diluted EPS": 0.49,
        "Total Revenue": 241,
        "Gross Profit": 55,
        "Operating Income": 28,
        "EBIT": 42,
        "Net Income": 18
    },
    "2012-09-30": {
        "Diluted EPS": 0.53,
        "Total Revenue": 248,
        "Gross Profit": 56,
        "Operating Income": 29,
        "EBIT": 41,
        "Net Income": 19
    },
    "2012-06-30": {
        "Diluted EPS": 0.56,
        "Total Revenue": 251,
        "Gross Profit": 57,
        "Operating Income": 30,
        "EBIT": 42,
        "Net Income": 20
    },
    "2012-03-31": {
        "Diluted EPS": 0.51,
        "Total Revenue": 257,
        "Gross Profit": 55,
        "Operating Income": 27,
        "EBIT": 40,
        "Net Income": 18
    },
    "2011-12-31": {
        "Diluted EPS": 0.55,
        "Total Revenue": 240,
        "Gross Profit": 55,
        "Operating Income": 29,
        "EBIT": 43,
        "Net Income": 20
    },
    "2011-09-30": {
        "Diluted EPS": 0.44,
        "Total Revenue": 262,
        "Gross Profit": 53,
        "Operating Income": 25,
        "EBIT": 40,
        "Net Income": 16
    },
    "2011-06-30": {
        "Diluted EPS": 0.45,
        "Total Revenue": 268,
        "Gross Profit": 54,
        "Operating Income": 25,
        "EBIT": 40,
        "Net Income": 16
    },
    "2011-03-31": {
        "Diluted EPS": 0.43,
        "Total Revenue": 263,
        "Gross Profit": 53,
        "Operating Income": 25,
        "EBIT": 39,
        "Net Income": 16
    },
    "2010-12-31": {
        "Diluted EPS": 0.43,
        "Total Revenue": 243,
        "Gross Profit": 51,
        "Operating Income": 23,
        "EBIT": 37,
        "Net Income": 16
    },
    "2010-09-30": {
        "Diluted EPS": 0.45,
        "Total Revenue": 250,
        "Gross Profit": 52,
        "Operating Income": 25,
        "EBIT": 41,
        "Net Income": 17
    },
    "2010-06-30": {
        "Diluted EPS": 0.51,
        "Total Revenue": 256,
        "Gross Profit": 55,
        "Operating Income": 28,
        "EBIT": 43,
        "Net Income": 19
    },
    "2010-03-31": {
        "Diluted EPS": 0.41,
        "Total Revenue": 253,
        "Gross Profit": 51,
        "Operating Income": 23,
        "EBIT": 40,
        "Net Income": 15
    },
    "2009-12-31": {
        "Diluted EPS": 0.11,
        "Total Revenue": 256,
        "Gross Profit": 46,
        "Operating Income": 4,
        "EBIT": 22,
        "Net Income": 4
    },
    "2009-09-30": {
        "Diluted EPS": 0.24,
        "Total Revenue": 234,
        "Gross Profit": 44,
        "Operating Income": 13,
        "EBIT": 31,
        "Net Income": 9
    },
    "2009-06-30": {
        "Diluted EPS": -1.09,
        "Total Revenue": 209,
        "Gross Profit": 32,
        "Operating Income": -42,
        "EBIT": -23,
        "Net Income": -41
    },
    "2009-03-31": {
        "Diluted EPS": 0.11,
        "Total Revenue": 208,
        "Gross Profit": 33,
        "Operating Income": 7,
        "EBIT": 26,
        "Net Income": 4
    },
    "2023-09-30": {
        "Tax Effect Of Unusual Items": NaN,
        "Tax Rate For Calcs": NaN,
        "Normalized EBITDA": NaN,
        "Total Unusual Items": NaN,
        "Total Unusual Items Excluding Goodwill": NaN,
        "Net Income From Continuing Operation Net Minority Interest": NaN,
        "Reconciled Depreciation": NaN,
        "Reconciled Cost Of Revenue": NaN,
        "EBITDA": NaN,
        "EBIT": NaN,
        "Net Interest Income": NaN,
        "Interest Expense": NaN,
        "Normalized Income": NaN,
        "Net Income From Continuing And Discontinued Operation": NaN,
        "Total Expenses": NaN,
        "Total Operating Income As Reported": NaN,
        "Diluted Average Shares": NaN,
        "Basic Average Shares": NaN,
        "Diluted EPS": NaN,
        "Basic EPS": NaN,
        "Diluted NI Availto Com Stockholders": NaN,
        "Net Income Common Stockholders": NaN,
        "Net Income": NaN,
        "Minority Interests": NaN,
        "Net Income Including Noncontrolling Interests": NaN,
        "Net Income Continuous Operations": NaN,
        "Earnings From Equity Interest Net Of Tax": NaN,
        "Tax Provision": NaN,
        "Pretax Income": NaN,
        "Other Income Expense": NaN,
        "Other Non Operating Income Expenses": NaN,
        "Special Income Charges": NaN,
        "Other Special Charges": NaN,
        "Impairment Of Capital Assets": 71700000.0,
        "Restructuring And Mergern Acquisition": NaN,
        "Net Non Operating Interest Income Expense": NaN,
        "Interest Expense Non Operating": NaN,
        "Operating Income": NaN,
        "Operating Expense": NaN,
        "Provision For Doubtful Accounts": 0.0,
        "Research And Development": NaN,
        "Selling General And Administration": NaN,
        "Selling And Marketing Expense": 50900000.0,
        "General And Administrative Expense": 50900000.0,
        "Other Gand A": 50900000.0,
        "Gross Profit": NaN,
        "Cost Of Revenue": NaN,
        "Total Revenue": NaN,
        "Operating Revenue": NaN
    },
    "2023-12-31": {
        "Tax Effect Of Unusual Items": NaN,
        "Tax Rate For Calcs": NaN,
        "Normalized EBITDA": NaN,
        "Total Unusual Items": NaN,
        "Total Unusual Items Excluding Goodwill": NaN,
        "Net Income From Continuing Operation Net Minority Interest": NaN,
        "Reconciled Depreciation": NaN,
        "Reconciled Cost Of Revenue": NaN,
        "EBITDA": NaN,
        "EBIT": NaN,
        "Net Interest Income": NaN,
        "Interest Expense": NaN,
        "Normalized Income": NaN,
        "Net Income From Continuing And Discontinued Operation": NaN,
        "Total Expenses": NaN,
        "Total Operating Income As Reported": NaN,
        "Diluted Average Shares": NaN,
        "Basic Average Shares": NaN,
        "Diluted EPS": NaN,
        "Basic EPS": NaN,
        "Diluted NI Availto Com Stockholders": NaN,
        "Net Income Common Stockholders": NaN,
        "Net Income": NaN,
        "Minority Interests": NaN,
        "Net Income Including Noncontrolling Interests": NaN,
        "Net Income Continuous Operations": NaN,
        "Earnings From Equity Interest Net Of Tax": NaN,
        "Tax Provision": NaN,
        "Pretax Income": NaN,
        "Other Income Expense": NaN,
        "Other Non Operating Income Expenses": NaN,
        "Special Income Charges": NaN,
        "Gain On Sale Of Ppe": NaN,
        "Other Special Charges": NaN,
        "Impairment Of Capital Assets": 0.0,
        "Restructuring And Mergern Acquisition": NaN,
        "Net Non Operating Interest Income Expense": NaN,
        "Interest Expense Non Operating": NaN,
        "Operating Income": NaN,
        "Operating Expense": NaN,
        "Provision For Doubtful Accounts": NaN,
        "Research And Development": NaN,
        "Selling General And Administration": NaN,
        "General And Administrative Expense": 51000000.0,
        "Other Gand A": 51000000.0,
        "Gross Profit": NaN,
        "Cost Of Revenue": NaN,
        "Total Revenue": NaN,
        "Operating Revenue": NaN
    },
    "2024-03-31": {
        "Tax Effect Of Unusual Items": -485100.0,
        "Tax Rate For Calcs": 0.231,
        "Normalized EBITDA": 100600000.0,
        "Total Unusual Items": -2100000.0,
        "Total Unusual Items Excluding Goodwill": -2100000.0,
        "Net Income From Continuing Operation Net Minority Interest": 46700000.0,
        "Reconciled Depreciation": 23500000.0,
        "Reconciled Cost Of Revenue": 398600000.0,
        "EBITDA": 98500000.0,
        "EBIT": 75000000.0,
        "Net Interest Income": -14900000.0,
        "Interest Expense": 14900000.0,
        "Normalized Income": 48314900.0,
        "Net Income From Continuing And Discontinued Operation": 46700000.0,
        "Total Expenses": 457200000.0,
        "Total Operating Income As Reported": 75200000.0,
        "Diluted Average Shares": 32400000.0,
        "Basic Average Shares": 32300000.0,
        "Diluted EPS": 1.44,
        "Basic EPS": 1.45,
        "Diluted NI Availto Com Stockholders": 46700000.0,
        "Net Income Common Stockholders": 46700000.0,
        "Net Income": 46700000.0,
        "Minority Interests": -900000.0,
        "Net Income Including Noncontrolling Interests": 47600000.0,
        "Net Income Continuous Operations": 47600000.0,
        "Earnings From Equity Interest Net Of Tax": 1400000.0,
        "Tax Provision": 13900000.0,
        "Pretax Income": 60100000.0,
        "Other Income Expense": -2300000.0,
        "Other Non Operating Income Expenses": -200000.0,
        "Special Income Charges": -2100000.0,
        "Other Special Charges": 2100000.0,
        "Impairment Of Capital Assets": NaN,
        "Restructuring And Mergern Acquisition": 0.0,
        "Net Non Operating Interest Income Expense": -14900000.0,
        "Interest Expense Non Operating": 14900000.0,
        "Operating Income": 77300000.0,
        "Operating Expense": 58600000.0,
        "Provision For Doubtful Accounts": NaN,
        "Research And Development": 5600000.0,
        "Selling General And Administration": 53000000.0,
        "General And Administrative Expense": NaN,
        "Other Gand A": NaN,
        "Gross Profit": 135900000.0,
        "Cost Of Revenue": 398600000.0,
        "Total Revenue": 534500000.0,
        "Operating Revenue": 534500000.0
    },
    "2024-06-30": {
        "Tax Effect Of Unusual Items": -7182000.0,
        "Tax Rate For Calcs": 0.21,
        "Normalized EBITDA": 107700000.0,
        "Total Unusual Items": -34200000.0,
        "Total Unusual Items Excluding Goodwill": -34200000.0,
        "Net Income From Continuing Operation Net Minority Interest": 19700000.0,
        "Reconciled Depreciation": 24000000.0,
        "Reconciled Cost Of Revenue": 397300000.0,
        "EBITDA": 73500000.0,
        "EBIT": 49500000.0,
        "Net Interest Income": -14900000.0,
        "Interest Expense": 14900000.0,
        "Normalized Income": 46718000.0,
        "Net Income From Continuing And Discontinued Operation": 19700000.0,
        "Total Expenses": 456400000.0,
        "Total Operating Income As Reported": 50600000.0,
        "Diluted Average Shares": 32400000.0,
        "Basic Average Shares": 32200000.0,
        "Diluted EPS": 0.61,
        "Basic EPS": 0.61,
        "Diluted NI Availto Com Stockholders": 19700000.0,
        "Net Income Common Stockholders": 19700000.0,
        "Net Income": 19700000.0,
        "Minority Interests": -1200000.0,
        "Net Income Including Noncontrolling Interests": 20900000.0,
        "Net Income Continuous Operations": 20900000.0,
        "Earnings From Equity Interest Net Of Tax": 1900000.0,
        "Tax Provision": 15600000.0,
        "Pretax Income": 34600000.0,
        "Other Income Expense": -35300000.0,
        "Other Non Operating Income Expenses": -1100000.0,
        "Special Income Charges": -34200000.0,
        "Gain On Sale Of Ppe": 0.0,
        "Other Special Charges": 34200000.0,
        "Impairment Of Capital Assets": NaN,
        "Restructuring And Mergern Acquisition": 0.0,
        "Net Non Operating Interest Income Expense": -14900000.0,
        "Interest Expense Non Operating": 14900000.0,
        "Operating Income": 84800000.0,
        "Operating Expense": 59100000.0,
        "Provision For Doubtful Accounts": 30000000.0,
        "Research And Development": 5800000.0,
        "Selling General And Administration": 53300000.0,
        "General And Administrative Expense": NaN,
        "Other Gand A": NaN,
        "Gross Profit": 143900000.0,
        "Cost Of Revenue": 397300000.0,
        "Total Revenue": 541200000.0,
        "Operating Revenue": 541200000.0
    },
    "2024-09-30": {
        "Tax Effect Of Unusual Items": -598000.0,
        "Tax Rate For Calcs": 0.23,
        "Normalized EBITDA": 99200000.0,
        "Total Unusual Items": -2600000.0,
        "Total Unusual Items Excluding Goodwill": -2600000.0,
        "Net Income From Continuing Operation Net Minority Interest": 46700000.0,
        "Reconciled Depreciation": 23100000.0,
        "Reconciled Cost Of Revenue": 389500000.0,
        "EBITDA": 96600000.0,
        "EBIT": 73500000.0,
        "Net Interest Income": -14000000.0,
        "Interest Expense": 14000000.0,
        "Normalized Income": 48702000.0,
        "Net Income From Continuing And Discontinued Operation": 46700000.0,
        "Total Expenses": 445500000.0,
        "Total Operating Income As Reported": 76600000.0,
        "Diluted Average Shares": 32300000.0,
        "Basic Average Shares": 32100000.0,
        "Diluted EPS": 1.45,
        "Basic EPS": 1.45,
        "Diluted NI Availto Com Stockholders": 46700000.0,
        "Net Income Common Stockholders": 46700000.0,
        "Net Income": 46700000.0,
        "Minority Interests": -1000000.0,
        "Net Income Including Noncontrolling Interests": 47700000.0,
        "Net Income Continuous Operations": 47700000.0,
        "Earnings From Equity Interest Net Of Tax": 1900000.0,
        "Tax Provision": 13700000.0,
        "Pretax Income": 59500000.0,
        "Other Income Expense": -5700000.0,
        "Other Non Operating Income Expenses": -3100000.0,
        "Special Income Charges": -2600000.0,
        "Gain On Sale Of Ppe": NaN,
        "Other Special Charges": 2600000.0,
        "Impairment Of Capital Assets": 0.0,
        "Restructuring And Mergern Acquisition": 0.0,
        "Net Non Operating Interest Income Expense": -14000000.0,
        "Interest Expense Non Operating": 14000000.0,
        "Operating Income": 79200000.0,
        "Operating Expense": 56000000.0,
        "Provision For Doubtful Accounts": 0.0,
        "Research And Development": 5900000.0,
        "Selling General And Administration": 50100000.0,
        "General And Administrative Expense": 50100000.0,
        "Other Gand A": 50100000.0,
        "Gross Profit": 135200000.0,
        "Cost Of Revenue": 389500000.0,
        "Total Revenue": 524700000.0,
        "Operating Revenue": 524700000.0
    },
    "2024-12-31": {
        "Tax Effect Of Unusual Items": 1890778.097983,
        "Tax Rate For Calcs": 0.233429,
        "Normalized EBITDA": 98200000.0,
        "Total Unusual Items": 8100000.0,
        "Total Unusual Items Excluding Goodwill": 8100000.0,
        "Net Income From Continuing Operation Net Minority Interest": 54000000.0,
        "Reconciled Depreciation": 24300000.0,
        "Reconciled Cost Of Revenue": 385400000.0,
        "EBITDA": 106300000.0,
        "EBIT": 82000000.0,
        "Net Interest Income": -12600000.0,
        "Interest Expense": 12600000.0,
        "Normalized Income": 47790778.097983,
        "Net Income From Continuing And Discontinued Operation": 54000000.0,
        "Total Expenses": 443900000.0,
        "Total Operating Income As Reported": 84100000.0,
        "Diluted Average Shares": 32200000.0,
        "Basic Average Shares": 31900000.0,
        "Diluted EPS": 1.69,
        "Basic EPS": 1.69,
        "Diluted NI Availto Com Stockholders": 54000000.0,
        "Net Income Common Stockholders": 54000000.0,
        "Net Income": 54000000.0,
        "Minority Interests": -700000.0,
        "Net Income Including Noncontrolling Interests": 54700000.0,
        "Net Income Continuous Operations": 54700000.0,
        "Earnings From Equity Interest Net Of Tax": 1500000.0,
        "Tax Provision": 16200000.0,
        "Pretax Income": 69400000.0,
        "Other Income Expense": 7800000.0,
        "Other Non Operating Income Expenses": -300000.0,
        "Special Income Charges": 8100000.0,
        "Gain On Sale Of Ppe": NaN,
        "Other Special Charges": 4200000.0,
        "Impairment Of Capital Assets": 0.0,
        "Restructuring And Mergern Acquisition": 0.0,
        "Net Non Operating Interest Income Expense": -12600000.0,
        "Interest Expense Non Operating": 12600000.0,
        "Operating Income": 74200000.0,
        "Operating Expense": 58500000.0,
        "Provision For Doubtful Accounts": 0.0,
        "Research And Development": 5700000.0,
        "Selling General And Administration": 52800000.0,
        "General And Administrative Expense": NaN,
        "Other Gand A": NaN,
        "Gross Profit": 132700000.0,
        "Cost Of Revenue": 385400000.0,
        "Total Revenue": 518100000.0,
        "Operating Revenue": 518100000.0
    },
    "2025-03-31": {
        "Tax Effect Of Unusual Items": -40640600.0,
        "Tax Rate For Calcs": 0.182,
        "Normalized EBITDA": 84700000.0,
        "Total Unusual Items": -223300000.0,
        "Total Unusual Items Excluding Goodwill": -223300000.0,
        "Net Income From Continuing Operation Net Minority Interest": -144000000.0,
        "Reconciled Depreciation": 23500000.0,
        "Reconciled Cost Of Revenue": 372200000.0,
        "EBITDA": -138600000.0,
        "EBIT": -162100000.0,
        "Net Interest Income": -14200000.0,
        "Interest Expense": 14200000.0,
        "Normalized Income": 38659400.0,
        "Net Income From Continuing And Discontinued Operation": -144000000.0,
        "Total Expenses": 428600000.0,
        "Total Operating Income As Reported": -160100000.0,
        "Diluted Average Shares": 31900000.0,
        "Basic Average Shares": 31900000.0,
        "Diluted EPS": -4.51,
        "Basic EPS": -4.51,
        "Diluted NI Availto Com Stockholders": -144000000.0,
        "Net Income Common Stockholders": -144000000.0,
        "Net Income": -144000000.0,
        "Minority Interests": -1000000.0,
        "Net Income Including Noncontrolling Interests": -143000000.0,
        "Net Income Continuous Operations": -143000000.0,
        "Earnings From Equity Interest Net Of Tax": 1200000.0,
        "Tax Provision": -32100000.0,
        "Pretax Income": -176300000.0,
        "Other Income Expense": -225300000.0,
        "Other Non Operating Income Expenses": -2000000.0,
        "Special Income Charges": -223300000.0,
        "Gain On Sale Of Ppe": NaN,
        "Other Special Charges": 2800000.0,
        "Impairment Of Capital Assets": NaN,
        "Restructuring And Mergern Acquisition": 220500000.0,
        "Net Non Operating Interest Income Expense": -14200000.0,
        "Interest Expense Non Operating": 14200000.0,
        "Operating Income": 63200000.0,
        "Operating Expense": 56400000.0,
        "Provision For Doubtful Accounts": NaN,
        "Research And Development": 5800000.0,
        "Selling General And Administration": 50600000.0,
        "General And Administrative Expense": NaN,
        "Other Gand A": NaN,
        "Gross Profit": 119600000.0,
        "Cost Of Revenue": 372200000.0,
        "Total Revenue": 491800000.0,
        "Operating Revenue": 491800000.0
    },
    "2025-06-30": {
        "Tax Effect Of Unusual Items": -1034856.175973,
        "Tax Rate For Calcs": 0.235195,
        "Normalized EBITDA": 99100000.0,
        "Total Unusual Items": -4400000.0,
        "Total Unusual Items Excluding Goodwill": -4400000.0,
        "Net Income From Continuing Operation Net Minority Interest": 45400000.0,
        "Reconciled Depreciation": 22000000.0,
        "Reconciled Cost Of Revenue": 392000000.0,
        "EBITDA": 94700000.0,
        "EBIT": 72700000.0,
        "Net Interest Income": -13600000.0,
        "Interest Expense": 13600000.0,
        "Normalized Income": 48765143.824027,
        "Net Income From Continuing And Discontinued Operation": 45400000.0,
        "Total Expenses": 449900000.0,
        "Total Operating Income As Reported": 74600000.0,
        "Diluted Average Shares": 31600000.0,
        "Basic Average Shares": 31600000.0,
        "Diluted EPS": 1.44,
        "Basic EPS": 1.44,
        "Diluted NI Availto Com Stockholders": 45400000.0,
        "Net Income Common Stockholders": 45400000.0,
        "Net Income": 45400000.0,
        "Minority Interests": -900000.0,
        "Net Income Including Noncontrolling Interests": 46300000.0,
        "Net Income Continuous Operations": 46300000.0,
        "Earnings From Equity Interest Net Of Tax": 1100000.0,
        "Tax Provision": 13900000.0,
        "Pretax Income": 59100000.0,
        "Other Income Expense": -6300000.0,
        "Other Non Operating Income Expenses": -1900000.0,
        "Special Income Charges": -4400000.0,
        "Gain On Sale Of Ppe": 5600000.0,
        "Other Special Charges": 4200000.0,
        "Impairment Of Capital Assets": NaN,
        "Restructuring And Mergern Acquisition": 5800000.0,
        "Net Non Operating Interest Income Expense": -13600000.0,
        "Interest Expense Non Operating": 13600000.0,
        "Operating Income": 79000000.0,
        "Operating Expense": 57900000.0,
        "Provision For Doubtful Accounts": NaN,
        "Research And Development": 5700000.0,
        "Selling General And Administration": 52200000.0,
        "General And Administrative Expense": NaN,
        "Other Gand A": NaN,
        "Gross Profit": 136900000.0,
        "Cost Of Revenue": 392000000.0,
        "Total Revenue": 528900000.0,
        "Operating Revenue": 528900000.0
    }
}