{
    "2023-03-31": {
        "Tax Effect Of Unusual Items": NaN,
        "Tax Rate For Calcs": NaN,
        "Normalized EBITDA": NaN,
        "Total Unusual Items": NaN,
        "Total Unusual Items Excluding Goodwill": NaN,
        "Net Income From Continuing Operation Net Minority Interest": NaN,
        "Reconciled Depreciation": NaN,
        "Reconciled Cost Of Revenue": NaN,
        "EBITDA": NaN,
        "EBIT": NaN,
        "Net Interest Income": NaN,
        "Interest Expense": NaN,
        "Normalized Income": NaN,
        "Net Income From Continuing And Discontinued Operation": NaN,
        "Total Expenses": NaN,
        "Diluted Average Shares": 76984000.0,
        "Basic Average Shares": 76984000.0,
        "Diluted EPS": -1.05,
        "Basic EPS": -1.05,
        "Diluted NI Availto Com Stockholders": NaN,
        "Average Dilution Earnings": NaN,
        "Net Income Common Stockholders": NaN,
        "Net Income": NaN,
        "Minority Interests": NaN,
        "Net Income Including Noncontrolling Interests": NaN,
        "Net Income Continuous Operations": NaN,
        "Tax Provision": NaN,
        "Pretax Income": NaN,
        "Other Income Expense": NaN,
        "Other Non Operating Income Expenses": NaN,
        "Special Income Charges": NaN,
        "Other Special Charges": NaN,
        "Earnings From Equity Interest": NaN,
        "Net Non Operating Interest Income Expense": NaN,
        "Interest Expense Non Operating": NaN,
        "Operating Income": NaN,
        "Operating Expense": NaN,
        "Depreciation Amortization Depletion Income Statement": NaN,
        "Depreciation And Amortization In Income Statement": NaN,
        "Amortization": NaN,
        "Amortization Of Intangibles Income Statement": NaN,
        "Depreciation Income Statement": NaN,
        "Selling General And Administration": NaN,
        "General And Administrative Expense": NaN,
        "Other Gand A": NaN,
        "Gross Profit": NaN,
        "Cost Of Revenue": NaN,
        "Total Revenue": NaN,
        "Operating Revenue": NaN
    },
    "2022-12-31": {
        "Tax Effect Of Unusual Items": NaN,
        "Tax Rate For Calcs": NaN,
        "Normalized EBITDA": NaN,
        "Net Income From Continuing Operation Net Minority Interest": NaN,
        "Reconciled Depreciation": NaN,
        "Reconciled Cost Of Revenue": NaN,
        "EBITDA": NaN,
        "EBIT": NaN,
        "Net Interest Income": NaN,
        "Interest Expense": NaN,
        "Normalized Income": NaN,
        "Net Income From Continuing And Discontinued Operation": NaN,
        "Total Expenses": NaN,
        "Diluted Average Shares": 77770000.0,
        "Basic Average Shares": 76492000.0,
        "Diluted EPS": 0.04,
        "Basic EPS": 0.04,
        "Diluted NI Availto Com Stockholders": NaN,
        "Average Dilution Earnings": NaN,
        "Net Income Common Stockholders": NaN,
        "Net Income": NaN,
        "Minority Interests": NaN,
        "Net Income Including Noncontrolling Interests": NaN,
        "Net Income Continuous Operations": NaN,
        "Tax Provision": NaN,
        "Pretax Income": NaN,
        "Other Income Expense": NaN,
        "Other Non Operating Income Expenses": NaN,
        "Earnings From Equity Interest": NaN,
        "Net Non Operating Interest Income Expense": NaN,
        "Interest Expense Non Operating": NaN,
        "Operating Income": NaN,
        "Operating Expense": NaN,
        "Depreciation Amortization Depletion Income Statement": NaN,
        "Depreciation And Amortization In Income Statement": NaN,
        "Amortization": NaN,
        "Amortization Of Intangibles Income Statement": NaN,
        "Depreciation Income Statement": NaN,
        "Selling General And Administration": NaN,
        "General And Administrative Expense": NaN,
        "Other Gand A": NaN,
        "Gross Profit": NaN,
        "Cost Of Revenue": NaN,
        "Total Revenue": NaN,
        "Operating Revenue": NaN
    },
    "2022-09-30": {
        "Tax Effect Of Unusual Items": NaN,
        "Tax Rate For Calcs": NaN,
        "Normalized EBITDA": NaN,
        "Net Income From Continuing Operation Net Minority Interest": NaN,
        "Reconciled Depreciation": NaN,
        "Reconciled Cost Of Revenue": NaN,
        "EBITDA": NaN,
        "EBIT": NaN,
        "Net Interest Income": NaN,
        "Interest Expense": NaN,
        "Normalized Income": NaN,
        "Net Income From Continuing And Discontinued Operation": NaN,
        "Total Expenses": NaN,
        "Diluted Average Shares": NaN,
        "Basic Average Shares": NaN,
        "Diluted EPS": NaN,
        "Basic EPS": NaN,
        "Diluted NI Availto Com Stockholders": NaN,
        "Average Dilution Earnings": -143000.0,
        "Net Income Common Stockholders": NaN,
        "Net Income": NaN,
        "Minority Interests": NaN,
        "Net Income Including Noncontrolling Interests": NaN,
        "Net Income Continuous Operations": NaN,
        "Tax Provision": NaN,
        "Pretax Income": NaN,
        "Other Income Expense": NaN,
        "Other Non Operating Income Expenses": NaN,
        "Earnings From Equity Interest": NaN,
        "Net Non Operating Interest Income Expense": NaN,
        "Interest Expense Non Operating": NaN,
        "Operating Income": NaN,
        "Operating Expense": NaN,
        "Depreciation Amortization Depletion Income Statement": NaN,
        "Depreciation And Amortization In Income Statement": NaN,
        "Amortization": NaN,
        "Amortization Of Intangibles Income Statement": NaN,
        "Depreciation Income Statement": NaN,
        "Selling General And Administration": NaN,
        "General And Administrative Expense": NaN,
        "Other Gand A": NaN,
        "Gross Profit": NaN,
        "Cost Of Revenue": NaN,
        "Total Revenue": NaN,
        "Operating Revenue": NaN
    },
    "2022-06-30": {
        "Tax Effect Of Unusual Items": 0.0,
        "Tax Rate For Calcs": 0.109,
        "Normalized EBITDA": 152309000.0,
        "Total Unusual Items": 5825000.0,
        "Total Unusual Items Excluding Goodwill": 5825000.0,
        "Net Income From Continuing Operation Net Minority Interest": 16212000.0,
        "Reconciled Depreciation": 114675000.0,
        "Reconciled Cost Of Revenue": 2028110000.0,
        "EBITDA": 152309000.0,
        "EBIT": 37634000.0,
        "Net Interest Income": -19387000.0,
        "Interest Expense": 19387000.0,
        "Normalized Income": 16212000.0,
        "Net Income From Continuing And Discontinued Operation": 16212000.0,
        "Total Expenses": 2276570000.0,
        "Diluted Average Shares": 75537000.0,
        "Basic Average Shares": 74445000.0,
        "Diluted EPS": 0.2,
        "Basic EPS": 0.22,
        "Diluted NI Availto Com Stockholders": 15187000.0,
        "Average Dilution Earnings": -1025000.0,
        "Net Income Common Stockholders": 16212000.0,
        "Net Income": 16212000.0,
        "Minority Interests": -43000.0,
        "Net Income Including Noncontrolling Interests": 16255000.0,
        "Net Income Continuous Operations": 16255000.0,
        "Tax Provision": 1992000.0,
        "Pretax Income": 18247000.0,
        "Other Income Expense": 12412000.0,
        "Other Non Operating Income Expenses": 5825000.0,
        "Special Income Charges": 5825000.0,
        "Other Special Charges": -5825000.0,
        "Earnings From Equity Interest": 6587000.0,
        "Net Non Operating Interest Income Expense": -19387000.0,
        "Interest Expense Non Operating": 19387000.0,
        "Operating Income": 25222000.0,
        "Operating Expense": 248459000.0,
        "Depreciation Amortization Depletion Income Statement": 114674000.0,
        "Depreciation And Amortization In Income Statement": 114674000.0,
        "Amortization": 27673000.0,
        "Amortization Of Intangibles Income Statement": 27673000.0,
        "Depreciation Income Statement": 87001000.0,
        "Selling General And Administration": 133785000.0,
        "General And Administrative Expense": 133785000.0,
        "Other Gand A": 133785000.0,
        "Gross Profit": 273681000.0,
        "Cost Of Revenue": 2028111000.0,
        "Total Revenue": 2301792000.0,
        "Operating Revenue": 2301792000.0
    },
    "2023-06-30": {
        "Tax Effect Of Unusual Items": NaN,
        "Tax Rate For Calcs": NaN,
        "Normalized EBITDA": NaN,
        "Total Unusual Items": 0.0,
        "Total Unusual Items Excluding Goodwill": 0.0,
        "Net Income From Continuing Operation Net Minority Interest": NaN,
        "Reconciled Depreciation": NaN,
        "Reconciled Cost Of Revenue": NaN,
        "EBITDA": NaN,
        "EBIT": NaN,
        "Net Interest Income": NaN,
        "Interest Expense": NaN,
        "Normalized Income": NaN,
        "Net Income From Continuing And Discontinued Operation": NaN,
        "Total Expenses": NaN,
        "Diluted Average Shares": NaN,
        "Basic Average Shares": NaN,
        "Diluted EPS": NaN,
        "Basic EPS": NaN,
        "Diluted NI Availto Com Stockholders": NaN,
        "Average Dilution Earnings": 0.0,
        "Net Income Common Stockholders": NaN,
        "Net Income": NaN,
        "Minority Interests": NaN,
        "Net Income Including Noncontrolling Interests": NaN,
        "Net Income Continuous Operations": NaN,
        "Tax Provision": NaN,
        "Pretax Income": NaN,
        "Other Income Expense": NaN,
        "Other Non Operating Income Expenses": NaN,
        "Special Income Charges": 0.0,
        "Other Special Charges": NaN,
        "Earnings From Equity Interest": NaN,
        "Net Non Operating Interest Income Expense": NaN,
        "Interest Expense Non Operating": NaN,
        "Operating Income": NaN,
        "Operating Expense": NaN,
        "Depreciation Amortization Depletion Income Statement": NaN,
        "Depreciation And Amortization In Income Statement": NaN,
        "Amortization": NaN,
        "Amortization Of Intangibles Income Statement": NaN,
        "Depreciation Income Statement": NaN,
        "Selling General And Administration": NaN,
        "General And Administrative Expense": NaN,
        "Other Gand A": NaN,
        "Gross Profit": NaN,
        "Cost Of Revenue": NaN,
        "Total Revenue": NaN,
        "Operating Revenue": NaN
    },
    "2022-03-31": {
        "Diluted EPS": -0.47,
        "Total Revenue": NaN,
        "Gross Profit": 221,
        "Operating Income": -35,
        "EBIT": 76,
        "Net Income": -35
    },
    "2021-12-31": {
        "Diluted EPS": 1.04,
        "Total Revenue": NaN,
        "Gross Profit": 250,
        "Operating Income": 76,
        "EBIT": 182,
        "Net Income": 77
    },
    "2021-09-30": {
        "Diluted EPS": 1.5,
        "Total Revenue": NaN,
        "Gross Profit": 347,
        "Operating Income": 141,
        "EBIT": 260,
        "Net Income": 111
    },
    "2021-06-30": {
        "Diluted EPS": 1.02,
        "Total Revenue": NaN,
        "Gross Profit": 287,
        "Operating Income": 98,
        "EBIT": 206,
        "Net Income": 75
    },
    "2021-03-31": {
        "Diluted EPS": 0.89,
        "Total Revenue": NaN,
        "Gross Profit": 262,
        "Operating Income": 100,
        "EBIT": 191,
        "Net Income": 66
    },
    "2020-12-31": {
        "Diluted EPS": 1.53,
        "Total Revenue": NaN,
        "Gross Profit": 315,
        "Operating Income": 168,
        "EBIT": 255,
        "Net Income": 113
    },
    "2020-09-30": {
        "Diluted EPS": 1.59,
        "Total Revenue": NaN,
        "Gross Profit": 318,
        "Operating Income": 162,
        "EBIT": 245,
        "Net Income": 116
    },
    "2020-06-30": {
        "Diluted EPS": 0.78,
        "Total Revenue": NaN,
        "Gross Profit": 227,
        "Operating Income": 75,
        "EBIT": 143,
        "Net Income": 57
    },
    "2020-03-31": {
        "Diluted EPS": 0.48,
        "Total Revenue": NaN,
        "Gross Profit": 190,
        "Operating Income": 44,
        "EBIT": 105,
        "Net Income": 36
    },
    "2019-12-31": {
        "Diluted EPS": 1.33,
        "Total Revenue": NaN,
        "Gross Profit": 275,
        "Operating Income": 145,
        "EBIT": 206,
        "Net Income": 101
    },
    "2019-09-30": {
        "Diluted EPS": 1.69,
        "Total Revenue": NaN,
        "Gross Profit": 326,
        "Operating Income": 194,
        "EBIT": 249,
        "Net Income": 129
    },
    "2019-06-30": {
        "Diluted EPS": 1.58,
        "Total Revenue": NaN,
        "Gross Profit": 306,
        "Operating Income": 175,
        "EBIT": 235,
        "Net Income": 120
    },
    "2019-03-31": {
        "Diluted EPS": 0.57,
        "Total Revenue": NaN,
        "Gross Profit": 206,
        "Operating Income": 75,
        "EBIT": 134,
        "Net Income": 43
    },
    "2018-12-31": {
        "Diluted EPS": 0.41,
        "Total Revenue": NaN,
        "Gross Profit": 264,
        "Operating Income": 84,
        "EBIT": 188,
        "Net Income": 32
    },
    "2018-09-30": {
        "Diluted EPS": 1.52,
        "Total Revenue": NaN,
        "Gross Profit": 296,
        "Operating Income": 161,
        "EBIT": 215,
        "Net Income": 121
    },
    "2018-06-30": {
        "Diluted EPS": 1.01,
        "Total Revenue": NaN,
        "Gross Profit": 251,
        "Operating Income": 132,
        "EBIT": 184,
        "Net Income": 80
    },
    "2018-03-31": {
        "Diluted EPS": 0.32,
        "Total Revenue": NaN,
        "Gross Profit": 160,
        "Operating Income": 46,
        "EBIT": 96,
        "Net Income": 27
    },
    "2017-12-31": {
        "Diluted EPS": 1.96,
        "Total Revenue": NaN,
        "Gross Profit": 181,
        "Operating Income": 58,
        "EBIT": 108,
        "Net Income": 161
    },
    "2017-09-30": {
        "Diluted EPS": 0.77,
        "Total Revenue": NaN,
        "Gross Profit": 230,
        "Operating Income": 113,
        "EBIT": 163,
        "Net Income": 64
    },
    "2017-06-30": {
        "Diluted EPS": 0.99,
        "Total Revenue": NaN,
        "Gross Profit": 264,
        "Operating Income": 148,
        "EBIT": 193,
        "Net Income": 82
    },
    "2017-03-31": {
        "Diluted EPS": 0.5,
        "Total Revenue": NaN,
        "Gross Profit": 187,
        "Operating Income": 79,
        "EBIT": 122,
        "Net Income": 41
    },
    "2016-12-31": {
        "Diluted EPS": 0.65,
        "Total Revenue": NaN,
        "Gross Profit": 221,
        "Operating Income": 112,
        "EBIT": 155,
        "Net Income": 54
    },
    "2016-09-30": {
        "Diluted EPS": 0.69,
        "Total Revenue": NaN,
        "Gross Profit": 217,
        "Operating Income": 107,
        "EBIT": 150,
        "Net Income": 56
    },
    "2016-06-30": {
        "Diluted EPS": 0.3,
        "Total Revenue": NaN,
        "Gross Profit": 164,
        "Operating Income": 56,
        "EBIT": 96,
        "Net Income": 24
    },
    "2016-03-31": {
        "Diluted EPS": -0.03,
        "Total Revenue": 974,
        "Gross Profit": 90,
        "Operating Income": -9,
        "EBIT": 30,
        "Net Income": -3
    },
    "2015-12-31": {
        "Diluted EPS": -0.94,
        "Total Revenue": NaN,
        "Gross Profit": 111,
        "Operating Income": -68,
        "EBIT": 52,
        "Net Income": -77
    },
    "2015-09-30": {
        "Diluted EPS": 0.09,
        "Total Revenue": NaN,
        "Gross Profit": 138,
        "Operating Income": 32,
        "EBIT": 75,
        "Net Income": 8
    },
    "2015-06-30": {
        "Diluted EPS": -0.05,
        "Total Revenue": NaN,
        "Gross Profit": 121,
        "Operating Income": 8,
        "EBIT": 51,
        "Net Income": -4
    },
    "2015-03-31": {
        "Diluted EPS": -0.08,
        "Total Revenue": NaN,
        "Gross Profit": 117,
        "Operating Income": 0,
        "EBIT": 43,
        "Net Income": -6
    },
    "2014-12-31": {
        "Diluted EPS": 0.25,
        "Total Revenue": NaN,
        "Gross Profit": 168,
        "Operating Income": 55,
        "EBIT": 97,
        "Net Income": 21
    },
    "2014-09-30": {
        "Diluted EPS": 0.57,
        "Total Revenue": NaN,
        "Gross Profit": 193,
        "Operating Income": 91,
        "EBIT": 133,
        "Net Income": 49
    },
    "2014-06-30": {
        "Diluted EPS": 0.39,
        "Total Revenue": NaN,
        "Gross Profit": 157,
        "Operating Income": 66,
        "EBIT": 102,
        "Net Income": 34
    },
    "2014-03-31": {
        "Diluted EPS": 0.14,
        "Total Revenue": 958,
        "Gross Profit": 116,
        "Operating Income": 30,
        "EBIT": 63,
        "Net Income": 12
    },
    "2013-12-31": {
        "Diluted EPS": 0.49,
        "Total Revenue": NaN,
        "Gross Profit": 172,
        "Operating Income": 79,
        "EBIT": 116,
        "Net Income": 42
    },
    "2013-09-30": {
        "Diluted EPS": 0.54,
        "Total Revenue": NaN,
        "Gross Profit": 188,
        "Operating Income": 92,
        "EBIT": 129,
        "Net Income": 46
    },
    "2013-06-30": {
        "Diluted EPS": 0.41,
        "Total Revenue": 978,
        "Gross Profit": 155,
        "Operating Income": 69,
        "EBIT": 103,
        "Net Income": 35
    },
    "2013-03-31": {
        "Diluted EPS": 0.22,
        "Total Revenue": 919,
        "Gross Profit": 127,
        "Operating Income": 47,
        "EBIT": 78,
        "Net Income": 18
    },
    "2012-12-31": {
        "Diluted EPS": 0.43,
        "Total Revenue": 932,
        "Gross Profit": 138,
        "Operating Income": 72,
        "EBIT": 98,
        "Net Income": 36
    },
    "2012-09-30": {
        "Diluted EPS": 0.34,
        "Total Revenue": NaN,
        "Gross Profit": 143,
        "Operating Income": 78,
        "EBIT": 101,
        "Net Income": 27
    },
    "2012-06-30": {
        "Diluted EPS": 0.37,
        "Total Revenue": 989,
        "Gross Profit": 120,
        "Operating Income": 60,
        "EBIT": 82,
        "Net Income": 30
    },
    "2012-03-31": {
        "Diluted EPS": 0.17,
        "Total Revenue": 738,
        "Gross Profit": 86,
        "Operating Income": 28,
        "EBIT": 49,
        "Net Income": 14
    },
    "2011-12-31": {
        "Diluted EPS": 0.1,
        "Total Revenue": 680,
        "Gross Profit": 67,
        "Operating Income": 17,
        "EBIT": 38,
        "Net Income": 9
    },
    "2011-09-30": {
        "Diluted EPS": 0.36,
        "Total Revenue": 816,
        "Gross Profit": 113,
        "Operating Income": 58,
        "EBIT": 78,
        "Net Income": 32
    },
    "2011-06-30": {
        "Diluted EPS": 0.51,
        "Total Revenue": 717,
        "Gross Profit": 101,
        "Operating Income": 47,
        "EBIT": 66,
        "Net Income": 44
    },
    "2011-03-31": {
        "Diluted EPS": 0.26,
        "Total Revenue": 618,
        "Gross Profit": 90,
        "Operating Income": 42,
        "EBIT": 57,
        "Net Income": 21
    },
    "2010-12-31": {
        "Diluted EPS": 0.42,
        "Total Revenue": 566,
        "Gross Profit": 71,
        "Operating Income": 35,
        "EBIT": 49,
        "Net Income": 39
    },
    "2010-09-30": {
        "Diluted EPS": 0.35,
        "Total Revenue": 632,
        "Gross Profit": 103,
        "Operating Income": 58,
        "EBIT": 71,
        "Net Income": 30
    },
    "2010-06-30": {
        "Diluted EPS": 0.18,
        "Total Revenue": 495,
        "Gross Profit": 78,
        "Operating Income": 33,
        "EBIT": 48,
        "Net Income": 15
    },
    "2010-03-31": {
        "Diluted EPS": 0.1,
        "Total Revenue": 450,
        "Gross Profit": 61,
        "Operating Income": 20,
        "EBIT": 35,
        "Net Income": 7
    },
    "2009-12-31": {
        "Diluted EPS": 0.22,
        "Total Revenue": 496,
        "Gross Profit": 74,
        "Operating Income": 32,
        "EBIT": 49,
        "Net Income": 18
    },
    "2009-09-30": {
        "Diluted EPS": 0.27,
        "Total Revenue": 397,
        "Gross Profit": 62,
        "Operating Income": 28,
        "EBIT": 38,
        "Net Income": 22
    },
    "2009-06-30": {
        "Diluted EPS": 0.25,
        "Total Revenue": 388,
        "Gross Profit": 60,
        "Operating Income": 24,
        "EBIT": 35,
        "Net Income": 19
    },
    "2009-03-31": {
        "Diluted EPS": 0.16,
        "Total Revenue": 342,
        "Gross Profit": 51,
        "Operating Income": 17,
        "EBIT": 28,
        "Net Income": 12
    },
    "2023-09-30": {
        "Tax Effect Of Unusual Items": NaN,
        "Tax Rate For Calcs": NaN,
        "Normalized EBITDA": NaN,
        "Total Unusual Items": 0.0,
        "Total Unusual Items Excluding Goodwill": 0.0,
        "Net Income From Continuing Operation Net Minority Interest": NaN,
        "Reconciled Depreciation": NaN,
        "Reconciled Cost Of Revenue": NaN,
        "EBITDA": NaN,
        "EBIT": NaN,
        "Net Interest Income": NaN,
        "Interest Expense": NaN,
        "Normalized Income": NaN,
        "Net Income From Continuing And Discontinued Operation": NaN,
        "Total Expenses": NaN,
        "Diluted Average Shares": NaN,
        "Basic Average Shares": NaN,
        "Diluted EPS": NaN,
        "Basic EPS": NaN,
        "Diluted NI Availto Com Stockholders": NaN,
        "Average Dilution Earnings": 0.0,
        "Net Income Common Stockholders": NaN,
        "Net Income": NaN,
        "Minority Interests": NaN,
        "Net Income Including Noncontrolling Interests": NaN,
        "Net Income Continuous Operations": NaN,
        "Tax Provision": NaN,
        "Pretax Income": NaN,
        "Other Income Expense": NaN,
        "Other Non Operating Income Expenses": NaN,
        "Special Income Charges": 0.0,
        "Other Special Charges": NaN,
        "Earnings From Equity Interest": NaN,
        "Net Non Operating Interest Income Expense": NaN,
        "Interest Expense Non Operating": NaN,
        "Operating Income": NaN,
        "Operating Expense": NaN,
        "Depreciation Amortization Depletion Income Statement": NaN,
        "Depreciation And Amortization In Income Statement": NaN,
        "Amortization": NaN,
        "Amortization Of Intangibles Income Statement": NaN,
        "Depreciation Income Statement": NaN,
        "Selling General And Administration": NaN,
        "General And Administrative Expense": NaN,
        "Other Gand A": NaN,
        "Gross Profit": NaN,
        "Cost Of Revenue": NaN,
        "Total Revenue": NaN,
        "Operating Revenue": NaN
    },
    "2023-12-31": {
        "Tax Effect Of Unusual Items": 0.0,
        "Tax Rate For Calcs": 0.21,
        "Normalized EBITDA": 211347000.0,
        "Total Unusual Items": NaN,
        "Total Unusual Items Excluding Goodwill": NaN,
        "Net Income From Continuing Operation Net Minority Interest": 753000.0,
        "Reconciled Depreciation": 151592000.0,
        "Reconciled Cost Of Revenue": 2912370000.0,
        "EBITDA": 211347000.0,
        "EBIT": 59755000.0,
        "Net Interest Income": -59741000.0,
        "Interest Expense": 59741000.0,
        "Normalized Income": 753000.0,
        "Net Income From Continuing And Discontinued Operation": 753000.0,
        "Total Expenses": 3242152000.0,
        "Diluted Average Shares": NaN,
        "Basic Average Shares": NaN,
        "Diluted EPS": NaN,
        "Basic EPS": NaN,
        "Diluted NI Availto Com Stockholders": 753000.0,
        "Average Dilution Earnings": NaN,
        "Net Income Common Stockholders": 753000.0,
        "Net Income": 753000.0,
        "Minority Interests": -438000.0,
        "Net Income Including Noncontrolling Interests": 1191000.0,
        "Net Income Continuous Operations": 1191000.0,
        "Tax Provision": -1177000.0,
        "Pretax Income": 14000.0,
        "Other Income Expense": 21824000.0,
        "Other Non Operating Income Expenses": 14561000.0,
        "Special Income Charges": NaN,
        "Other Special Charges": NaN,
        "Earnings From Equity Interest": 7263000.0,
        "Net Non Operating Interest Income Expense": -59741000.0,
        "Interest Expense Non Operating": 59741000.0,
        "Operating Income": 37931000.0,
        "Operating Expense": 329782000.0,
        "Depreciation Amortization Depletion Income Statement": 151592000.0,
        "Depreciation And Amortization In Income Statement": 151592000.0,
        "Amortization": 42981000.0,
        "Amortization Of Intangibles Income Statement": 42981000.0,
        "Depreciation Income Statement": 108611000.0,
        "Selling General And Administration": 178190000.0,
        "General And Administrative Expense": 178190000.0,
        "Other Gand A": 178190000.0,
        "Gross Profit": 367713000.0,
        "Cost Of Revenue": 2912370000.0,
        "Total Revenue": 3280083000.0,
        "Operating Revenue": 3280083000.0
    },
    "2024-03-31": {
        "Tax Effect Of Unusual Items": 0.0,
        "Tax Rate For Calcs": 0.243291,
        "Normalized EBITDA": 147647000.0,
        "Total Unusual Items": NaN,
        "Total Unusual Items Excluding Goodwill": NaN,
        "Net Income From Continuing Operation Net Minority Interest": -41180000.0,
        "Reconciled Depreciation": 141126000.0,
        "Reconciled Cost Of Revenue": 2379672000.0,
        "EBITDA": 147647000.0,
        "EBIT": 6521000.0,
        "Net Interest Income": -52059000.0,
        "Interest Expense": 52059000.0,
        "Normalized Income": -41180000.0,
        "Net Income From Continuing And Discontinued Operation": -41180000.0,
        "Total Expenses": 2686334000.0,
        "Diluted Average Shares": 77942000.0,
        "Basic Average Shares": 77942000.0,
        "Diluted EPS": -0.53,
        "Basic EPS": -0.53,
        "Diluted NI Availto Com Stockholders": -41180000.0,
        "Net Income Common Stockholders": -41180000.0,
        "Net Income": -41180000.0,
        "Minority Interests": -6721000.0,
        "Net Income Including Noncontrolling Interests": -34459000.0,
        "Net Income Continuous Operations": -34459000.0,
        "Tax Provision": -11079000.0,
        "Pretax Income": -45538000.0,
        "Other Income Expense": 6006000.0,
        "Other Non Operating Income Expenses": -3213000.0,
        "Special Income Charges": NaN,
        "Other Special Charges": NaN,
        "Earnings From Equity Interest": 9219000.0,
        "Net Non Operating Interest Income Expense": -52059000.0,
        "Interest Expense Non Operating": 52059000.0,
        "Operating Income": 515000.0,
        "Operating Expense": 306662000.0,
        "Depreciation Amortization Depletion Income Statement": 141126000.0,
        "Depreciation And Amortization In Income Statement": 141126000.0,
        "Amortization": 33691000.0,
        "Amortization Of Intangibles Income Statement": 33691000.0,
        "Depreciation Income Statement": 107435000.0,
        "Selling General And Administration": 165536000.0,
        "General And Administrative Expense": 165536000.0,
        "Other Gand A": 165536000.0,
        "Gross Profit": 307177000.0,
        "Cost Of Revenue": 2379672000.0,
        "Total Revenue": 2686849000.0,
        "Operating Revenue": 2686849000.0
    },
    "2024-06-30": {
        "Tax Effect Of Unusual Items": -3482608.0,
        "Tax Rate For Calcs": 0.307,
        "Normalized EBITDA": 260779000.0,
        "Total Unusual Items": -11344000.0,
        "Total Unusual Items Excluding Goodwill": -11344000.0,
        "Net Income From Continuing Operation Net Minority Interest": 33988000.0,
        "Reconciled Depreciation": 135751000.0,
        "Reconciled Cost Of Revenue": 2540448000.0,
        "EBITDA": 249435000.0,
        "EBIT": 113683000.0,
        "Net Interest Income": -50571000.0,
        "Interest Expense": 50571000.0,
        "Normalized Income": 41849392.0,
        "Net Income From Continuing And Discontinued Operation": 33988000.0,
        "Total Expenses": 2843280000.0,
        "Diluted Average Shares": 78860000.0,
        "Basic Average Shares": 78038000.0,
        "Diluted EPS": 0.43,
        "Basic EPS": 0.44,
        "Diluted NI Availto Com Stockholders": 33988000.0,
        "Net Income Common Stockholders": 33988000.0,
        "Net Income": 33988000.0,
        "Minority Interests": -9780000.0,
        "Net Income Including Noncontrolling Interests": 43768000.0,
        "Net Income Continuous Operations": 43768000.0,
        "Tax Provision": 19344000.0,
        "Pretax Income": 63112000.0,
        "Other Income Expense": -4123000.0,
        "Other Non Operating Income Expenses": 1329000.0,
        "Special Income Charges": -11344000.0,
        "Other Special Charges": 11344000.0,
        "Earnings From Equity Interest": 5892000.0,
        "Net Non Operating Interest Income Expense": -50571000.0,
        "Interest Expense Non Operating": 50571000.0,
        "Operating Income": 117806000.0,
        "Operating Expense": 302833000.0,
        "Depreciation Amortization Depletion Income Statement": 135752000.0,
        "Depreciation And Amortization In Income Statement": 135752000.0,
        "Amortization": 33611000.0,
        "Amortization Of Intangibles Income Statement": 33611000.0,
        "Depreciation Income Statement": 102141000.0,
        "Selling General And Administration": 167081000.0,
        "General And Administrative Expense": 167081000.0,
        "Other Gand A": 167081000.0,
        "Gross Profit": 420639000.0,
        "Cost Of Revenue": 2540447000.0,
        "Total Revenue": 2961086000.0,
        "Operating Revenue": 2961086000.0
    },
    "2024-09-30": {
        "Tax Effect Of Unusual Items": 0.0,
        "Tax Rate For Calcs": 0.23,
        "Normalized EBITDA": 298567000.0,
        "Total Unusual Items": 0.0,
        "Total Unusual Items Excluding Goodwill": 0.0,
        "Net Income From Continuing Operation Net Minority Interest": 95240000.0,
        "Reconciled Depreciation": 114561000.0,
        "Reconciled Cost Of Revenue": 2789274000.0,
        "EBITDA": 298567000.0,
        "EBIT": 184006000.0,
        "Net Interest Income": -47048000.0,
        "Interest Expense": 47048000.0,
        "Normalized Income": 95240000.0,
        "Net Income From Continuing And Discontinued Operation": 95240000.0,
        "Total Expenses": 3072709000.0,
        "Diluted Average Shares": 78913000.0,
        "Basic Average Shares": 78044000.0,
        "Diluted EPS": 1.21,
        "Basic EPS": 1.22,
        "Diluted NI Availto Com Stockholders": 95240000.0,
        "Net Income Common Stockholders": 95240000.0,
        "Net Income": 95240000.0,
        "Minority Interests": -10170000.0,
        "Net Income Including Noncontrolling Interests": 105410000.0,
        "Net Income Continuous Operations": 105410000.0,
        "Tax Provision": 31548000.0,
        "Pretax Income": 136958000.0,
        "Other Income Expense": 4288000.0,
        "Other Non Operating Income Expenses": -2754000.0,
        "Special Income Charges": 0.0,
        "Other Special Charges": NaN,
        "Earnings From Equity Interest": 7042000.0,
        "Net Non Operating Interest Income Expense": -47048000.0,
        "Interest Expense Non Operating": 47048000.0,
        "Operating Income": 179718000.0,
        "Operating Expense": 283435000.0,
        "Depreciation Amortization Depletion Income Statement": 114561000.0,
        "Depreciation And Amortization In Income Statement": 114561000.0,
        "Amortization": 34368000.0,
        "Amortization Of Intangibles Income Statement": 34368000.0,
        "Depreciation Income Statement": 80193000.0,
        "Selling General And Administration": 168874000.0,
        "General And Administrative Expense": 168874000.0,
        "Other Gand A": 168874000.0,
        "Gross Profit": 463153000.0,
        "Cost Of Revenue": 2789274000.0,
        "Total Revenue": 3252427000.0,
        "Operating Revenue": 3252427000.0
    },
    "2024-12-31": {
        "Tax Effect Of Unusual Items": 0.0,
        "Tax Rate For Calcs": 0.121631,
        "Normalized EBITDA": 255199000.0,
        "Total Unusual Items": 0.0,
        "Total Unusual Items Excluding Goodwill": 0.0,
        "Net Income From Continuing Operation Net Minority Interest": 74740000.0,
        "Reconciled Depreciation": 115180000.0,
        "Reconciled Cost Of Revenue": 2966594000.0,
        "EBITDA": 255199000.0,
        "EBIT": 140019000.0,
        "Net Interest Income": -43588000.0,
        "Interest Expense": 43588000.0,
        "Normalized Income": 74740000.0,
        "Net Income From Continuing And Discontinued Operation": 74740000.0,
        "Total Expenses": 3264791000.0,
        "Diluted Average Shares": 79053000.0,
        "Basic Average Shares": 78185000.0,
        "Diluted EPS": 0.95,
        "Basic EPS": 0.96,
        "Diluted NI Availto Com Stockholders": 74740000.0,
        "Net Income Common Stockholders": 74740000.0,
        "Net Income": 74740000.0,
        "Minority Interests": -9962000.0,
        "Net Income Including Noncontrolling Interests": 84702000.0,
        "Net Income Continuous Operations": 84702000.0,
        "Tax Provision": 11729000.0,
        "Pretax Income": 96431000.0,
        "Other Income Expense": 1708000.0,
        "Other Non Operating Income Expenses": -6367000.0,
        "Special Income Charges": 0.0,
        "Other Special Charges": 0.0,
        "Earnings From Equity Interest": 8075000.0,
        "Net Non Operating Interest Income Expense": -43588000.0,
        "Interest Expense Non Operating": 43588000.0,
        "Operating Income": 138311000.0,
        "Operating Expense": 298197000.0,
        "Depreciation Amortization Depletion Income Statement": 115180000.0,
        "Depreciation And Amortization In Income Statement": 115180000.0,
        "Amortization": 38184000.0,
        "Amortization Of Intangibles Income Statement": 38184000.0,
        "Depreciation Income Statement": 76996000.0,
        "Selling General And Administration": 183017000.0,
        "General And Administrative Expense": 183017000.0,
        "Other Gand A": 183017000.0,
        "Gross Profit": 436508000.0,
        "Cost Of Revenue": 2966594000.0,
        "Total Revenue": 3403102000.0,
        "Operating Revenue": 3403102000.0
    },
    "2025-03-31": {
        "Tax Effect Of Unusual Items": 0.0,
        "Tax Rate For Calcs": 0.4,
        "Normalized EBITDA": 156846000.0,
        "Total Unusual Items": NaN,
        "Total Unusual Items Excluding Goodwill": NaN,
        "Net Income From Continuing Operation Net Minority Interest": 9903000.0,
        "Reconciled Depreciation": 108861000.0,
        "Reconciled Cost Of Revenue": 2536618000.0,
        "EBITDA": 156846000.0,
        "EBIT": 47985000.0,
        "Net Interest Income": -39041000.0,
        "Interest Expense": 39041000.0,
        "Normalized Income": 9903000.0,
        "Net Income From Continuing And Discontinued Operation": 9903000.0,
        "Total Expenses": 2811650000.0,
        "Diluted Average Shares": 79052000.0,
        "Basic Average Shares": 78192000.0,
        "Diluted EPS": 0.13,
        "Basic EPS": 0.13,
        "Diluted NI Availto Com Stockholders": 9903000.0,
        "Net Income Common Stockholders": 9903000.0,
        "Net Income": 9903000.0,
        "Minority Interests": -2424000.0,
        "Net Income Including Noncontrolling Interests": 12327000.0,
        "Net Income Continuous Operations": 12327000.0,
        "Tax Provision": -3383000.0,
        "Pretax Income": 8944000.0,
        "Other Income Expense": 11917000.0,
        "Other Non Operating Income Expenses": 1604000.0,
        "Special Income Charges": NaN,
        "Other Special Charges": NaN,
        "Earnings From Equity Interest": 10313000.0,
        "Net Non Operating Interest Income Expense": -39041000.0,
        "Interest Expense Non Operating": 39041000.0,
        "Operating Income": 36068000.0,
        "Operating Expense": 275032000.0,
        "Depreciation Amortization Depletion Income Statement": 108861000.0,
        "Depreciation And Amortization In Income Statement": 108861000.0,
        "Amortization": 32636000.0,
        "Amortization Of Intangibles Income Statement": 32636000.0,
        "Depreciation Income Statement": 76225000.0,
        "Selling General And Administration": 166171000.0,
        "General And Administrative Expense": 166171000.0,
        "Other Gand A": 166171000.0,
        "Gross Profit": 311100000.0,
        "Cost Of Revenue": 2536618000.0,
        "Total Revenue": 2847718000.0,
        "Operating Revenue": 2847718000.0
    }
}