{
    "2023-03-31": {
        "Tax Effect Of Unusual Items": NaN,
        "Tax Rate For Calcs": NaN,
        "Normalized EBITDA": NaN,
        "Total Unusual Items": NaN,
        "Total Unusual Items Excluding Goodwill": NaN,
        "Net Income From Continuing Operation Net Minority Interest": NaN,
        "Reconciled Depreciation": NaN,
        "Reconciled Cost Of Revenue": NaN,
        "EBITDA": NaN,
        "EBIT": NaN,
        "Net Interest Income": NaN,
        "Interest Expense": NaN,
        "Normalized Income": NaN,
        "Net Income From Continuing And Discontinued Operation": NaN,
        "Total Expenses": NaN,
        "Total Operating Income As Reported": NaN,
        "Diluted Average Shares": NaN,
        "Basic Average Shares": NaN,
        "Diluted EPS": NaN,
        "Basic EPS": NaN,
        "Diluted NI Availto Com Stockholders": NaN,
        "Net Income Common Stockholders": NaN,
        "Net Income": NaN,
        "Minority Interests": NaN,
        "Net Income Including Noncontrolling Interests": NaN,
        "Net Income Discontinuous Operations": NaN,
        "Net Income Continuous Operations": NaN,
        "Tax Provision": NaN,
        "Pretax Income": NaN,
        "Other Income Expense": NaN,
        "Other Non Operating Income Expenses": NaN,
        "Special Income Charges": NaN,
        "Gain On Sale Of Ppe": NaN,
        "Write Off": NaN,
        "Impairment Of Capital Assets": 0.0,
        "Restructuring And Mergern Acquisition": NaN,
        "Gain On Sale Of Security": NaN,
        "Net Non Operating Interest Income Expense": NaN,
        "Interest Expense Non Operating": NaN,
        "Operating Income": NaN,
        "Operating Expense": NaN,
        "Other Operating Expenses": NaN,
        "Selling General And Administration": NaN,
        "Gross Profit": NaN,
        "Cost Of Revenue": NaN,
        "Total Revenue": NaN,
        "Operating Revenue": NaN
    },
    "2022-12-31": {
        "Tax Effect Of Unusual Items": NaN,
        "Tax Rate For Calcs": NaN,
        "Normalized EBITDA": NaN,
        "Total Unusual Items": NaN,
        "Total Unusual Items Excluding Goodwill": NaN,
        "Net Income From Continuing Operation Net Minority Interest": NaN,
        "Reconciled Depreciation": NaN,
        "Reconciled Cost Of Revenue": NaN,
        "EBITDA": NaN,
        "EBIT": NaN,
        "Net Interest Income": NaN,
        "Interest Expense": NaN,
        "Normalized Income": NaN,
        "Net Income From Continuing And Discontinued Operation": NaN,
        "Total Expenses": NaN,
        "Total Operating Income As Reported": NaN,
        "Diluted Average Shares": NaN,
        "Basic Average Shares": NaN,
        "Diluted EPS": NaN,
        "Basic EPS": NaN,
        "Diluted NI Availto Com Stockholders": NaN,
        "Net Income Common Stockholders": NaN,
        "Net Income": NaN,
        "Minority Interests": NaN,
        "Net Income Including Noncontrolling Interests": NaN,
        "Net Income Discontinuous Operations": NaN,
        "Net Income Continuous Operations": NaN,
        "Tax Provision": NaN,
        "Pretax Income": NaN,
        "Other Income Expense": NaN,
        "Other Non Operating Income Expenses": NaN,
        "Special Income Charges": NaN,
        "Gain On Sale Of Ppe": NaN,
        "Write Off": 0.0,
        "Impairment Of Capital Assets": 0.0,
        "Restructuring And Mergern Acquisition": NaN,
        "Gain On Sale Of Security": -11756000.0,
        "Net Non Operating Interest Income Expense": NaN,
        "Interest Expense Non Operating": NaN,
        "Operating Income": NaN,
        "Operating Expense": NaN,
        "Other Operating Expenses": NaN,
        "Selling General And Administration": NaN,
        "Gross Profit": NaN,
        "Cost Of Revenue": NaN,
        "Total Revenue": NaN,
        "Operating Revenue": NaN
    },
    "2022-09-30": {
        "Tax Effect Of Unusual Items": NaN,
        "Tax Rate For Calcs": NaN,
        "Normalized EBITDA": NaN,
        "Total Unusual Items": NaN,
        "Total Unusual Items Excluding Goodwill": NaN,
        "Net Income From Continuing Operation Net Minority Interest": NaN,
        "Reconciled Depreciation": NaN,
        "Reconciled Cost Of Revenue": NaN,
        "EBITDA": NaN,
        "EBIT": NaN,
        "Net Interest Income": NaN,
        "Interest Expense": NaN,
        "Normalized Income": NaN,
        "Net Income From Continuing And Discontinued Operation": NaN,
        "Total Expenses": NaN,
        "Total Operating Income As Reported": NaN,
        "Diluted Average Shares": NaN,
        "Basic Average Shares": NaN,
        "Diluted EPS": NaN,
        "Basic EPS": NaN,
        "Diluted NI Availto Com Stockholders": NaN,
        "Net Income Common Stockholders": NaN,
        "Net Income": NaN,
        "Minority Interests": NaN,
        "Net Income Including Noncontrolling Interests": NaN,
        "Net Income Discontinuous Operations": NaN,
        "Net Income Continuous Operations": NaN,
        "Tax Provision": NaN,
        "Pretax Income": NaN,
        "Other Income Expense": NaN,
        "Other Non Operating Income Expenses": NaN,
        "Special Income Charges": NaN,
        "Gain On Sale Of Ppe": NaN,
        "Impairment Of Capital Assets": 0.0,
        "Restructuring And Mergern Acquisition": NaN,
        "Gain On Sale Of Security": 115191000.0,
        "Net Non Operating Interest Income Expense": NaN,
        "Interest Expense Non Operating": NaN,
        "Operating Income": NaN,
        "Operating Expense": NaN,
        "Other Operating Expenses": NaN,
        "Selling General And Administration": NaN,
        "Gross Profit": NaN,
        "Cost Of Revenue": NaN,
        "Total Revenue": NaN,
        "Operating Revenue": NaN
    },
    "2022-06-30": {
        "Tax Effect Of Unusual Items": -23000184.0,
        "Tax Rate For Calcs": 0.204,
        "Normalized EBITDA": 865518000.0,
        "Total Unusual Items": -112746000.0,
        "Total Unusual Items Excluding Goodwill": -112746000.0,
        "Net Income From Continuing Operation Net Minority Interest": 351500000.0,
        "Reconciled Depreciation": 195856000.0,
        "Reconciled Cost Of Revenue": 441127000.0,
        "EBITDA": 752772000.0,
        "EBIT": 556916000.0,
        "Net Interest Income": -41385000.0,
        "Interest Expense": 41385000.0,
        "Normalized Income": 441245816.0,
        "Net Income From Continuing And Discontinued Operation": 350557000.0,
        "Total Expenses": 531884000.0,
        "Total Operating Income As Reported": 551608000.0,
        "Diluted Average Shares": 157455000.0,
        "Basic Average Shares": 155389000.0,
        "Diluted EPS": 2.23,
        "Basic EPS": 2.23,
        "Diluted NI Availto Com Stockholders": 350557000.0,
        "Net Income Common Stockholders": 350557000.0,
        "Net Income": 350557000.0,
        "Minority Interests": -58947000.0,
        "Net Income Including Noncontrolling Interests": 409504000.0,
        "Net Income Discontinuous Operations": -943000.0,
        "Net Income Continuous Operations": 410447000.0,
        "Tax Provision": 105084000.0,
        "Pretax Income": 515531000.0,
        "Other Income Expense": -107438000.0,
        "Other Non Operating Income Expenses": 5308000.0,
        "Special Income Charges": -9678000.0,
        "Gain On Sale Of Ppe": 7887000.0,
        "Impairment Of Capital Assets": 0.0,
        "Restructuring And Mergern Acquisition": 17565000.0,
        "Gain On Sale Of Security": -103068000.0,
        "Net Non Operating Interest Income Expense": -41385000.0,
        "Interest Expense Non Operating": 41385000.0,
        "Operating Income": 664354000.0,
        "Operating Expense": 90757000.0,
        "Other Operating Expenses": 63627000.0,
        "Selling General And Administration": 27130000.0,
        "Gross Profit": 755111000.0,
        "Cost Of Revenue": 441127000.0,
        "Total Revenue": 1196238000.0,
        "Operating Revenue": 1196238000.0
    },
    "2023-06-30": {
        "Tax Effect Of Unusual Items": NaN,
        "Tax Rate For Calcs": NaN,
        "Normalized EBITDA": NaN,
        "Total Unusual Items": NaN,
        "Total Unusual Items Excluding Goodwill": NaN,
        "Net Income From Continuing Operation Net Minority Interest": NaN,
        "Reconciled Depreciation": NaN,
        "Reconciled Cost Of Revenue": NaN,
        "EBITDA": NaN,
        "EBIT": NaN,
        "Net Interest Income": NaN,
        "Interest Expense": NaN,
        "Normalized Income": NaN,
        "Net Income From Continuing And Discontinued Operation": NaN,
        "Total Expenses": NaN,
        "Total Operating Income As Reported": NaN,
        "Diluted Average Shares": NaN,
        "Basic Average Shares": NaN,
        "Diluted EPS": NaN,
        "Basic EPS": NaN,
        "Diluted NI Availto Com Stockholders": NaN,
        "Net Income Common Stockholders": NaN,
        "Net Income": NaN,
        "Minority Interests": NaN,
        "Net Income Including Noncontrolling Interests": NaN,
        "Net Income Discontinuous Operations": NaN,
        "Net Income Continuous Operations": NaN,
        "Tax Provision": NaN,
        "Pretax Income": NaN,
        "Other Income Expense": NaN,
        "Other Non Operating Income Expenses": NaN,
        "Special Income Charges": NaN,
        "Gain On Sale Of Ppe": NaN,
        "Write Off": 0.0,
        "Impairment Of Capital Assets": NaN,
        "Restructuring And Mergern Acquisition": NaN,
        "Gain On Sale Of Security": NaN,
        "Net Non Operating Interest Income Expense": NaN,
        "Interest Expense Non Operating": NaN,
        "Operating Income": NaN,
        "Operating Expense": NaN,
        "Other Operating Expenses": NaN,
        "Selling General And Administration": NaN,
        "Gross Profit": NaN,
        "Cost Of Revenue": NaN,
        "Total Revenue": NaN,
        "Operating Revenue": NaN
    },
    "2022-03-31": {
        "Diluted EPS": -0.73,
        "Total Revenue": 553,
        "Gross Profit": 519,
        "Operating Income": -42,
        "EBIT": 126,
        "Net Income": -113
    },
    "2021-12-31": {
        "Diluted EPS": 1.1,
        "Total Revenue": 739,
        "Gross Profit": 739,
        "Operating Income": 310,
        "EBIT": 495,
        "Net Income": 168
    },
    "2021-09-30": {
        "Diluted EPS": 0.7,
        "Total Revenue": 631,
        "Gross Profit": 631,
        "Operating Income": 223,
        "EBIT": 418,
        "Net Income": 108
    },
    "2021-06-30": {
        "Diluted EPS": -0.41,
        "Total Revenue": 550,
        "Gross Profit": 550,
        "Operating Income": 10,
        "EBIT": 241,
        "Net Income": -63
    },
    "2021-03-31": {
        "Diluted EPS": -1.87,
        "Total Revenue": 380,
        "Gross Profit": 380,
        "Operating Income": -262,
        "EBIT": -59,
        "Net Income": -287
    },
    "2020-12-31": {
        "Diluted EPS": -1.12,
        "Total Revenue": 330,
        "Gross Profit": 330,
        "Operating Income": -156,
        "EBIT": 67,
        "Net Income": -172
    },
    "2020-09-30": {
        "Diluted EPS": -1.59,
        "Total Revenue": 422,
        "Gross Profit": 422,
        "Operating Income": -278,
        "EBIT": -39,
        "Net Income": -244
    },
    "2020-06-30": {
        "Diluted EPS": -2.06,
        "Total Revenue": 212,
        "Gross Profit": 212,
        "Operating Income": -374,
        "EBIT": -135,
        "Net Income": -317
    },
    "2020-03-31": {
        "Diluted EPS": -2.71,
        "Total Revenue": NaN,
        "Gross Profit": NaN,
        "Operating Income": -555,
        "EBIT": -241,
        "Net Income": -416
    },
    "2019-12-31": {
        "Diluted EPS": -0.58,
        "Total Revenue": 637,
        "Gross Profit": 637,
        "Operating Income": -37,
        "EBIT": 298,
        "Net Income": -72
    },
    "2019-09-30": {
        "Diluted EPS": 6.79,
        "Total Revenue": 817,
        "Gross Profit": 817,
        "Operating Income": 226,
        "EBIT": 559,
        "Net Income": NaN
    },
    "2019-06-30": {
        "Diluted EPS": 0.54,
        "Total Revenue": 744,
        "Gross Profit": 744,
        "Operating Income": 171,
        "EBIT": 442,
        "Net Income": 92
    },
    "2019-03-31": {
        "Diluted EPS": 0.23,
        "Total Revenue": 631,
        "Gross Profit": 631,
        "Operating Income": 85,
        "EBIT": 322,
        "Net Income": 40
    },
    "2018-12-31": {
        "Diluted EPS": 0.61,
        "Total Revenue": 537,
        "Gross Profit": 537,
        "Operating Income": 51,
        "EBIT": 265,
        "Net Income": 103
    },
    "2018-09-30": {
        "Diluted EPS": 0.54,
        "Total Revenue": 491,
        "Gross Profit": 491,
        "Operating Income": 123,
        "EBIT": 329,
        "Net Income": 94
    },
    "2018-06-30": {
        "Diluted EPS": 0.25,
        "Total Revenue": 390,
        "Gross Profit": 390,
        "Operating Income": 22,
        "EBIT": 223,
        "Net Income": 46
    },
    "2018-03-31": {
        "Diluted EPS": 0.96,
        "Total Revenue": 375,
        "Gross Profit": 375,
        "Operating Income": 19,
        "EBIT": 215,
        "Net Income": 168
    },
    "2017-12-31": {
        "Diluted EPS": -1.67,
        "Total Revenue": -239,
        "Gross Profit": -239,
        "Operating Income": -341,
        "EBIT": -283,
        "Net Income": -287
    },
    "2017-09-30": {
        "Diluted EPS": -0.38,
        "Total Revenue": 498,
        "Gross Profit": 498,
        "Operating Income": 38,
        "EBIT": 302,
        "Net Income": -66
    },
    "2017-06-30": {
        "Diluted EPS": -0.1,
        "Total Revenue": 508,
        "Gross Profit": 508,
        "Operating Income": 62,
        "EBIT": 307,
        "Net Income": -18
    },
    "2017-03-31": {
        "Diluted EPS": 0.34,
        "Total Revenue": 677,
        "Gross Profit": 677,
        "Operating Income": 215,
        "EBIT": 461,
        "Net Income": 58
    },
    "2016-12-31": {
        "Diluted EPS": -0.37,
        "Total Revenue": 458,
        "Gross Profit": 458,
        "Operating Income": -134,
        "EBIT": 130,
        "Net Income": -64
    },
    "2016-09-30": {
        "Diluted EPS": -0.09,
        "Total Revenue": 486,
        "Gross Profit": 486,
        "Operating Income": 35,
        "EBIT": 301,
        "Net Income": -16
    },
    "2016-06-30": {
        "Diluted EPS": 0.02,
        "Total Revenue": 437,
        "Gross Profit": 437,
        "Operating Income": -79,
        "EBIT": 193,
        "Net Income": 3
    },
    "2016-03-31": {
        "Diluted EPS": -1.16,
        "Total Revenue": 430,
        "Gross Profit": 430,
        "Operating Income": -210,
        "EBIT": 88,
        "Net Income": -199
    },
    "2015-12-31": {
        "Diluted EPS": -3.27,
        "Total Revenue": 566,
        "Gross Profit": 566,
        "Operating Income": -879,
        "EBIT": -563,
        "Net Income": -587
    },
    "2015-09-30": {
        "Diluted EPS": -9.26,
        "Total Revenue": 715,
        "Gross Profit": 715,
        "Operating Income": NaN,
        "EBIT": NaN,
        "Net Income": NaN
    },
    "2015-06-30": {
        "Diluted EPS": -0.42,
        "Total Revenue": 738,
        "Gross Profit": 738,
        "Operating Income": -37,
        "EBIT": 392,
        "Net Income": -74
    },
    "2015-03-31": {
        "Diluted EPS": -0.08,
        "Total Revenue": 922,
        "Gross Profit": 922,
        "Operating Income": -7,
        "EBIT": 497,
        "Net Income": -14
    },
    "2014-12-31": {
        "Diluted EPS": 2.09,
        "Total Revenue": NaN,
        "Gross Profit": NaN,
        "Operating Income": 311,
        "EBIT": 884,
        "Net Income": 375
    },
    "2014-09-30": {
        "Diluted EPS": 1.37,
        "Total Revenue": NaN,
        "Gross Profit": NaN,
        "Operating Income": 468,
        "EBIT": 987,
        "Net Income": 246
    },
    "2014-06-30": {
        "Diluted EPS": 0.72,
        "Total Revenue": NaN,
        "Gross Profit": NaN,
        "Operating Income": 374,
        "EBIT": 860,
        "Net Income": 129
    },
    "2014-03-31": {
        "Diluted EPS": 0.85,
        "Total Revenue": NaN,
        "Gross Profit": NaN,
        "Operating Income": 397,
        "EBIT": 809,
        "Net Income": 155
    },
    "2013-12-31": {
        "Diluted EPS": 0.43,
        "Total Revenue": NaN,
        "Gross Profit": NaN,
        "Operating Income": 260,
        "EBIT": 689,
        "Net Income": 75
    },
    "2013-09-30": {
        "Diluted EPS": 1.51,
        "Total Revenue": NaN,
        "Gross Profit": NaN,
        "Operating Income": 519,
        "EBIT": 937,
        "Net Income": 285
    },
    "2013-06-30": {
        "Diluted EPS": 2.12,
        "Total Revenue": NaN,
        "Gross Profit": NaN,
        "Operating Income": 502,
        "EBIT": 902,
        "Net Income": 403
    },
    "2013-03-31": {
        "Diluted EPS": 1.88,
        "Total Revenue": NaN,
        "Gross Profit": NaN,
        "Operating Income": 401,
        "EBIT": 781,
        "Net Income": 361
    },
    "2012-12-31": {
        "Diluted EPS": 0.82,
        "Total Revenue": NaN,
        "Gross Profit": NaN,
        "Operating Income": 217,
        "EBIT": 566,
        "Net Income": 159
    },
    "2012-09-30": {
        "Diluted EPS": 1.16,
        "Total Revenue": NaN,
        "Gross Profit": NaN,
        "Operating Income": 388,
        "EBIT": 700,
        "Net Income": 227
    },
    "2012-06-30": {
        "Diluted EPS": 1.52,
        "Total Revenue": NaN,
        "Gross Profit": NaN,
        "Operating Income": 500,
        "EBIT": 861,
        "Net Income": 295
    },
    "2012-03-31": {
        "Diluted EPS": 1.49,
        "Total Revenue": NaN,
        "Gross Profit": NaN,
        "Operating Income": 480,
        "EBIT": 848,
        "Net Income": 290
    },
    "2011-12-31": {
        "Diluted EPS": -0.59,
        "Total Revenue": NaN,
        "Gross Profit": NaN,
        "Operating Income": 106,
        "EBIT": 305,
        "Net Income": -114
    },
    "2011-09-30": {
        "Diluted EPS": 2.09,
        "Total Revenue": NaN,
        "Gross Profit": NaN,
        "Operating Income": 550,
        "EBIT": 849,
        "Net Income": 406
    },
    "2011-06-30": {
        "Diluted EPS": 1.6,
        "Total Revenue": NaN,
        "Gross Profit": NaN,
        "Operating Income": 525,
        "EBIT": 819,
        "Net Income": 312
    },
    "2011-03-31": {
        "Diluted EPS": 1.38,
        "Total Revenue": NaN,
        "Gross Profit": NaN,
        "Operating Income": 426,
        "EBIT": 725,
        "Net Income": 269
    },
    "2010-12-31": {
        "Diluted EPS": 0.9,
        "Total Revenue": NaN,
        "Gross Profit": 935,
        "Operating Income": 252,
        "EBIT": 552,
        "Net Income": 174
    },
    "2010-09-30": {
        "Diluted EPS": 1.05,
        "Total Revenue": NaN,
        "Gross Profit": NaN,
        "Operating Income": 369,
        "EBIT": 639,
        "Net Income": 203
    },
    "2010-06-30": {
        "Diluted EPS": 1.41,
        "Total Revenue": NaN,
        "Gross Profit": NaN,
        "Operating Income": 463,
        "EBIT": 788,
        "Net Income": 272
    },
    "2010-03-31": {
        "Diluted EPS": 0.77,
        "Total Revenue": NaN,
        "Gross Profit": NaN,
        "Operating Income": 306,
        "EBIT": 627,
        "Net Income": 149
    },
    "2009-12-31": {
        "Diluted EPS": 1.65,
        "Total Revenue": NaN,
        "Gross Profit": NaN,
        "Operating Income": 515,
        "EBIT": 753,
        "Net Income": 319
    },
    "2009-09-30": {
        "Diluted EPS": 0.98,
        "Total Revenue": NaN,
        "Gross Profit": NaN,
        "Operating Income": 328,
        "EBIT": 593,
        "Net Income": 189
    },
    "2009-06-30": {
        "Diluted EPS": 0.83,
        "Total Revenue": NaN,
        "Gross Profit": 981,
        "Operating Income": 278,
        "EBIT": 510,
        "Net Income": 159
    },
    "2009-03-31": {
        "Diluted EPS": 0.89,
        "Total Revenue": NaN,
        "Gross Profit": 890,
        "Operating Income": 164,
        "EBIT": 391,
        "Net Income": 171
    },
    "2023-09-30": {
        "Tax Effect Of Unusual Items": NaN,
        "Tax Rate For Calcs": NaN,
        "Normalized EBITDA": NaN,
        "Total Unusual Items": NaN,
        "Total Unusual Items Excluding Goodwill": NaN,
        "Net Income From Continuing Operation Net Minority Interest": NaN,
        "Reconciled Depreciation": NaN,
        "Reconciled Cost Of Revenue": NaN,
        "EBITDA": NaN,
        "EBIT": NaN,
        "Net Interest Income": NaN,
        "Interest Expense": NaN,
        "Normalized Income": NaN,
        "Net Income From Continuing And Discontinued Operation": NaN,
        "Total Expenses": NaN,
        "Total Operating Income As Reported": NaN,
        "Diluted Average Shares": 156829000.0,
        "Basic Average Shares": 155454000.0,
        "Diluted EPS": 1.63,
        "Basic EPS": 1.64,
        "Diluted NI Availto Com Stockholders": NaN,
        "Net Income Common Stockholders": NaN,
        "Net Income": NaN,
        "Minority Interests": NaN,
        "Net Income Including Noncontrolling Interests": NaN,
        "Net Income Discontinuous Operations": NaN,
        "Net Income Continuous Operations": NaN,
        "Tax Provision": NaN,
        "Pretax Income": NaN,
        "Other Income Expense": NaN,
        "Other Non Operating Income Expenses": NaN,
        "Special Income Charges": NaN,
        "Gain On Sale Of Ppe": NaN,
        "Write Off": 0.0,
        "Impairment Of Capital Assets": NaN,
        "Restructuring And Mergern Acquisition": NaN,
        "Gain On Sale Of Security": NaN,
        "Net Non Operating Interest Income Expense": NaN,
        "Interest Expense Non Operating": NaN,
        "Operating Income": NaN,
        "Operating Expense": NaN,
        "Other Operating Expenses": NaN,
        "Selling General And Administration": NaN,
        "Gross Profit": NaN,
        "Cost Of Revenue": NaN,
        "Total Revenue": NaN,
        "Operating Revenue": NaN
    },
    "2023-12-31": {
        "Tax Effect Of Unusual Items": -981552.430723,
        "Tax Rate For Calcs": 0.17169,
        "Normalized EBITDA": 411705000.0,
        "Total Unusual Items": -5717000.0,
        "Total Unusual Items Excluding Goodwill": -5717000.0,
        "Net Income From Continuing Operation Net Minority Interest": 117009000.0,
        "Reconciled Depreciation": 212772000.0,
        "Reconciled Cost Of Revenue": 471451000.0,
        "EBITDA": 405988000.0,
        "EBIT": 193216000.0,
        "Net Interest Income": -23678000.0,
        "Interest Expense": 23678000.0,
        "Normalized Income": 121744447.569277,
        "Net Income From Continuing And Discontinued Operation": 116286000.0,
        "Total Expenses": 633706000.0,
        "Total Operating Income As Reported": 202847000.0,
        "Diluted Average Shares": 155289000.0,
        "Basic Average Shares": 153754000.0,
        "Diluted EPS": 0.75,
        "Basic EPS": 0.76,
        "Diluted NI Availto Com Stockholders": 116286000.0,
        "Net Income Common Stockholders": 116286000.0,
        "Net Income": 116286000.0,
        "Minority Interests": -23421000.0,
        "Net Income Including Noncontrolling Interests": 139707000.0,
        "Net Income Discontinuous Operations": -723000.0,
        "Net Income Continuous Operations": 140430000.0,
        "Tax Provision": 29108000.0,
        "Pretax Income": 169538000.0,
        "Other Income Expense": -15348000.0,
        "Other Non Operating Income Expenses": -9631000.0,
        "Special Income Charges": -5717000.0,
        "Gain On Sale Of Ppe": 1928000.0,
        "Write Off": NaN,
        "Impairment Of Capital Assets": NaN,
        "Restructuring And Mergern Acquisition": 7645000.0,
        "Gain On Sale Of Security": NaN,
        "Net Non Operating Interest Income Expense": -23678000.0,
        "Interest Expense Non Operating": 23678000.0,
        "Operating Income": 208564000.0,
        "Operating Expense": 162255000.0,
        "Other Operating Expenses": 119347000.0,
        "Selling General And Administration": 42908000.0,
        "Gross Profit": 370819000.0,
        "Cost Of Revenue": 471451000.0,
        "Total Revenue": 842270000.0,
        "Operating Revenue": 842270000.0
    },
    "2024-03-31": {
        "Tax Effect Of Unusual Items": NaN,
        "Tax Rate For Calcs": NaN,
        "Normalized EBITDA": NaN,
        "Total Unusual Items": NaN,
        "Total Unusual Items Excluding Goodwill": NaN,
        "Net Income From Continuing Operation Net Minority Interest": NaN,
        "Reconciled Depreciation": NaN,
        "Reconciled Cost Of Revenue": NaN,
        "EBITDA": NaN,
        "EBIT": NaN,
        "Net Interest Income": NaN,
        "Interest Expense": NaN,
        "Normalized Income": NaN,
        "Net Income From Continuing And Discontinued Operation": NaN,
        "Total Expenses": NaN,
        "Total Operating Income As Reported": NaN,
        "Diluted Average Shares": NaN,
        "Basic Average Shares": NaN,
        "Diluted EPS": NaN,
        "Basic EPS": NaN,
        "Diluted NI Availto Com Stockholders": NaN,
        "Net Income Common Stockholders": NaN,
        "Net Income": NaN,
        "Minority Interests": NaN,
        "Net Income Including Noncontrolling Interests": NaN,
        "Net Income Discontinuous Operations": NaN,
        "Net Income Continuous Operations": NaN,
        "Tax Provision": NaN,
        "Pretax Income": NaN,
        "Other Income Expense": NaN,
        "Other Non Operating Income Expenses": NaN,
        "Special Income Charges": NaN,
        "Gain On Sale Of Ppe": NaN,
        "Write Off": NaN,
        "Impairment Of Capital Assets": 34528000.0,
        "Restructuring And Mergern Acquisition": NaN,
        "Gain On Sale Of Security": NaN,
        "Net Non Operating Interest Income Expense": NaN,
        "Interest Expense Non Operating": NaN,
        "Operating Income": NaN,
        "Operating Expense": NaN,
        "Other Operating Expenses": NaN,
        "Selling General And Administration": NaN,
        "Gross Profit": NaN,
        "Cost Of Revenue": NaN,
        "Total Revenue": NaN,
        "Operating Revenue": NaN
    },
    "2024-06-30": {
        "Tax Effect Of Unusual Items": -1491422.811358,
        "Tax Rate For Calcs": 0.172359,
        "Normalized EBITDA": 434763000.0,
        "Total Unusual Items": -8653000.0,
        "Total Unusual Items Excluding Goodwill": -8653000.0,
        "Net Income From Continuing Operation Net Minority Interest": 128382000.0,
        "Reconciled Depreciation": 215543000.0,
        "Reconciled Cost Of Revenue": 531628000.0,
        "EBITDA": 426110000.0,
        "EBIT": 210567000.0,
        "Net Interest Income": -20986000.0,
        "Interest Expense": 20986000.0,
        "Normalized Income": 135543577.188642,
        "Net Income From Continuing And Discontinued Operation": 127739000.0,
        "Total Expenses": 608032000.0,
        "Total Operating Income As Reported": 184322000.0,
        "Diluted Average Shares": 153144000.0,
        "Basic Average Shares": 152153000.0,
        "Diluted EPS": 0.83,
        "Basic EPS": 0.84,
        "Diluted NI Availto Com Stockholders": 127739000.0,
        "Net Income Common Stockholders": 127739000.0,
        "Net Income": 127739000.0,
        "Minority Interests": -28523000.0,
        "Net Income Including Noncontrolling Interests": 156262000.0,
        "Net Income Discontinuous Operations": -643000.0,
        "Net Income Continuous Operations": 156905000.0,
        "Tax Provision": 32676000.0,
        "Pretax Income": 189581000.0,
        "Other Income Expense": 17592000.0,
        "Other Non Operating Income Expenses": 26245000.0,
        "Special Income Charges": -8653000.0,
        "Gain On Sale Of Ppe": 1764000.0,
        "Write Off": 0.0,
        "Impairment Of Capital Assets": NaN,
        "Restructuring And Mergern Acquisition": 10417000.0,
        "Gain On Sale Of Security": NaN,
        "Net Non Operating Interest Income Expense": -20986000.0,
        "Interest Expense Non Operating": 20986000.0,
        "Operating Income": 192975000.0,
        "Operating Expense": 76404000.0,
        "Other Operating Expenses": 53511000.0,
        "Selling General And Administration": 22893000.0,
        "Gross Profit": 269379000.0,
        "Cost Of Revenue": 531628000.0,
        "Total Revenue": 801007000.0,
        "Operating Revenue": 801007000.0
    },
    "2024-09-30": {
        "Tax Effect Of Unusual Items": -74774.0,
        "Tax Rate For Calcs": 0.014,
        "Normalized EBITDA": 404073000.0,
        "Total Unusual Items": -5341000.0,
        "Total Unusual Items Excluding Goodwill": -5341000.0,
        "Net Income From Continuing Operation Net Minority Interest": 139702000.0,
        "Reconciled Depreciation": 223632000.0,
        "Reconciled Cost Of Revenue": 493956000.0,
        "EBITDA": 398732000.0,
        "EBIT": 175100000.0,
        "Net Interest Income": -21258000.0,
        "Interest Expense": 21258000.0,
        "Normalized Income": 144968226.0,
        "Net Income From Continuing And Discontinued Operation": 139094000.0,
        "Total Expenses": 568802000.0,
        "Total Operating Income As Reported": 179026000.0,
        "Diluted Average Shares": 150353000.0,
        "Basic Average Shares": 149384000.0,
        "Diluted EPS": 0.93,
        "Basic EPS": 0.93,
        "Diluted NI Availto Com Stockholders": 139094000.0,
        "Net Income Common Stockholders": 139094000.0,
        "Net Income": 139094000.0,
        "Minority Interests": -12018000.0,
        "Net Income Including Noncontrolling Interests": 151112000.0,
        "Net Income Discontinuous Operations": -608000.0,
        "Net Income Continuous Operations": 151720000.0,
        "Tax Provision": 2122000.0,
        "Pretax Income": 153842000.0,
        "Other Income Expense": -9267000.0,
        "Other Non Operating Income Expenses": -3926000.0,
        "Special Income Charges": -3997000.0,
        "Gain On Sale Of Ppe": 6506000.0,
        "Write Off": 0.0,
        "Impairment Of Capital Assets": NaN,
        "Restructuring And Mergern Acquisition": 10503000.0,
        "Gain On Sale Of Security": -1344000.0,
        "Net Non Operating Interest Income Expense": -21258000.0,
        "Interest Expense Non Operating": 21258000.0,
        "Operating Income": 184367000.0,
        "Operating Expense": 74846000.0,
        "Other Operating Expenses": 49975000.0,
        "Selling General And Administration": 24871000.0,
        "Gross Profit": 259213000.0,
        "Cost Of Revenue": 493956000.0,
        "Total Revenue": 753169000.0,
        "Operating Revenue": 753169000.0
    },
    "2024-12-31": {
        "Tax Effect Of Unusual Items": -6003398.299367,
        "Tax Rate For Calcs": 0.170789,
        "Normalized EBITDA": 372815000.0,
        "Total Unusual Items": -35151000.0,
        "Total Unusual Items Excluding Goodwill": -35151000.0,
        "Net Income From Continuing Operation Net Minority Interest": 51025000.0,
        "Reconciled Depreciation": 215444000.0,
        "Reconciled Cost Of Revenue": 488992000.0,
        "EBITDA": 337664000.0,
        "EBIT": 122220000.0,
        "Net Interest Income": -43661000.0,
        "Interest Expense": 43661000.0,
        "Normalized Income": 80172601.700633,
        "Net Income From Continuing And Discontinued Operation": 50336000.0,
        "Total Expenses": 549235000.0,
        "Total Operating Income As Reported": 85188000.0,
        "Diluted Average Shares": 146797000.0,
        "Basic Average Shares": 145843000.0,
        "Diluted EPS": 0.34,
        "Basic EPS": 0.35,
        "Diluted NI Availto Com Stockholders": 50336000.0,
        "Net Income Common Stockholders": 50336000.0,
        "Net Income": 50336000.0,
        "Minority Interests": -14117000.0,
        "Net Income Including Noncontrolling Interests": 64453000.0,
        "Net Income Discontinuous Operations": -689000.0,
        "Net Income Continuous Operations": 65142000.0,
        "Tax Provision": 13417000.0,
        "Pretax Income": 78559000.0,
        "Other Income Expense": 1881000.0,
        "Other Non Operating Income Expenses": 37032000.0,
        "Special Income Charges": -34788000.0,
        "Gain On Sale Of Ppe": 1749000.0,
        "Write Off": 28381000.0,
        "Impairment Of Capital Assets": NaN,
        "Restructuring And Mergern Acquisition": 8156000.0,
        "Gain On Sale Of Security": -363000.0,
        "Net Non Operating Interest Income Expense": -43661000.0,
        "Interest Expense Non Operating": 43661000.0,
        "Operating Income": 120339000.0,
        "Operating Expense": 60243000.0,
        "Other Operating Expenses": 29083000.0,
        "Selling General And Administration": 31160000.0,
        "Gross Profit": 180582000.0,
        "Cost Of Revenue": 488992000.0,
        "Total Revenue": 669574000.0,
        "Operating Revenue": 669574000.0
    },
    "2025-03-31": {
        "Tax Effect Of Unusual Items": -4183623.0,
        "Tax Rate For Calcs": 0.267,
        "Normalized EBITDA": 356125000.0,
        "Total Unusual Items": -15669000.0,
        "Total Unusual Items Excluding Goodwill": -15669000.0,
        "Net Income From Continuing Operation Net Minority Interest": 73669000.0,
        "Reconciled Depreciation": 194160000.0,
        "Reconciled Cost Of Revenue": 448090000.0,
        "EBITDA": 340456000.0,
        "EBIT": 146296000.0,
        "Net Interest Income": -23523000.0,
        "Interest Expense": 23523000.0,
        "Normalized Income": 85154377.0,
        "Net Income From Continuing And Discontinued Operation": 73036000.0,
        "Total Expenses": 513167000.0,
        "Total Operating Income As Reported": 143894000.0,
        "Diluted Average Shares": 145072000.0,
        "Basic Average Shares": 144284000.0,
        "Diluted EPS": 0.5,
        "Basic EPS": 0.5,
        "Diluted NI Availto Com Stockholders": 73036000.0,
        "Net Income Common Stockholders": 73036000.0,
        "Net Income": 73036000.0,
        "Minority Interests": -16382000.0,
        "Net Income Including Noncontrolling Interests": 89418000.0,
        "Net Income Discontinuous Operations": -633000.0,
        "Net Income Continuous Operations": 90051000.0,
        "Tax Provision": 32722000.0,
        "Pretax Income": 122773000.0,
        "Other Income Expense": -13267000.0,
        "Other Non Operating Income Expenses": 2402000.0,
        "Special Income Charges": -6210000.0,
        "Gain On Sale Of Ppe": 2440000.0,
        "Write Off": 0.0,
        "Impairment Of Capital Assets": NaN,
        "Restructuring And Mergern Acquisition": 8650000.0,
        "Gain On Sale Of Security": -9459000.0,
        "Net Non Operating Interest Income Expense": -23523000.0,
        "Interest Expense Non Operating": 23523000.0,
        "Operating Income": 159563000.0,
        "Operating Expense": 65077000.0,
        "Other Operating Expenses": 34162000.0,
        "Selling General And Administration": 30915000.0,
        "Gross Profit": 224640000.0,
        "Cost Of Revenue": 448090000.0,
        "Total Revenue": 672730000.0,
        "Operating Revenue": 672730000.0
    },
    "2025-06-30": {
        "Tax Effect Of Unusual Items": 50310.0,
        "Tax Rate For Calcs": 0.03,
        "Normalized EBITDA": 317554000.0,
        "Total Unusual Items": 1677000.0,
        "Total Unusual Items Excluding Goodwill": 1677000.0,
        "Net Income From Continuing Operation Net Minority Interest": 20978000.0,
        "Reconciled Depreciation": 259324000.0,
        "Reconciled Cost Of Revenue": 528948000.0,
        "EBITDA": 319231000.0,
        "EBIT": 59907000.0,
        "Net Interest Income": -25053000.0,
        "Interest Expense": 25053000.0,
        "Normalized Income": 19351310.0,
        "Net Income From Continuing And Discontinued Operation": 22280000.0,
        "Total Expenses": 592531000.0,
        "Total Operating Income As Reported": 92211000.0,
        "Diluted Average Shares": 143216000.0,
        "Basic Average Shares": 142721000.0,
        "Diluted EPS": 0.16,
        "Basic EPS": 0.16,
        "Diluted NI Availto Com Stockholders": 22280000.0,
        "Net Income Common Stockholders": 22280000.0,
        "Net Income": 22280000.0,
        "Minority Interests": -12844000.0,
        "Net Income Including Noncontrolling Interests": 35124000.0,
        "Net Income Discontinuous Operations": 1302000.0,
        "Net Income Continuous Operations": 33822000.0,
        "Tax Provision": 1032000.0,
        "Pretax Income": 34854000.0,
        "Other Income Expense": -30627000.0,
        "Other Non Operating Income Expenses": -32304000.0,
        "Special Income Charges": -9131000.0,
        "Gain On Sale Of Ppe": 1697000.0,
        "Write Off": 0.0,
        "Impairment Of Capital Assets": NaN,
        "Restructuring And Mergern Acquisition": 10828000.0,
        "Gain On Sale Of Security": 10808000.0,
        "Net Non Operating Interest Income Expense": -25053000.0,
        "Interest Expense Non Operating": 25053000.0,
        "Operating Income": 90534000.0,
        "Operating Expense": 63583000.0,
        "Other Operating Expenses": 26664000.0,
        "Selling General And Administration": 36919000.0,
        "Gross Profit": 154117000.0,
        "Cost Of Revenue": 528948000.0,
        "Total Revenue": 683065000.0,
        "Operating Revenue": 683065000.0
    },
    "2025-09-30": {
        "Tax Effect Of Unusual Items": -24206910.0,
        "Tax Rate For Calcs": 0.21,
        "Normalized EBITDA": 419800000.0,
        "Total Unusual Items": -115271000.0,
        "Total Unusual Items Excluding Goodwill": -115271000.0,
        "Net Income From Continuing Operation Net Minority Interest": -2476000.0,
        "Reconciled Depreciation": 283465000.0,
        "Reconciled Cost Of Revenue": 515964000.0,
        "EBITDA": 304529000.0,
        "EBIT": 21064000.0,
        "Net Interest Income": -24726000.0,
        "Interest Expense": 24726000.0,
        "Normalized Income": 88588090.0,
        "Net Income From Continuing And Discontinued Operation": -2973000.0,
        "Total Expenses": 599902000.0,
        "Total Operating Income As Reported": 5793000.0,
        "Diluted Average Shares": 142731000.0,
        "Basic Average Shares": 142731000.0,
        "Diluted EPS": -0.02,
        "Basic EPS": -0.02,
        "Diluted NI Availto Com Stockholders": -2973000.0,
        "Net Income Common Stockholders": -2973000.0,
        "Net Income": -2973000.0,
        "Minority Interests": 5343000.0,
        "Net Income Including Noncontrolling Interests": -8316000.0,
        "Net Income Discontinuous Operations": -497000.0,
        "Net Income Continuous Operations": -7819000.0,
        "Tax Provision": 4157000.0,
        "Pretax Income": -3662000.0,
        "Other Income Expense": -100000000.0,
        "Other Non Operating Income Expenses": 15271000.0,
        "Special Income Charges": -120993000.0,
        "Gain On Sale Of Ppe": 6297000.0,
        "Write Off": 115002000.0,
        "Impairment Of Capital Assets": NaN,
        "Restructuring And Mergern Acquisition": 12288000.0,
        "Gain On Sale Of Security": 5722000.0,
        "Net Non Operating Interest Income Expense": -24726000.0,
        "Interest Expense Non Operating": 24726000.0,
        "Operating Income": 121064000.0,
        "Operating Expense": 83938000.0,
        "Other Operating Expenses": 53080000.0,
        "Selling General And Administration": 30858000.0,
        "Gross Profit": 205002000.0,
        "Cost Of Revenue": 515964000.0,
        "Total Revenue": 720966000.0,
        "Operating Revenue": 720966000.0
    }
}