{
    "2023-09-30": {
        "Tax Effect Of Unusual Items": NaN,
        "Tax Rate For Calcs": NaN,
        "Normalized EBITDA": NaN,
        "Net Income From Continuing Operation Net Minority Interest": NaN,
        "Reconciled Depreciation": NaN,
        "EBITDA": NaN,
        "EBIT": NaN,
        "Normalized Income": NaN,
        "Net Income From Continuing And Discontinued Operation": NaN,
        "Total Expenses": NaN,
        "Total Operating Income As Reported": NaN,
        "Diluted Average Shares": 16688128.0,
        "Basic Average Shares": 16688128.0,
        "Diluted EPS": -3.072783,
        "Basic EPS": -3.072783,
        "Diluted NI Availto Com Stockholders": NaN,
        "Net Income Common Stockholders": NaN,
        "Net Income": NaN,
        "Net Income Including Noncontrolling Interests": NaN,
        "Net Income Continuous Operations": NaN,
        "Tax Provision": NaN,
        "Pretax Income": NaN,
        "Other Income Expense": NaN,
        "Other Non Operating Income Expenses": NaN,
        "Operating Income": NaN,
        "Operating Expense": NaN,
        "Research And Development": NaN,
        "Selling General And Administration": NaN,
        "General And Administrative Expense": NaN,
        "Other Gand A": NaN,
        "Total Revenue": NaN,
        "Operating Revenue": NaN
    },
    "2022-12-31": {
        "Tax Effect Of Unusual Items": 0.0,
        "Tax Rate For Calcs": 0.125,
        "Normalized EBITDA": -57088000.0,
        "Net Income From Continuing Operation Net Minority Interest": -58805000.0,
        "Reconciled Depreciation": 497000.0,
        "EBITDA": -57088000.0,
        "EBIT": -57585000.0,
        "Normalized Income": -58805000.0,
        "Net Income From Continuing And Discontinued Operation": -58805000.0,
        "Total Expenses": 57585000.0,
        "Total Operating Income As Reported": -57585000.0,
        "Diluted Average Shares": NaN,
        "Basic Average Shares": NaN,
        "Diluted EPS": NaN,
        "Basic EPS": NaN,
        "Diluted NI Availto Com Stockholders": -58805000.0,
        "Net Income Common Stockholders": -58805000.0,
        "Net Income": -58805000.0,
        "Net Income Including Noncontrolling Interests": -58805000.0,
        "Net Income Continuous Operations": -58805000.0,
        "Tax Provision": 1220000.0,
        "Pretax Income": -57585000.0,
        "Operating Income": -57585000.0,
        "Operating Expense": 57585000.0,
        "Research And Development": 45271000.0,
        "Selling General And Administration": 12314000.0,
        "General And Administrative Expense": 12314000.0,
        "Other Gand A": 12314000.0,
        "Total Revenue": 0.0,
        "Operating Revenue": 0.0
    },
    "2022-09-30": {
        "Tax Effect Of Unusual Items": NaN,
        "Tax Rate For Calcs": NaN,
        "Normalized EBITDA": NaN,
        "Net Income From Continuing Operation Net Minority Interest": NaN,
        "Reconciled Depreciation": NaN,
        "EBITDA": NaN,
        "EBIT": NaN,
        "Normalized Income": NaN,
        "Net Income From Continuing And Discontinued Operation": NaN,
        "Total Expenses": NaN,
        "Total Operating Income As Reported": NaN,
        "Diluted Average Shares": 16688128.0,
        "Basic Average Shares": 16688128.0,
        "Diluted EPS": -3.034732,
        "Basic EPS": -3.034732,
        "Diluted NI Availto Com Stockholders": NaN,
        "Net Income Common Stockholders": NaN,
        "Net Income": NaN,
        "Net Income Including Noncontrolling Interests": NaN,
        "Net Income Continuous Operations": NaN,
        "Tax Provision": NaN,
        "Pretax Income": NaN,
        "Other Income Expense": NaN,
        "Other Non Operating Income Expenses": NaN,
        "Operating Income": NaN,
        "Operating Expense": NaN,
        "Research And Development": NaN,
        "Selling General And Administration": NaN,
        "General And Administrative Expense": NaN,
        "Other Gand A": NaN,
        "Total Revenue": NaN,
        "Operating Revenue": NaN
    },
    "2023-12-31": {
        "Tax Effect Of Unusual Items": NaN,
        "Tax Rate For Calcs": NaN,
        "Normalized EBITDA": NaN,
        "Total Unusual Items": NaN,
        "Total Unusual Items Excluding Goodwill": NaN,
        "Net Income From Continuing Operation Net Minority Interest": NaN,
        "Reconciled Depreciation": NaN,
        "EBITDA": NaN,
        "EBIT": NaN,
        "Normalized Income": NaN,
        "Net Income From Continuing And Discontinued Operation": NaN,
        "Total Expenses": NaN,
        "Total Operating Income As Reported": NaN,
        "Diluted Average Shares": NaN,
        "Basic Average Shares": NaN,
        "Diluted EPS": NaN,
        "Basic EPS": NaN,
        "Diluted NI Availto Com Stockholders": NaN,
        "Net Income Common Stockholders": NaN,
        "Net Income": NaN,
        "Net Income Including Noncontrolling Interests": NaN,
        "Net Income Continuous Operations": NaN,
        "Tax Provision": 1975000.0,
        "Pretax Income": NaN,
        "Other Income Expense": NaN,
        "Other Non Operating Income Expenses": NaN,
        "Special Income Charges": NaN,
        "Restructuring And Mergern Acquisition": NaN,
        "Operating Income": NaN,
        "Operating Expense": NaN,
        "Research And Development": NaN,
        "Selling General And Administration": NaN,
        "General And Administrative Expense": NaN,
        "Other Gand A": NaN,
        "Total Revenue": NaN,
        "Operating Revenue": NaN
    },
    "2024-03-31": {
        "Tax Effect Of Unusual Items": NaN,
        "Tax Rate For Calcs": NaN,
        "Normalized EBITDA": NaN,
        "Total Unusual Items": NaN,
        "Total Unusual Items Excluding Goodwill": NaN,
        "Net Income From Continuing Operation Net Minority Interest": NaN,
        "Reconciled Depreciation": NaN,
        "EBITDA": NaN,
        "EBIT": NaN,
        "Normalized Income": NaN,
        "Net Income From Continuing And Discontinued Operation": NaN,
        "Total Expenses": NaN,
        "Total Operating Income As Reported": NaN,
        "Diluted Average Shares": NaN,
        "Basic Average Shares": NaN,
        "Diluted EPS": NaN,
        "Basic EPS": NaN,
        "Diluted NI Availto Com Stockholders": NaN,
        "Net Income Common Stockholders": NaN,
        "Net Income": NaN,
        "Net Income Including Noncontrolling Interests": NaN,
        "Net Income Continuous Operations": NaN,
        "Tax Provision": 0.0,
        "Pretax Income": NaN,
        "Other Income Expense": NaN,
        "Other Non Operating Income Expenses": NaN,
        "Special Income Charges": NaN,
        "Restructuring And Mergern Acquisition": NaN,
        "Operating Income": NaN,
        "Operating Expense": NaN,
        "Research And Development": NaN,
        "Selling General And Administration": NaN,
        "General And Administrative Expense": NaN,
        "Other Gand A": NaN,
        "Total Revenue": NaN,
        "Operating Revenue": NaN
    },
    "2023-06-30": {
        "Tax Effect Of Unusual Items": NaN,
        "Tax Rate For Calcs": NaN,
        "Normalized EBITDA": NaN,
        "Net Income From Continuing Operation Net Minority Interest": NaN,
        "Reconciled Depreciation": NaN,
        "EBITDA": NaN,
        "EBIT": NaN,
        "Normalized Income": NaN,
        "Net Income From Continuing And Discontinued Operation": NaN,
        "Total Expenses": NaN,
        "Total Operating Income As Reported": NaN,
        "Diluted Average Shares": 16688128.0,
        "Basic Average Shares": 16688128.0,
        "Diluted EPS": -3.005969,
        "Basic EPS": -3.005969,
        "Diluted NI Availto Com Stockholders": NaN,
        "Net Income Common Stockholders": NaN,
        "Net Income": NaN,
        "Net Income Including Noncontrolling Interests": NaN,
        "Net Income Continuous Operations": NaN,
        "Tax Provision": NaN,
        "Pretax Income": NaN,
        "Other Income Expense": NaN,
        "Other Non Operating Income Expenses": NaN,
        "Operating Income": NaN,
        "Operating Expense": NaN,
        "Research And Development": NaN,
        "Selling General And Administration": NaN,
        "General And Administrative Expense": NaN,
        "Other Gand A": NaN,
        "Total Revenue": NaN,
        "Operating Revenue": NaN
    },
    "2023-03-31": {
        "Tax Effect Of Unusual Items": NaN,
        "Tax Rate For Calcs": NaN,
        "Normalized EBITDA": NaN,
        "Net Income From Continuing Operation Net Minority Interest": NaN,
        "Reconciled Depreciation": NaN,
        "EBITDA": NaN,
        "EBIT": NaN,
        "Normalized Income": NaN,
        "Net Income From Continuing And Discontinued Operation": NaN,
        "Total Expenses": NaN,
        "Total Operating Income As Reported": NaN,
        "Diluted Average Shares": 16688128.0,
        "Basic Average Shares": 16688128.0,
        "Diluted EPS": -2.784435,
        "Basic EPS": -2.784435,
        "Diluted NI Availto Com Stockholders": NaN,
        "Net Income Common Stockholders": NaN,
        "Net Income": NaN,
        "Net Income Including Noncontrolling Interests": NaN,
        "Net Income Continuous Operations": NaN,
        "Tax Provision": NaN,
        "Pretax Income": NaN,
        "Other Income Expense": NaN,
        "Other Non Operating Income Expenses": NaN,
        "Operating Income": NaN,
        "Operating Expense": NaN,
        "Research And Development": NaN,
        "Selling General And Administration": NaN,
        "General And Administrative Expense": NaN,
        "Other Gand A": NaN,
        "Total Revenue": NaN,
        "Operating Revenue": NaN
    },
    "2024-06-30": {
        "Tax Effect Of Unusual Items": NaN,
        "Tax Rate For Calcs": NaN,
        "Normalized EBITDA": NaN,
        "Total Unusual Items": 0.0,
        "Total Unusual Items Excluding Goodwill": 0.0,
        "Net Income From Continuing Operation Net Minority Interest": NaN,
        "Reconciled Depreciation": NaN,
        "EBITDA": NaN,
        "EBIT": NaN,
        "Normalized Income": NaN,
        "Net Income From Continuing And Discontinued Operation": NaN,
        "Total Expenses": NaN,
        "Total Operating Income As Reported": NaN,
        "Diluted Average Shares": NaN,
        "Basic Average Shares": NaN,
        "Diluted EPS": NaN,
        "Basic EPS": NaN,
        "Diluted NI Availto Com Stockholders": NaN,
        "Net Income Common Stockholders": NaN,
        "Net Income": NaN,
        "Net Income Including Noncontrolling Interests": NaN,
        "Net Income Continuous Operations": NaN,
        "Tax Provision": 0.0,
        "Pretax Income": NaN,
        "Other Income Expense": NaN,
        "Other Non Operating Income Expenses": NaN,
        "Special Income Charges": 0.0,
        "Restructuring And Mergern Acquisition": 0.0,
        "Operating Income": NaN,
        "Operating Expense": NaN,
        "Research And Development": NaN,
        "Selling General And Administration": NaN,
        "General And Administrative Expense": NaN,
        "Other Gand A": NaN,
        "Total Revenue": NaN,
        "Operating Revenue": NaN
    },
    "2024-09-30": {
        "Tax Effect Of Unusual Items": 0.0,
        "Tax Rate For Calcs": 0.0,
        "Normalized EBITDA": -33199000.0,
        "Total Unusual Items": 0.0,
        "Total Unusual Items Excluding Goodwill": 0.0,
        "Net Income From Continuing Operation Net Minority Interest": -31759000.0,
        "Reconciled Depreciation": 899000.0,
        "EBITDA": -33199000.0,
        "EBIT": -34098000.0,
        "Normalized Income": -31759000.0,
        "Net Income From Continuing And Discontinued Operation": -31759000.0,
        "Total Expenses": 34098000.0,
        "Total Operating Income As Reported": -34098000.0,
        "Diluted Average Shares": 17028552.0,
        "Basic Average Shares": 17028552.0,
        "Diluted EPS": -1.87,
        "Basic EPS": -1.87,
        "Diluted NI Availto Com Stockholders": -31759000.0,
        "Net Income Common Stockholders": -31759000.0,
        "Net Income": -31759000.0,
        "Net Income Including Noncontrolling Interests": -31759000.0,
        "Net Income Continuous Operations": -31759000.0,
        "Tax Provision": 0.0,
        "Pretax Income": -31759000.0,
        "Other Income Expense": 2339000.0,
        "Other Non Operating Income Expenses": 2339000.0,
        "Special Income Charges": 0.0,
        "Restructuring And Mergern Acquisition": 0.0,
        "Operating Income": -34098000.0,
        "Operating Expense": 34098000.0,
        "Research And Development": 27585000.0,
        "Selling General And Administration": 6513000.0,
        "General And Administrative Expense": 6513000.0,
        "Other Gand A": 6513000.0,
        "Total Revenue": 0.0,
        "Operating Revenue": 0.0
    },
    "2024-12-31": {
        "Tax Effect Of Unusual Items": 0.0,
        "Tax Rate For Calcs": 0.0,
        "Normalized EBITDA": -34986000.0,
        "Total Unusual Items": NaN,
        "Total Unusual Items Excluding Goodwill": NaN,
        "Net Income From Continuing Operation Net Minority Interest": -34274000.0,
        "Reconciled Depreciation": 868000.0,
        "EBITDA": -34986000.0,
        "EBIT": -35854000.0,
        "Normalized Income": -34274000.0,
        "Net Income From Continuing And Discontinued Operation": -34274000.0,
        "Total Expenses": 35854000.0,
        "Total Operating Income As Reported": -35854000.0,
        "Diluted Average Shares": 17069185.0,
        "Basic Average Shares": 17069185.0,
        "Diluted EPS": -2.01,
        "Basic EPS": -2.01,
        "Diluted NI Availto Com Stockholders": -34274000.0,
        "Net Income Common Stockholders": -34274000.0,
        "Net Income": -34274000.0,
        "Net Income Including Noncontrolling Interests": -34274000.0,
        "Net Income Continuous Operations": -34274000.0,
        "Tax Provision": 0.0,
        "Pretax Income": -34274000.0,
        "Other Income Expense": 1580000.0,
        "Other Non Operating Income Expenses": 1580000.0,
        "Special Income Charges": NaN,
        "Restructuring And Mergern Acquisition": NaN,
        "Operating Income": -35854000.0,
        "Operating Expense": 35854000.0,
        "Research And Development": 28669000.0,
        "Selling General And Administration": 7185000.0,
        "General And Administrative Expense": 7185000.0,
        "Other Gand A": 7185000.0,
        "Total Revenue": 0.0,
        "Operating Revenue": 0.0
    },
    "2025-03-31": {
        "Tax Effect Of Unusual Items": 0.0,
        "Tax Rate For Calcs": 0.0,
        "Normalized EBITDA": -33533000.0,
        "Total Unusual Items": NaN,
        "Total Unusual Items Excluding Goodwill": NaN,
        "Net Income From Continuing Operation Net Minority Interest": -33137000.0,
        "Reconciled Depreciation": 851000.0,
        "EBITDA": -33533000.0,
        "EBIT": -34384000.0,
        "Normalized Income": -33137000.0,
        "Net Income From Continuing And Discontinued Operation": -33137000.0,
        "Total Expenses": 34384000.0,
        "Total Operating Income As Reported": -34384000.0,
        "Diluted Average Shares": 17168808.0,
        "Basic Average Shares": 17168808.0,
        "Diluted EPS": -1.93,
        "Basic EPS": -1.93,
        "Diluted NI Availto Com Stockholders": -33137000.0,
        "Net Income Common Stockholders": -33137000.0,
        "Net Income": -33137000.0,
        "Net Income Including Noncontrolling Interests": -33137000.0,
        "Net Income Continuous Operations": -33137000.0,
        "Tax Provision": NaN,
        "Pretax Income": -33137000.0,
        "Other Income Expense": 1247000.0,
        "Other Non Operating Income Expenses": 1247000.0,
        "Special Income Charges": NaN,
        "Restructuring And Mergern Acquisition": NaN,
        "Operating Income": -34384000.0,
        "Operating Expense": 34384000.0,
        "Research And Development": 27425000.0,
        "Selling General And Administration": 6959000.0,
        "General And Administrative Expense": 6959000.0,
        "Other Gand A": 6959000.0,
        "Total Revenue": 0.0,
        "Operating Revenue": 0.0
    },
    "2025-06-30": {
        "Tax Effect Of Unusual Items": 0.0,
        "Tax Rate For Calcs": 0.0,
        "Normalized EBITDA": -12730000.0,
        "Total Unusual Items": -17486000.0,
        "Total Unusual Items Excluding Goodwill": -17486000.0,
        "Net Income From Continuing Operation Net Minority Interest": -47982000.0,
        "Reconciled Depreciation": 1140000.0,
        "EBITDA": -30216000.0,
        "EBIT": -31356000.0,
        "Normalized Income": -30496000.0,
        "Net Income From Continuing And Discontinued Operation": -47982000.0,
        "Total Expenses": 31356000.0,
        "Total Operating Income As Reported": -48842000.0,
        "Diluted Average Shares": 17271518.0,
        "Basic Average Shares": 17271518.0,
        "Diluted EPS": -2.78,
        "Basic EPS": -2.78,
        "Diluted NI Availto Com Stockholders": -47982000.0,
        "Net Income Common Stockholders": -47982000.0,
        "Net Income": -47982000.0,
        "Net Income Including Noncontrolling Interests": -47982000.0,
        "Net Income Continuous Operations": -47982000.0,
        "Tax Provision": NaN,
        "Pretax Income": -47982000.0,
        "Other Income Expense": -16626000.0,
        "Other Non Operating Income Expenses": 860000.0,
        "Special Income Charges": -17486000.0,
        "Restructuring And Mergern Acquisition": 17486000.0,
        "Operating Income": -31356000.0,
        "Operating Expense": 31356000.0,
        "Research And Development": 23277000.0,
        "Selling General And Administration": 8079000.0,
        "General And Administrative Expense": 8079000.0,
        "Other Gand A": 8079000.0,
        "Total Revenue": 0.0,
        "Operating Revenue": 0.0
    },
    "2025-09-30": {
        "Tax Effect Of Unusual Items": 0.0,
        "Tax Rate For Calcs": 0.0,
        "Normalized EBITDA": -3169000.0,
        "Total Unusual Items": 0.0,
        "Total Unusual Items Excluding Goodwill": 0.0,
        "Net Income From Continuing Operation Net Minority Interest": -3706000.0,
        "Reconciled Depreciation": 797000.0,
        "EBITDA": -3169000.0,
        "EBIT": -3966000.0,
        "Normalized Income": -3706000.0,
        "Net Income From Continuing And Discontinued Operation": -3706000.0,
        "Total Expenses": 3966000.0,
        "Total Operating Income As Reported": -3966000.0,
        "Diluted Average Shares": 17321544.0,
        "Basic Average Shares": 17321544.0,
        "Diluted EPS": -0.21,
        "Basic EPS": -0.21,
        "Diluted NI Availto Com Stockholders": -3706000.0,
        "Net Income Common Stockholders": -3706000.0,
        "Net Income": -3706000.0,
        "Net Income Including Noncontrolling Interests": -3706000.0,
        "Net Income Continuous Operations": -3706000.0,
        "Tax Provision": NaN,
        "Pretax Income": -3706000.0,
        "Other Income Expense": 260000.0,
        "Other Non Operating Income Expenses": 260000.0,
        "Special Income Charges": 0.0,
        "Restructuring And Mergern Acquisition": 0.0,
        "Operating Income": -3966000.0,
        "Operating Expense": 3966000.0,
        "Research And Development": -4288000.0,
        "Selling General And Administration": 8254000.0,
        "General And Administrative Expense": 8254000.0,
        "Other Gand A": 8254000.0,
        "Total Revenue": 0.0,
        "Operating Revenue": 0.0
    }
}