{
    "2023-03-31": {
        "Tax Effect Of Unusual Items": NaN,
        "Tax Rate For Calcs": NaN,
        "Normalized EBITDA": NaN,
        "Total Unusual Items": NaN,
        "Total Unusual Items Excluding Goodwill": NaN,
        "Net Income From Continuing Operation Net Minority Interest": NaN,
        "Reconciled Depreciation": NaN,
        "Reconciled Cost Of Revenue": NaN,
        "EBITDA": NaN,
        "EBIT": NaN,
        "Net Interest Income": NaN,
        "Interest Income": NaN,
        "Normalized Income": NaN,
        "Net Income From Continuing And Discontinued Operation": NaN,
        "Total Expenses": NaN,
        "Total Operating Income As Reported": NaN,
        "Diluted Average Shares": 47428000.0,
        "Basic Average Shares": 47428000.0,
        "Diluted EPS": -0.91,
        "Basic EPS": -0.91,
        "Diluted NI Availto Com Stockholders": NaN,
        "Net Income Common Stockholders": NaN,
        "Net Income": NaN,
        "Minority Interests": NaN,
        "Net Income Including Noncontrolling Interests": NaN,
        "Net Income Continuous Operations": NaN,
        "Tax Provision": NaN,
        "Pretax Income": NaN,
        "Other Income Expense": NaN,
        "Other Non Operating Income Expenses": NaN,
        "Earnings From Equity Interest": NaN,
        "Gain On Sale Of Security": NaN,
        "Net Non Operating Interest Income Expense": NaN,
        "Total Other Finance Cost": -8464000.0,
        "Interest Income Non Operating": NaN,
        "Operating Income": NaN,
        "Operating Expense": NaN,
        "Other Operating Expenses": NaN,
        "Depreciation Amortization Depletion Income Statement": NaN,
        "Depreciation And Amortization In Income Statement": NaN,
        "Depreciation Income Statement": NaN,
        "Selling General And Administration": NaN,
        "General And Administrative Expense": NaN,
        "Other Gand A": NaN,
        "Gross Profit": NaN,
        "Cost Of Revenue": NaN,
        "Total Revenue": NaN,
        "Operating Revenue": NaN
    },
    "2022-12-31": {
        "Tax Effect Of Unusual Items": NaN,
        "Tax Rate For Calcs": NaN,
        "Normalized EBITDA": NaN,
        "Total Unusual Items": NaN,
        "Total Unusual Items Excluding Goodwill": NaN,
        "Net Income From Continuing Operation Net Minority Interest": NaN,
        "Reconciled Depreciation": NaN,
        "Reconciled Cost Of Revenue": NaN,
        "EBITDA": NaN,
        "EBIT": NaN,
        "Net Interest Income": NaN,
        "Interest Expense": 2693000.0,
        "Interest Income": NaN,
        "Normalized Income": NaN,
        "Net Income From Continuing And Discontinued Operation": NaN,
        "Total Expenses": NaN,
        "Total Operating Income As Reported": NaN,
        "Diluted Average Shares": NaN,
        "Basic Average Shares": NaN,
        "Diluted EPS": NaN,
        "Basic EPS": NaN,
        "Diluted NI Availto Com Stockholders": NaN,
        "Net Income Common Stockholders": NaN,
        "Net Income": NaN,
        "Minority Interests": NaN,
        "Net Income Including Noncontrolling Interests": NaN,
        "Net Income Continuous Operations": NaN,
        "Tax Provision": NaN,
        "Pretax Income": NaN,
        "Other Income Expense": NaN,
        "Other Non Operating Income Expenses": NaN,
        "Earnings From Equity Interest": NaN,
        "Gain On Sale Of Security": NaN,
        "Net Non Operating Interest Income Expense": NaN,
        "Total Other Finance Cost": NaN,
        "Interest Expense Non Operating": 2693000.0,
        "Interest Income Non Operating": NaN,
        "Operating Income": NaN,
        "Operating Expense": NaN,
        "Other Operating Expenses": NaN,
        "Depreciation Amortization Depletion Income Statement": NaN,
        "Depreciation And Amortization In Income Statement": NaN,
        "Depreciation Income Statement": NaN,
        "Selling General And Administration": NaN,
        "General And Administrative Expense": NaN,
        "Other Gand A": NaN,
        "Gross Profit": NaN,
        "Cost Of Revenue": NaN,
        "Total Revenue": NaN,
        "Operating Revenue": NaN
    },
    "2022-09-30": {
        "Tax Effect Of Unusual Items": NaN,
        "Tax Rate For Calcs": NaN,
        "Normalized EBITDA": NaN,
        "Total Unusual Items": NaN,
        "Total Unusual Items Excluding Goodwill": NaN,
        "Net Income From Continuing Operation Net Minority Interest": NaN,
        "Reconciled Depreciation": NaN,
        "Reconciled Cost Of Revenue": NaN,
        "EBITDA": NaN,
        "EBIT": NaN,
        "Net Interest Income": NaN,
        "Interest Expense": 1817000.0,
        "Interest Income": NaN,
        "Normalized Income": NaN,
        "Net Income From Continuing And Discontinued Operation": NaN,
        "Total Expenses": NaN,
        "Total Operating Income As Reported": NaN,
        "Diluted Average Shares": 47427000.0,
        "Basic Average Shares": 47427000.0,
        "Diluted EPS": -0.22,
        "Basic EPS": -0.22,
        "Diluted NI Availto Com Stockholders": NaN,
        "Net Income Common Stockholders": NaN,
        "Net Income": NaN,
        "Minority Interests": NaN,
        "Net Income Including Noncontrolling Interests": NaN,
        "Net Income Continuous Operations": NaN,
        "Tax Provision": NaN,
        "Pretax Income": NaN,
        "Other Income Expense": NaN,
        "Other Non Operating Income Expenses": NaN,
        "Earnings From Equity Interest": NaN,
        "Gain On Sale Of Security": NaN,
        "Net Non Operating Interest Income Expense": NaN,
        "Total Other Finance Cost": 1817000.0,
        "Interest Expense Non Operating": 1817000.0,
        "Interest Income Non Operating": NaN,
        "Operating Income": NaN,
        "Operating Expense": NaN,
        "Other Operating Expenses": NaN,
        "Depreciation Amortization Depletion Income Statement": NaN,
        "Depreciation And Amortization In Income Statement": NaN,
        "Depreciation Income Statement": NaN,
        "Selling General And Administration": NaN,
        "General And Administrative Expense": NaN,
        "Other Gand A": NaN,
        "Gross Profit": NaN,
        "Cost Of Revenue": NaN,
        "Total Revenue": NaN,
        "Operating Revenue": NaN
    },
    "2022-06-30": {
        "Tax Effect Of Unusual Items": 0.0,
        "Tax Rate For Calcs": 0.0,
        "Normalized EBITDA": -13118000.0,
        "Total Unusual Items": 6237000.0,
        "Total Unusual Items Excluding Goodwill": 6237000.0,
        "Net Income From Continuing Operation Net Minority Interest": -12452000.0,
        "Reconciled Depreciation": 3886000.0,
        "Reconciled Cost Of Revenue": 22664000.0,
        "EBITDA": -6881000.0,
        "EBIT": -10767000.0,
        "Net Interest Income": -1639000.0,
        "Interest Expense": 1639000.0,
        "Interest Income": NaN,
        "Normalized Income": -18689000.0,
        "Net Income From Continuing And Discontinued Operation": -12452000.0,
        "Total Expenses": 49727000.0,
        "Total Operating Income As Reported": -16569000.0,
        "Diluted Average Shares": 47427000.0,
        "Basic Average Shares": 47427000.0,
        "Diluted EPS": -0.26,
        "Basic EPS": -0.26,
        "Diluted NI Availto Com Stockholders": -12452000.0,
        "Net Income Common Stockholders": -12452000.0,
        "Net Income": -12452000.0,
        "Minority Interests": -46000.0,
        "Net Income Including Noncontrolling Interests": -12406000.0,
        "Net Income Continuous Operations": -12406000.0,
        "Tax Provision": 0.0,
        "Pretax Income": -12406000.0,
        "Other Income Expense": 8313000.0,
        "Other Non Operating Income Expenses": -435000.0,
        "Special Income Charges": 0.0,
        "Earnings From Equity Interest": 2511000.0,
        "Gain On Sale Of Security": 6237000.0,
        "Net Non Operating Interest Income Expense": -1639000.0,
        "Total Other Finance Cost": NaN,
        "Interest Expense Non Operating": 1639000.0,
        "Interest Income Non Operating": NaN,
        "Operating Income": -19080000.0,
        "Operating Expense": 23315000.0,
        "Other Operating Expenses": 20721000.0,
        "Depreciation Amortization Depletion Income Statement": 138000.0,
        "Depreciation And Amortization In Income Statement": 138000.0,
        "Depreciation Income Statement": 138000.0,
        "Selling General And Administration": 2456000.0,
        "General And Administrative Expense": 2456000.0,
        "Other Gand A": 2456000.0,
        "Gross Profit": 4235000.0,
        "Cost Of Revenue": 26412000.0,
        "Total Revenue": 30647000.0,
        "Operating Revenue": 30647000.0
    },
    "2022-03-31": {
        "Diluted EPS": -0.45,
        "Total Revenue": 26,
        "Gross Profit": -6,
        "Operating Income": -24,
        "EBIT": -22,
        "Net Income": -21
    },
    "2021-12-31": {
        "Diluted EPS": -0.44,
        "Total Revenue": 35,
        "Gross Profit": -6,
        "Operating Income": -23,
        "EBIT": -18,
        "Net Income": -21
    },
    "2021-09-30": {
        "Diluted EPS": -0.38,
        "Total Revenue": 37,
        "Gross Profit": 0,
        "Operating Income": -17,
        "EBIT": -12,
        "Net Income": -17
    },
    "2021-06-30": {
        "Diluted EPS": -0.13,
        "Total Revenue": 41,
        "Gross Profit": 4,
        "Operating Income": -9,
        "EBIT": -5,
        "Net Income": -6
    },
    "2021-03-31": {
        "Diluted EPS": -0.3,
        "Total Revenue": 24,
        "Gross Profit": -5,
        "Operating Income": -15,
        "EBIT": -11,
        "Net Income": -12
    },
    "2020-12-31": {
        "Diluted EPS": -0.58,
        "Total Revenue": 28,
        "Gross Profit": -14,
        "Operating Income": -23,
        "EBIT": -16,
        "Net Income": -24
    },
    "2020-09-30": {
        "Diluted EPS": -0.2,
        "Total Revenue": 27,
        "Gross Profit": -1,
        "Operating Income": -10,
        "EBIT": -3,
        "Net Income": -10
    },
    "2020-06-30": {
        "Diluted EPS": -0.5,
        "Total Revenue": 18,
        "Gross Profit": -9,
        "Operating Income": -21,
        "EBIT": -17,
        "Net Income": -20
    },
    "2020-03-31": {
        "Diluted EPS": -2.5,
        "Total Revenue": 31,
        "Gross Profit": -4,
        "Operating Income": -99,
        "EBIT": -95,
        "Net Income": -99
    },
    "2019-12-31": {
        "Diluted EPS": -0.7,
        "Total Revenue": 32,
        "Gross Profit": 1,
        "Operating Income": -24,
        "EBIT": -19,
        "Net Income": -25
    },
    "2019-09-30": {
        "Diluted EPS": -0.3,
        "Total Revenue": 33,
        "Gross Profit": 2,
        "Operating Income": -18,
        "EBIT": -6,
        "Net Income": -11
    },
    "2019-06-30": {
        "Diluted EPS": -0.4,
        "Total Revenue": 36,
        "Gross Profit": 5,
        "Operating Income": -11,
        "EBIT": -12,
        "Net Income": -13
    },
    "2019-03-31": {
        "Diluted EPS": -0.3,
        "Total Revenue": 16,
        "Gross Profit": 1,
        "Operating Income": -11,
        "EBIT": -10,
        "Net Income": -10
    },
    "2018-12-31": {
        "Diluted EPS": -0.5,
        "Total Revenue": 26,
        "Gross Profit": 2,
        "Operating Income": -18,
        "EBIT": -24,
        "Net Income": -21
    },
    "2018-09-30": {
        "Diluted EPS": -0.4,
        "Total Revenue": 27,
        "Gross Profit": 6,
        "Operating Income": -15,
        "EBIT": -11,
        "Net Income": -13
    },
    "2018-06-30": {
        "Diluted EPS": -0.2,
        "Total Revenue": 34,
        "Gross Profit": 9,
        "Operating Income": -9,
        "EBIT": -7,
        "Net Income": -5
    },
    "2018-03-31": {
        "Diluted EPS": -0.2,
        "Total Revenue": 41,
        "Gross Profit": 15,
        "Operating Income": -4,
        "EBIT": 0,
        "Net Income": -5
    },
    "2017-12-31": {
        "Diluted EPS": 0.2,
        "Total Revenue": 24,
        "Gross Profit": 1,
        "Operating Income": -9,
        "EBIT": -6,
        "Net Income": 2
    },
    "2017-09-30": {
        "Diluted EPS": -0.3,
        "Total Revenue": 13,
        "Gross Profit": 5,
        "Operating Income": -7,
        "EBIT": -6,
        "Net Income": -8
    },
    "2017-06-30": {
        "Diluted EPS": -0.1,
        "Total Revenue": 15,
        "Gross Profit": 7,
        "Operating Income": -3,
        "EBIT": -2,
        "Net Income": -2
    },
    "2017-03-31": {
        "Diluted EPS": -0.1,
        "Total Revenue": 15,
        "Gross Profit": 8,
        "Operating Income": -7,
        "EBIT": -7,
        "Net Income": -3
    },
    "2016-12-31": {
        "Diluted EPS": -0.1,
        "Total Revenue": 11,
        "Gross Profit": 4,
        "Operating Income": -5,
        "EBIT": -4,
        "Net Income": -4
    },
    "2016-09-30": {
        "Diluted EPS": 0.1,
        "Total Revenue": 13,
        "Gross Profit": 7,
        "Operating Income": 3,
        "EBIT": 4,
        "Net Income": 4
    },
    "2016-06-30": {
        "Diluted EPS": 0.3,
        "Total Revenue": 15,
        "Gross Profit": 9,
        "Operating Income": 7,
        "EBIT": 8,
        "Net Income": 8
    },
    "2016-03-31": {
        "Diluted EPS": 0.4,
        "Total Revenue": 21,
        "Gross Profit": 12,
        "Operating Income": 10,
        "EBIT": 11,
        "Net Income": 13
    },
    "2015-12-31": {
        "Diluted EPS": -0.5,
        "Total Revenue": 11,
        "Gross Profit": 6,
        "Operating Income": -27,
        "EBIT": -26,
        "Net Income": -15
    },
    "2015-09-30": {
        "Diluted EPS": 0.1,
        "Total Revenue": 23,
        "Gross Profit": 11,
        "Operating Income": 2,
        "EBIT": 2,
        "Net Income": 3
    },
    "2015-06-30": {
        "Diluted EPS": -0.5,
        "Total Revenue": 16,
        "Gross Profit": 9,
        "Operating Income": -30,
        "EBIT": -29,
        "Net Income": -14
    },
    "2015-03-31": {
        "Diluted EPS": 0.2,
        "Total Revenue": 23,
        "Gross Profit": 12,
        "Operating Income": 5,
        "EBIT": 6,
        "Net Income": 6
    },
    "2014-12-31": {
        "Diluted EPS": -7.2,
        "Total Revenue": 14,
        "Gross Profit": 3,
        "Operating Income": -266,
        "EBIT": -277,
        "Net Income": -213
    },
    "2014-09-30": {
        "Diluted EPS": -0.4,
        "Total Revenue": 9,
        "Gross Profit": -2,
        "Operating Income": -15,
        "EBIT": -14,
        "Net Income": -13
    },
    "2014-06-30": {
        "Diluted EPS": -3.5,
        "Total Revenue": 12,
        "Gross Profit": 1,
        "Operating Income": -129,
        "EBIT": -129,
        "Net Income": -104
    },
    "2014-03-31": {
        "Diluted EPS": 0.6,
        "Total Revenue": 11,
        "Gross Profit": 3,
        "Operating Income": -1,
        "EBIT": 7,
        "Net Income": 18
    },
    "2013-12-31": {
        "Diluted EPS": -0.4,
        "Total Revenue": 10,
        "Gross Profit": 2,
        "Operating Income": -34,
        "EBIT": -33,
        "Net Income": -11
    },
    "2013-09-30": {
        "Diluted EPS": 0.1,
        "Total Revenue": 12,
        "Gross Profit": 4,
        "Operating Income": -9,
        "EBIT": -8,
        "Net Income": 3
    },
    "2013-06-30": {
        "Diluted EPS": -4.3,
        "Total Revenue": 10,
        "Gross Profit": 2,
        "Operating Income": -140,
        "EBIT": -139,
        "Net Income": -129
    },
    "2013-03-31": {
        "Diluted EPS": -0.4,
        "Total Revenue": 13,
        "Gross Profit": 3,
        "Operating Income": -18,
        "EBIT": -17,
        "Net Income": -11
    },
    "2012-12-31": {
        "Diluted EPS": -1.0,
        "Total Revenue": -9,
        "Gross Profit": -13,
        "Operating Income": -35,
        "EBIT": -35,
        "Net Income": -26
    },
    "2012-09-30": {
        "Diluted EPS": -0.1,
        "Total Revenue": 12,
        "Gross Profit": 12,
        "Operating Income": -11,
        "EBIT": -10,
        "Net Income": -3
    },
    "2012-06-30": {
        "Diluted EPS": -0.8,
        "Total Revenue": 1,
        "Gross Profit": 1,
        "Operating Income": -25,
        "EBIT": -25,
        "Net Income": -20
    },
    "2012-03-31": {
        "Diluted EPS": -0.7,
        "Total Revenue": 3,
        "Gross Profit": 3,
        "Operating Income": -21,
        "EBIT": -21,
        "Net Income": -17
    },
    "2011-12-31": {
        "Diluted EPS": -0.9,
        "Total Revenue": NaN,
        "Gross Profit": NaN,
        "Operating Income": -16,
        "EBIT": -16,
        "Net Income": -16
    },
    "2011-09-30": {
        "Diluted EPS": -1.7,
        "Total Revenue": NaN,
        "Gross Profit": NaN,
        "Operating Income": -21,
        "EBIT": -21,
        "Net Income": -24
    },
    "2011-06-30": {
        "Diluted EPS": -0.9,
        "Total Revenue": NaN,
        "Gross Profit": NaN,
        "Operating Income": -13,
        "EBIT": -13,
        "Net Income": -13
    },
    "2011-03-31": {
        "Diluted EPS": -0.7,
        "Total Revenue": NaN,
        "Gross Profit": NaN,
        "Operating Income": -9,
        "EBIT": -9,
        "Net Income": -9
    },
    "2010-12-31": {
        "Diluted EPS": -0.3,
        "Total Revenue": NaN,
        "Gross Profit": NaN,
        "Operating Income": -8,
        "EBIT": -8,
        "Net Income": -7
    },
    "2010-09-30": {
        "Diluted EPS": -0.7,
        "Total Revenue": NaN,
        "Gross Profit": NaN,
        "Operating Income": -9,
        "EBIT": -9,
        "Net Income": -8
    },
    "2010-06-30": {
        "Diluted EPS": -0.9,
        "Total Revenue": NaN,
        "Gross Profit": NaN,
        "Operating Income": -12,
        "EBIT": -12,
        "Net Income": -11
    },
    "2010-03-31": {
        "Diluted EPS": -0.6,
        "Total Revenue": NaN,
        "Gross Profit": NaN,
        "Operating Income": -7,
        "EBIT": -7,
        "Net Income": -7
    },
    "2009-12-31": {
        "Diluted EPS": -0.4,
        "Total Revenue": NaN,
        "Gross Profit": NaN,
        "Operating Income": -6,
        "EBIT": -6,
        "Net Income": -4
    },
    "2009-09-30": {
        "Diluted EPS": -1.2,
        "Total Revenue": NaN,
        "Gross Profit": NaN,
        "Operating Income": -21,
        "EBIT": -21,
        "Net Income": -15
    },
    "2009-06-30": {
        "Diluted EPS": -0.4,
        "Total Revenue": NaN,
        "Gross Profit": NaN,
        "Operating Income": -4,
        "EBIT": -4,
        "Net Income": -4
    },
    "2009-03-31": {
        "Diluted EPS": -0.5,
        "Total Revenue": NaN,
        "Gross Profit": NaN,
        "Operating Income": -5,
        "EBIT": -4,
        "Net Income": -5
    },
    "2023-06-30": {
        "Tax Effect Of Unusual Items": NaN,
        "Tax Rate For Calcs": NaN,
        "Normalized EBITDA": NaN,
        "Total Unusual Items": NaN,
        "Total Unusual Items Excluding Goodwill": NaN,
        "Net Income From Continuing Operation Net Minority Interest": NaN,
        "Reconciled Depreciation": NaN,
        "Reconciled Cost Of Revenue": NaN,
        "EBITDA": NaN,
        "EBIT": NaN,
        "Net Interest Income": NaN,
        "Interest Income": 19577000.0,
        "Normalized Income": NaN,
        "Net Income From Continuing And Discontinued Operation": NaN,
        "Total Expenses": NaN,
        "Total Operating Income As Reported": NaN,
        "Diluted Average Shares": 47428000.0,
        "Basic Average Shares": 47428000.0,
        "Diluted EPS": -0.46,
        "Basic EPS": -0.46,
        "Diluted NI Availto Com Stockholders": NaN,
        "Net Income Common Stockholders": NaN,
        "Net Income": NaN,
        "Minority Interests": NaN,
        "Net Income Including Noncontrolling Interests": NaN,
        "Net Income Continuous Operations": NaN,
        "Tax Provision": NaN,
        "Pretax Income": NaN,
        "Other Income Expense": NaN,
        "Other Non Operating Income Expenses": NaN,
        "Earnings From Equity Interest": NaN,
        "Gain On Sale Of Security": NaN,
        "Net Non Operating Interest Income Expense": NaN,
        "Total Other Finance Cost": NaN,
        "Interest Income Non Operating": 19577000.0,
        "Operating Income": NaN,
        "Operating Expense": NaN,
        "Other Operating Expenses": NaN,
        "Depreciation Amortization Depletion Income Statement": NaN,
        "Depreciation And Amortization In Income Statement": NaN,
        "Depreciation Income Statement": NaN,
        "Selling General And Administration": NaN,
        "General And Administrative Expense": NaN,
        "Other Gand A": NaN,
        "Gross Profit": NaN,
        "Cost Of Revenue": NaN,
        "Total Revenue": NaN,
        "Operating Revenue": NaN
    },
    "2023-09-30": {
        "Tax Effect Of Unusual Items": NaN,
        "Tax Rate For Calcs": NaN,
        "Normalized EBITDA": NaN,
        "Total Unusual Items": NaN,
        "Total Unusual Items Excluding Goodwill": NaN,
        "Net Income From Continuing Operation Net Minority Interest": NaN,
        "Reconciled Depreciation": NaN,
        "Reconciled Cost Of Revenue": NaN,
        "EBITDA": NaN,
        "EBIT": NaN,
        "Net Interest Income": NaN,
        "Normalized Income": NaN,
        "Net Income From Continuing And Discontinued Operation": NaN,
        "Total Expenses": NaN,
        "Total Operating Income As Reported": NaN,
        "Diluted Average Shares": 47471000.0,
        "Basic Average Shares": 47471000.0,
        "Diluted EPS": -0.39,
        "Basic EPS": -0.39,
        "Diluted NI Availto Com Stockholders": NaN,
        "Net Income Common Stockholders": NaN,
        "Net Income": NaN,
        "Minority Interests": NaN,
        "Net Income Including Noncontrolling Interests": NaN,
        "Net Income Continuous Operations": NaN,
        "Tax Provision": NaN,
        "Pretax Income": NaN,
        "Other Income Expense": NaN,
        "Other Non Operating Income Expenses": NaN,
        "Earnings From Equity Interest": NaN,
        "Gain On Sale Of Security": NaN,
        "Net Non Operating Interest Income Expense": NaN,
        "Total Other Finance Cost": NaN,
        "Operating Income": NaN,
        "Operating Expense": NaN,
        "Other Operating Expenses": NaN,
        "Depreciation Amortization Depletion Income Statement": NaN,
        "Depreciation And Amortization In Income Statement": NaN,
        "Depreciation Income Statement": NaN,
        "Selling General And Administration": NaN,
        "General And Administrative Expense": NaN,
        "Other Gand A": NaN,
        "Gross Profit": NaN,
        "Cost Of Revenue": NaN,
        "Total Revenue": NaN,
        "Operating Revenue": NaN
    },
    "2023-12-31": {
        "Tax Effect Of Unusual Items": NaN,
        "Tax Rate For Calcs": NaN,
        "Normalized EBITDA": NaN,
        "Total Unusual Items": NaN,
        "Total Unusual Items Excluding Goodwill": NaN,
        "Net Income From Continuing Operation Net Minority Interest": NaN,
        "Reconciled Depreciation": NaN,
        "Reconciled Cost Of Revenue": NaN,
        "EBITDA": NaN,
        "EBIT": NaN,
        "Net Interest Income": NaN,
        "Normalized Income": NaN,
        "Net Income From Continuing And Discontinued Operation": NaN,
        "Total Expenses": NaN,
        "Total Operating Income As Reported": NaN,
        "Diluted Average Shares": NaN,
        "Basic Average Shares": NaN,
        "Diluted EPS": NaN,
        "Basic EPS": NaN,
        "Diluted NI Availto Com Stockholders": NaN,
        "Net Income Common Stockholders": NaN,
        "Net Income": NaN,
        "Minority Interests": -2768000.0,
        "Net Income Including Noncontrolling Interests": NaN,
        "Net Income Continuous Operations": NaN,
        "Tax Provision": NaN,
        "Pretax Income": NaN,
        "Other Income Expense": NaN,
        "Other Non Operating Income Expenses": NaN,
        "Earnings From Equity Interest": NaN,
        "Gain On Sale Of Security": NaN,
        "Net Non Operating Interest Income Expense": NaN,
        "Total Other Finance Cost": NaN,
        "Operating Income": NaN,
        "Operating Expense": NaN,
        "Other Operating Expenses": NaN,
        "Depreciation Amortization Depletion Income Statement": NaN,
        "Depreciation And Amortization In Income Statement": NaN,
        "Depreciation Income Statement": NaN,
        "Selling General And Administration": NaN,
        "General And Administrative Expense": NaN,
        "Other Gand A": NaN,
        "Gross Profit": NaN,
        "Cost Of Revenue": NaN,
        "Total Revenue": NaN,
        "Operating Revenue": NaN
    },
    "2024-03-31": {
        "Tax Effect Of Unusual Items": NaN,
        "Tax Rate For Calcs": NaN,
        "Normalized EBITDA": NaN,
        "Total Unusual Items": NaN,
        "Total Unusual Items Excluding Goodwill": NaN,
        "Net Income From Continuing Operation Net Minority Interest": NaN,
        "Reconciled Depreciation": NaN,
        "Reconciled Cost Of Revenue": NaN,
        "EBITDA": NaN,
        "EBIT": NaN,
        "Net Interest Income": NaN,
        "Normalized Income": NaN,
        "Net Income From Continuing And Discontinued Operation": NaN,
        "Total Expenses": NaN,
        "Total Operating Income As Reported": NaN,
        "Diluted Average Shares": NaN,
        "Basic Average Shares": NaN,
        "Diluted EPS": NaN,
        "Basic EPS": NaN,
        "Diluted NI Availto Com Stockholders": NaN,
        "Net Income Common Stockholders": NaN,
        "Net Income": NaN,
        "Minority Interests": 0.0,
        "Net Income Including Noncontrolling Interests": NaN,
        "Net Income Continuous Operations": NaN,
        "Tax Provision": NaN,
        "Pretax Income": NaN,
        "Other Income Expense": NaN,
        "Other Non Operating Income Expenses": NaN,
        "Earnings From Equity Interest": NaN,
        "Gain On Sale Of Security": NaN,
        "Net Non Operating Interest Income Expense": NaN,
        "Total Other Finance Cost": NaN,
        "Operating Income": NaN,
        "Operating Expense": NaN,
        "Other Operating Expenses": NaN,
        "Depreciation Amortization Depletion Income Statement": NaN,
        "Depreciation And Amortization In Income Statement": NaN,
        "Depreciation Income Statement": NaN,
        "Selling General And Administration": NaN,
        "General And Administrative Expense": NaN,
        "Other Gand A": NaN,
        "Gross Profit": NaN,
        "Cost Of Revenue": NaN,
        "Total Revenue": NaN,
        "Operating Revenue": NaN
    },
    "2024-06-30": {
        "Tax Effect Of Unusual Items": NaN,
        "Tax Rate For Calcs": NaN,
        "Normalized EBITDA": NaN,
        "Total Unusual Items": NaN,
        "Total Unusual Items Excluding Goodwill": NaN,
        "Net Income From Continuing Operation Net Minority Interest": NaN,
        "Reconciled Depreciation": NaN,
        "Reconciled Cost Of Revenue": NaN,
        "EBITDA": NaN,
        "EBIT": NaN,
        "Net Interest Income": NaN,
        "Normalized Income": NaN,
        "Net Income From Continuing And Discontinued Operation": NaN,
        "Total Expenses": NaN,
        "Total Operating Income As Reported": NaN,
        "Diluted Average Shares": 49718000.0,
        "Basic Average Shares": 49718000.0,
        "Diluted EPS": -0.26,
        "Basic EPS": -0.26,
        "Diluted NI Availto Com Stockholders": NaN,
        "Net Income Common Stockholders": NaN,
        "Net Income": NaN,
        "Minority Interests": 0.0,
        "Net Income Including Noncontrolling Interests": NaN,
        "Net Income Continuous Operations": NaN,
        "Tax Provision": NaN,
        "Pretax Income": NaN,
        "Other Income Expense": NaN,
        "Other Non Operating Income Expenses": NaN,
        "Earnings From Equity Interest": NaN,
        "Gain On Sale Of Security": NaN,
        "Net Non Operating Interest Income Expense": NaN,
        "Total Other Finance Cost": NaN,
        "Operating Income": NaN,
        "Operating Expense": NaN,
        "Other Operating Expenses": NaN,
        "Depreciation Amortization Depletion Income Statement": NaN,
        "Depreciation And Amortization In Income Statement": NaN,
        "Depreciation Income Statement": NaN,
        "Selling General And Administration": NaN,
        "General And Administrative Expense": NaN,
        "Other Gand A": NaN,
        "Gross Profit": NaN,
        "Cost Of Revenue": NaN,
        "Total Revenue": NaN,
        "Operating Revenue": NaN
    },
    "2024-09-30": {
        "Tax Effect Of Unusual Items": -63000.0,
        "Tax Rate For Calcs": 0.21,
        "Normalized EBITDA": 12204000.0,
        "Total Unusual Items": -300000.0,
        "Total Unusual Items Excluding Goodwill": -300000.0,
        "Net Income From Continuing Operation Net Minority Interest": -2081000.0,
        "Reconciled Depreciation": 8921000.0,
        "Reconciled Cost Of Revenue": 29682000.0,
        "EBITDA": 11904000.0,
        "EBIT": 2983000.0,
        "Net Interest Income": -1084000.0,
        "Normalized Income": -1844000.0,
        "Net Income From Continuing And Discontinued Operation": -2081000.0,
        "Total Expenses": 49267000.0,
        "Total Operating Income As Reported": -97000.0,
        "Diluted Average Shares": 51953000.0,
        "Basic Average Shares": 51953000.0,
        "Diluted EPS": -0.04,
        "Basic EPS": -0.04,
        "Diluted NI Availto Com Stockholders": -2081000.0,
        "Net Income Common Stockholders": -2081000.0,
        "Net Income": -2081000.0,
        "Minority Interests": 0.0,
        "Net Income Including Noncontrolling Interests": -2081000.0,
        "Net Income Continuous Operations": -2081000.0,
        "Tax Provision": 814000.0,
        "Pretax Income": -1267000.0,
        "Other Income Expense": -3166000.0,
        "Other Non Operating Income Expenses": 214000.0,
        "Earnings From Equity Interest": -3080000.0,
        "Gain On Sale Of Security": -300000.0,
        "Net Non Operating Interest Income Expense": -1084000.0,
        "Total Other Finance Cost": 1084000.0,
        "Operating Income": 2983000.0,
        "Operating Expense": 10820000.0,
        "Other Operating Expenses": 8526000.0,
        "Depreciation Amortization Depletion Income Statement": 156000.0,
        "Depreciation And Amortization In Income Statement": 156000.0,
        "Depreciation Income Statement": 156000.0,
        "Selling General And Administration": 2138000.0,
        "General And Administrative Expense": 2138000.0,
        "Other Gand A": 2138000.0,
        "Gross Profit": 13803000.0,
        "Cost Of Revenue": 38447000.0,
        "Total Revenue": 52250000.0,
        "Operating Revenue": 52250000.0
    },
    "2024-12-31": {
        "Tax Effect Of Unusual Items": 488880.0,
        "Tax Rate For Calcs": 0.21,
        "Normalized EBITDA": -3993000.0,
        "Total Unusual Items": 2328000.0,
        "Total Unusual Items Excluding Goodwill": 2328000.0,
        "Net Income From Continuing Operation Net Minority Interest": -8232000.0,
        "Reconciled Depreciation": 6854000.0,
        "Reconciled Cost Of Revenue": 26455000.0,
        "EBITDA": -1665000.0,
        "EBIT": -8519000.0,
        "Net Interest Income": -907000.0,
        "Normalized Income": -10071120.0,
        "Net Income From Continuing And Discontinued Operation": -8232000.0,
        "Total Expenses": 42042000.0,
        "Total Operating Income As Reported": -14546000.0,
        "Diluted Average Shares": NaN,
        "Basic Average Shares": NaN,
        "Diluted EPS": NaN,
        "Basic EPS": NaN,
        "Diluted NI Availto Com Stockholders": -8232000.0,
        "Net Income Common Stockholders": -8232000.0,
        "Net Income": -8232000.0,
        "Minority Interests": 0.0,
        "Net Income Including Noncontrolling Interests": -8232000.0,
        "Net Income Continuous Operations": -8232000.0,
        "Tax Provision": 1071000.0,
        "Pretax Income": -7161000.0,
        "Other Income Expense": 2265000.0,
        "Other Non Operating Income Expenses": 187000.0,
        "Earnings From Equity Interest": -250000.0,
        "Gain On Sale Of Security": 2328000.0,
        "Net Non Operating Interest Income Expense": -907000.0,
        "Total Other Finance Cost": 907000.0,
        "Operating Income": -8519000.0,
        "Operating Expense": 8882000.0,
        "Other Operating Expenses": 2240000.0,
        "Depreciation Amortization Depletion Income Statement": 149000.0,
        "Depreciation And Amortization In Income Statement": 149000.0,
        "Depreciation Income Statement": 149000.0,
        "Selling General And Administration": 6493000.0,
        "General And Administrative Expense": 6493000.0,
        "Other Gand A": 6493000.0,
        "Gross Profit": 363000.0,
        "Cost Of Revenue": 33160000.0,
        "Total Revenue": 33523000.0,
        "Operating Revenue": 33523000.0
    },
    "2025-03-31": {
        "Tax Effect Of Unusual Items": 211424.68363,
        "Tax Rate For Calcs": 0.146823,
        "Normalized EBITDA": 5159000.0,
        "Total Unusual Items": 1440000.0,
        "Total Unusual Items Excluding Goodwill": 1440000.0,
        "Net Income From Continuing Operation Net Minority Interest": -6270000.0,
        "Reconciled Depreciation": 6171000.0,
        "Reconciled Cost Of Revenue": 19605000.0,
        "EBITDA": 6599000.0,
        "EBIT": 428000.0,
        "Net Interest Income": -1286000.0,
        "Normalized Income": -7498575.31637,
        "Net Income From Continuing And Discontinued Operation": -6270000.0,
        "Total Expenses": 35268000.0,
        "Total Operating Income As Reported": -7640000.0,
        "Diluted Average Shares": 53270000.0,
        "Basic Average Shares": 53270000.0,
        "Diluted EPS": -0.12,
        "Basic EPS": -0.12,
        "Diluted NI Availto Com Stockholders": -6270000.0,
        "Net Income Common Stockholders": -6270000.0,
        "Net Income": -6270000.0,
        "Minority Interests": NaN,
        "Net Income Including Noncontrolling Interests": -6270000.0,
        "Net Income Continuous Operations": -6270000.0,
        "Tax Provision": -1079000.0,
        "Pretax Income": -7349000.0,
        "Other Income Expense": -6491000.0,
        "Other Non Operating Income Expenses": 137000.0,
        "Earnings From Equity Interest": -8068000.0,
        "Gain On Sale Of Security": 1440000.0,
        "Net Non Operating Interest Income Expense": -1286000.0,
        "Total Other Finance Cost": 1286000.0,
        "Operating Income": 428000.0,
        "Operating Expense": 9642000.0,
        "Other Operating Expenses": 6123000.0,
        "Depreciation Amortization Depletion Income Statement": 150000.0,
        "Depreciation And Amortization In Income Statement": 150000.0,
        "Depreciation Income Statement": 150000.0,
        "Selling General And Administration": 3369000.0,
        "General And Administrative Expense": 3369000.0,
        "Other Gand A": 3369000.0,
        "Gross Profit": 10070000.0,
        "Cost Of Revenue": 25626000.0,
        "Total Revenue": 35696000.0,
        "Operating Revenue": 35696000.0
    },
    "2025-06-30": {
        "Tax Effect Of Unusual Items": 1456560.0,
        "Tax Rate For Calcs": 0.21,
        "Normalized EBITDA": -76000.0,
        "Total Unusual Items": 6936000.0,
        "Total Unusual Items Excluding Goodwill": 6936000.0,
        "Net Income From Continuing Operation Net Minority Interest": 3040000.0,
        "Reconciled Depreciation": 6853000.0,
        "Reconciled Cost Of Revenue": 27733000.0,
        "EBITDA": 6860000.0,
        "EBIT": 7000.0,
        "Net Interest Income": -1746000.0,
        "Normalized Income": -2439440.0,
        "Net Income From Continuing And Discontinued Operation": 3040000.0,
        "Total Expenses": 46693000.0,
        "Total Operating Income As Reported": -3375000.0,
        "Diluted Average Shares": 54022000.0,
        "Basic Average Shares": 53968000.0,
        "Diluted EPS": 0.06,
        "Basic EPS": 0.06,
        "Diluted NI Availto Com Stockholders": 3040000.0,
        "Net Income Common Stockholders": 3040000.0,
        "Net Income": 3040000.0,
        "Minority Interests": NaN,
        "Net Income Including Noncontrolling Interests": 3040000.0,
        "Net Income Continuous Operations": 3040000.0,
        "Tax Provision": -1111000.0,
        "Pretax Income": 1929000.0,
        "Other Income Expense": 3668000.0,
        "Other Non Operating Income Expenses": 114000.0,
        "Earnings From Equity Interest": -3382000.0,
        "Gain On Sale Of Security": 6936000.0,
        "Net Non Operating Interest Income Expense": -1746000.0,
        "Total Other Finance Cost": 1746000.0,
        "Operating Income": 7000.0,
        "Operating Expense": 12274000.0,
        "Other Operating Expenses": 7061000.0,
        "Depreciation Amortization Depletion Income Statement": 167000.0,
        "Depreciation And Amortization In Income Statement": 167000.0,
        "Depreciation Income Statement": 167000.0,
        "Selling General And Administration": 5046000.0,
        "General And Administrative Expense": 5046000.0,
        "Other Gand A": 5046000.0,
        "Gross Profit": 12281000.0,
        "Cost Of Revenue": 34419000.0,
        "Total Revenue": 46700000.0,
        "Operating Revenue": 46700000.0
    },
    "2025-09-30": {
        "Tax Effect Of Unusual Items": 1750140.0,
        "Tax Rate For Calcs": 0.21,
        "Normalized EBITDA": -8316000.0,
        "Total Unusual Items": 8334000.0,
        "Total Unusual Items Excluding Goodwill": 8334000.0,
        "Net Income From Continuing Operation Net Minority Interest": -462000.0,
        "Reconciled Depreciation": 7643000.0,
        "Reconciled Cost Of Revenue": 35233000.0,
        "EBITDA": 18000.0,
        "EBIT": -7625000.0,
        "Net Interest Income": -1628000.0,
        "Normalized Income": -7045860.0,
        "Net Income From Continuing And Discontinued Operation": -462000.0,
        "Total Expenses": 58159000.0,
        "Total Operating Income As Reported": -8431000.0,
        "Diluted Average Shares": 54170000.0,
        "Basic Average Shares": 54170000.0,
        "Diluted EPS": -0.01,
        "Basic EPS": -0.01,
        "Diluted NI Availto Com Stockholders": -462000.0,
        "Net Income Common Stockholders": -462000.0,
        "Net Income": -462000.0,
        "Minority Interests": NaN,
        "Net Income Including Noncontrolling Interests": -462000.0,
        "Net Income Continuous Operations": -462000.0,
        "Tax Provision": -1269000.0,
        "Pretax Income": -1731000.0,
        "Other Income Expense": 7522000.0,
        "Other Non Operating Income Expenses": -6000.0,
        "Earnings From Equity Interest": -806000.0,
        "Gain On Sale Of Security": 8334000.0,
        "Net Non Operating Interest Income Expense": -1628000.0,
        "Total Other Finance Cost": 1628000.0,
        "Operating Income": -7625000.0,
        "Operating Expense": 15441000.0,
        "Other Operating Expenses": 9214000.0,
        "Depreciation Amortization Depletion Income Statement": 158000.0,
        "Depreciation And Amortization In Income Statement": 158000.0,
        "Depreciation Income Statement": 158000.0,
        "Selling General And Administration": 6069000.0,
        "General And Administrative Expense": 6069000.0,
        "Other Gand A": 6069000.0,
        "Gross Profit": 7816000.0,
        "Cost Of Revenue": 42718000.0,
        "Total Revenue": 50534000.0,
        "Operating Revenue": 50534000.0
    }
}