{
    "2023-06-30": {
        "Tax Effect Of Unusual Items": NaN,
        "Tax Rate For Calcs": NaN,
        "Total Unusual Items": -986000.0,
        "Total Unusual Items Excluding Goodwill": -986000.0,
        "Net Income From Continuing Operation Net Minority Interest": NaN,
        "Reconciled Depreciation": NaN,
        "Net Interest Income": NaN,
        "Interest Expense": NaN,
        "Interest Income": NaN,
        "Normalized Income": NaN,
        "Net Income From Continuing And Discontinued Operation": NaN,
        "Diluted Average Shares": NaN,
        "Basic Average Shares": NaN,
        "Diluted EPS": NaN,
        "Basic EPS": NaN,
        "Diluted NI Availto Com Stockholders": NaN,
        "Net Income Common Stockholders": NaN,
        "Net Income": NaN,
        "Minority Interests": NaN,
        "Net Income Including Noncontrolling Interests": NaN,
        "Net Income Discontinuous Operations": NaN,
        "Net Income Continuous Operations": NaN,
        "Tax Provision": NaN,
        "Pretax Income": NaN,
        "Special Income Charges": -986000.0,
        "Gain On Sale Of Business": -986000.0,
        "Gain On Sale Of Security": NaN,
        "Depreciation Amortization Depletion Income Statement": NaN,
        "Depreciation And Amortization In Income Statement": NaN,
        "Depreciation Income Statement": NaN,
        "Selling General And Administration": NaN,
        "General And Administrative Expense": NaN,
        "Insurance And Claims": NaN,
        "Salaries And Wages": NaN,
        "Total Revenue": NaN,
        "Operating Revenue": NaN,
        "Occupancy And Equipment": NaN,
        "Professional Expense And Contract Services Expense": NaN,
        "Other Non Interest Expense": NaN
    },
    "2023-03-31": {
        "Tax Effect Of Unusual Items": 0.0,
        "Tax Rate For Calcs": 0.160179,
        "Total Unusual Items": NaN,
        "Total Unusual Items Excluding Goodwill": NaN,
        "Net Income From Continuing Operation Net Minority Interest": 2560000.0,
        "Reconciled Depreciation": 1424000.0,
        "Net Interest Income": 32729000.0,
        "Interest Expense": 12034000.0,
        "Interest Income": 44763000.0,
        "Normalized Income": 2560000.0,
        "Net Income From Continuing And Discontinued Operation": 11342000.0,
        "Diluted Average Shares": 13016082.0,
        "Basic Average Shares": 12623361.0,
        "Diluted EPS": 0.87,
        "Basic EPS": 0.9,
        "Diluted NI Availto Com Stockholders": 11342000.0,
        "Net Income Common Stockholders": 11342000.0,
        "Net Income": 11342000.0,
        "Minority Interests": 122000.0,
        "Net Income Including Noncontrolling Interests": 11220000.0,
        "Net Income Discontinuous Operations": 8782000.0,
        "Net Income Continuous Operations": 2438000.0,
        "Tax Provision": 465000.0,
        "Pretax Income": 2903000.0,
        "Special Income Charges": NaN,
        "Gain On Sale Of Business": NaN,
        "Gain On Sale Of Security": -1944000.0,
        "Depreciation Amortization Depletion Income Statement": 1457000.0,
        "Depreciation And Amortization In Income Statement": 1457000.0,
        "Depreciation Income Statement": 1457000.0,
        "Selling General And Administration": 17650000.0,
        "General And Administrative Expense": 17650000.0,
        "Other Gand A": NaN,
        "Insurance And Claims": 904000.0,
        "Salaries And Wages": 16746000.0,
        "Total Revenue": 36989000.0,
        "Operating Revenue": 36989000.0,
        "Occupancy And Equipment": 792000.0,
        "Professional Expense And Contract Services Expense": 2951000.0,
        "Other Non Interest Expense": 5467000.0
    },
    "2022-12-31": {
        "Tax Effect Of Unusual Items": NaN,
        "Tax Rate For Calcs": NaN,
        "Total Unusual Items": 4978000.0,
        "Total Unusual Items Excluding Goodwill": 4978000.0,
        "Net Income From Continuing Operation Net Minority Interest": NaN,
        "Reconciled Depreciation": NaN,
        "Net Interest Income": NaN,
        "Interest Expense": NaN,
        "Interest Income": NaN,
        "Normalized Income": NaN,
        "Net Income From Continuing And Discontinued Operation": NaN,
        "Diluted Average Shares": NaN,
        "Basic Average Shares": NaN,
        "Diluted EPS": NaN,
        "Basic EPS": NaN,
        "Diluted NI Availto Com Stockholders": NaN,
        "Net Income Common Stockholders": NaN,
        "Net Income": NaN,
        "Minority Interests": NaN,
        "Net Income Including Noncontrolling Interests": NaN,
        "Net Income Discontinuous Operations": NaN,
        "Net Income Continuous Operations": NaN,
        "Tax Provision": NaN,
        "Pretax Income": NaN,
        "Special Income Charges": 0.0,
        "Gain On Sale Of Business": 0.0,
        "Gain On Sale Of Security": NaN,
        "Depreciation Amortization Depletion Income Statement": NaN,
        "Depreciation And Amortization In Income Statement": NaN,
        "Depreciation Income Statement": NaN,
        "Selling General And Administration": NaN,
        "General And Administrative Expense": NaN,
        "Other Gand A": 2731000.0,
        "Insurance And Claims": NaN,
        "Salaries And Wages": NaN,
        "Total Revenue": NaN,
        "Operating Revenue": NaN,
        "Occupancy And Equipment": NaN,
        "Professional Expense And Contract Services Expense": NaN,
        "Other Non Interest Expense": NaN
    },
    "2022-09-30": {
        "Tax Effect Of Unusual Items": NaN,
        "Tax Rate For Calcs": NaN,
        "Total Unusual Items": 0.0,
        "Total Unusual Items Excluding Goodwill": 0.0,
        "Net Income From Continuing Operation Net Minority Interest": NaN,
        "Reconciled Depreciation": NaN,
        "Net Interest Income": NaN,
        "Interest Expense": NaN,
        "Interest Income": NaN,
        "Normalized Income": NaN,
        "Net Income From Continuing And Discontinued Operation": NaN,
        "Diluted Average Shares": NaN,
        "Basic Average Shares": NaN,
        "Diluted EPS": NaN,
        "Basic EPS": NaN,
        "Diluted NI Availto Com Stockholders": NaN,
        "Net Income Common Stockholders": NaN,
        "Net Income": NaN,
        "Minority Interests": NaN,
        "Net Income Including Noncontrolling Interests": NaN,
        "Net Income Discontinuous Operations": NaN,
        "Net Income Continuous Operations": NaN,
        "Tax Provision": NaN,
        "Pretax Income": NaN,
        "Special Income Charges": 0.0,
        "Gain On Sale Of Business": 0.0,
        "Gain On Sale Of Security": NaN,
        "Depreciation Amortization Depletion Income Statement": NaN,
        "Depreciation And Amortization In Income Statement": NaN,
        "Depreciation Income Statement": NaN,
        "Selling General And Administration": NaN,
        "Selling And Marketing Expense": 226000.0,
        "General And Administrative Expense": NaN,
        "Other Gand A": 3073000.0,
        "Insurance And Claims": NaN,
        "Salaries And Wages": NaN,
        "Total Revenue": NaN,
        "Operating Revenue": NaN
    },
    "2022-06-30": {
        "Tax Effect Of Unusual Items": 0.0,
        "Tax Rate For Calcs": 0.235342,
        "Total Unusual Items": NaN,
        "Total Unusual Items Excluding Goodwill": NaN,
        "Net Income From Continuing Operation Net Minority Interest": 2956000.0,
        "Reconciled Depreciation": 929000.0,
        "Net Interest Income": 26660000.0,
        "Interest Expense": 1430000.0,
        "Interest Income": 28090000.0,
        "Normalized Income": 2956000.0,
        "Net Income From Continuing And Discontinued Operation": 2956000.0,
        "Diluted Average Shares": 12895581.0,
        "Basic Average Shares": 12176805.0,
        "Diluted EPS": 0.23,
        "Basic EPS": 0.24,
        "Diluted NI Availto Com Stockholders": 2956000.0,
        "Net Income Common Stockholders": 2956000.0,
        "Net Income": 2956000.0,
        "Minority Interests": 165000.0,
        "Net Income Including Noncontrolling Interests": 2791000.0,
        "Net Income Discontinuous Operations": NaN,
        "Net Income Continuous Operations": 2791000.0,
        "Tax Provision": 859000.0,
        "Pretax Income": 3650000.0,
        "Special Income Charges": NaN,
        "Gain On Sale Of Business": NaN,
        "Gain On Sale Of Security": 74000.0,
        "Depreciation Amortization Depletion Income Statement": 1267000.0,
        "Depreciation And Amortization In Income Statement": 1267000.0,
        "Depreciation Income Statement": 1267000.0,
        "Selling General And Administration": 18983000.0,
        "Selling And Marketing Expense": 195000.0,
        "General And Administrative Expense": 18983000.0,
        "Other Gand A": 3398000.0,
        "Insurance And Claims": 614000.0,
        "Salaries And Wages": 18983000.0,
        "Total Revenue": 38569000.0,
        "Operating Revenue": 38569000.0
    },
    "2022-03-31": {
        "Diluted EPS": 0.22,
        "Total Revenue": 33,
        "Gross Profit": 31,
        "Operating Income": 3,
        "EBIT": NaN,
        "Net Income": 3
    },
    "2021-12-31": {
        "Diluted EPS": 0.79,
        "Total Revenue": 38,
        "Gross Profit": 36,
        "Operating Income": 13,
        "EBIT": NaN,
        "Net Income": 10
    },
    "2021-09-30": {
        "Diluted EPS": 0.92,
        "Total Revenue": 42,
        "Gross Profit": 41,
        "Operating Income": 15,
        "EBIT": NaN,
        "Net Income": 12
    },
    "2021-06-30": {
        "Diluted EPS": 0.73,
        "Total Revenue": 34,
        "Gross Profit": 33,
        "Operating Income": 11,
        "EBIT": NaN,
        "Net Income": 9
    },
    "2021-03-31": {
        "Diluted EPS": 0.66,
        "Total Revenue": 32,
        "Gross Profit": 30,
        "Operating Income": 10,
        "EBIT": NaN,
        "Net Income": 8
    },
    "2020-12-31": {
        "Diluted EPS": 0.96,
        "Total Revenue": 35,
        "Gross Profit": 34,
        "Operating Income": 13,
        "EBIT": NaN,
        "Net Income": 12
    },
    "2020-09-30": {
        "Diluted EPS": 0.53,
        "Total Revenue": 38,
        "Gross Profit": 35,
        "Operating Income": 9,
        "EBIT": NaN,
        "Net Income": 6
    },
    "2020-06-30": {
        "Diluted EPS": 1.49,
        "Total Revenue": 67,
        "Gross Profit": 64,
        "Operating Income": 24,
        "EBIT": NaN,
        "Net Income": 18
    },
    "2020-03-31": {
        "Diluted EPS": 0.08,
        "Total Revenue": 32,
        "Gross Profit": 27,
        "Operating Income": 1,
        "EBIT": NaN,
        "Net Income": 1
    },
    "2019-12-31": {
        "Diluted EPS": 0.41,
        "Total Revenue": 36,
        "Gross Profit": 31,
        "Operating Income": 5,
        "EBIT": NaN,
        "Net Income": 4
    },
    "2019-09-30": {
        "Diluted EPS": 0.35,
        "Total Revenue": 36,
        "Gross Profit": 30,
        "Operating Income": 6,
        "EBIT": NaN,
        "Net Income": 4
    },
    "2019-06-30": {
        "Diluted EPS": 1.18,
        "Total Revenue": 47,
        "Gross Profit": 41,
        "Operating Income": 20,
        "EBIT": NaN,
        "Net Income": 15
    },
    "2019-03-31": {
        "Diluted EPS": 0.26,
        "Total Revenue": 28,
        "Gross Profit": 23,
        "Operating Income": 4,
        "EBIT": NaN,
        "Net Income": 3
    },
    "2018-12-31": {
        "Diluted EPS": 0.23,
        "Total Revenue": 28,
        "Gross Profit": 23,
        "Operating Income": 4,
        "EBIT": NaN,
        "Net Income": 3
    },
    "2018-09-30": {
        "Diluted EPS": 0.29,
        "Total Revenue": 29,
        "Gross Profit": 24,
        "Operating Income": 5,
        "EBIT": NaN,
        "Net Income": 3
    },
    "2018-06-30": {
        "Diluted EPS": 0.25,
        "Total Revenue": 28,
        "Gross Profit": 23,
        "Operating Income": 4,
        "EBIT": NaN,
        "Net Income": 3
    },
    "2018-03-31": {
        "Diluted EPS": 0.23,
        "Total Revenue": 24,
        "Gross Profit": 21,
        "Operating Income": 3,
        "EBIT": NaN,
        "Net Income": 2
    },
    "2017-12-31": {
        "Diluted EPS": 0.13,
        "Total Revenue": 25,
        "Gross Profit": 22,
        "Operating Income": 3,
        "EBIT": NaN,
        "Net Income": 1
    },
    "2017-09-30": {
        "Diluted EPS": 0.21,
        "Total Revenue": 25,
        "Gross Profit": 22,
        "Operating Income": 4,
        "EBIT": NaN,
        "Net Income": 2
    },
    "2017-06-30": {
        "Diluted EPS": 0.2,
        "Total Revenue": 25,
        "Gross Profit": 22,
        "Operating Income": 3,
        "EBIT": NaN,
        "Net Income": 2
    },
    "2017-03-31": {
        "Diluted EPS": 0.14,
        "Total Revenue": 22,
        "Gross Profit": 19,
        "Operating Income": 2,
        "EBIT": NaN,
        "Net Income": 1
    },
    "2016-12-31": {
        "Diluted EPS": 0.24,
        "Total Revenue": 24,
        "Gross Profit": 21,
        "Operating Income": 4,
        "EBIT": NaN,
        "Net Income": 2
    },
    "2016-09-30": {
        "Diluted EPS": 0.24,
        "Total Revenue": 26,
        "Gross Profit": 23,
        "Operating Income": 3,
        "EBIT": NaN,
        "Net Income": 2
    },
    "2016-06-30": {
        "Diluted EPS": 0.63,
        "Total Revenue": 26,
        "Gross Profit": 23,
        "Operating Income": 4,
        "EBIT": NaN,
        "Net Income": 6
    },
    "2016-03-31": {
        "Diluted EPS": 0.2,
        "Total Revenue": 22,
        "Gross Profit": 19,
        "Operating Income": 3,
        "EBIT": NaN,
        "Net Income": 2
    },
    "2015-12-31": {
        "Diluted EPS": 0.16,
        "Total Revenue": 18,
        "Gross Profit": 15,
        "Operating Income": 1,
        "EBIT": NaN,
        "Net Income": 1
    },
    "2015-09-30": {
        "Diluted EPS": 0.16,
        "Total Revenue": 20,
        "Gross Profit": 17,
        "Operating Income": 2,
        "EBIT": NaN,
        "Net Income": 1
    },
    "2015-06-30": {
        "Diluted EPS": 0.21,
        "Total Revenue": 20,
        "Gross Profit": 18,
        "Operating Income": 3,
        "EBIT": NaN,
        "Net Income": 2
    },
    "2015-03-31": {
        "Diluted EPS": 0.24,
        "Total Revenue": 21,
        "Gross Profit": 19,
        "Operating Income": 3,
        "EBIT": NaN,
        "Net Income": 2
    },
    "2014-12-31": {
        "Diluted EPS": -0.1,
        "Total Revenue": 12,
        "Gross Profit": 10,
        "Operating Income": 0,
        "EBIT": NaN,
        "Net Income": -1
    },
    "2014-09-30": {
        "Diluted EPS": 0.05,
        "Total Revenue": 16,
        "Gross Profit": 14,
        "Operating Income": 1,
        "EBIT": NaN,
        "Net Income": 0
    },
    "2014-06-30": {
        "Diluted EPS": 0.12,
        "Total Revenue": 16,
        "Gross Profit": 14,
        "Operating Income": 1,
        "EBIT": NaN,
        "Net Income": 1
    },
    "2014-03-31": {
        "Diluted EPS": 0.15,
        "Total Revenue": 14,
        "Gross Profit": 13,
        "Operating Income": 1,
        "EBIT": NaN,
        "Net Income": 1
    },
    "2013-12-31": {
        "Diluted EPS": 0.07,
        "Total Revenue": 13,
        "Gross Profit": 12,
        "Operating Income": 0,
        "EBIT": NaN,
        "Net Income": 1
    },
    "2013-09-30": {
        "Diluted EPS": 0.1,
        "Total Revenue": 14,
        "Gross Profit": 13,
        "Operating Income": 1,
        "EBIT": NaN,
        "Net Income": 1
    },
    "2013-06-30": {
        "Diluted EPS": 0.21,
        "Total Revenue": 15,
        "Gross Profit": 14,
        "Operating Income": 2,
        "EBIT": NaN,
        "Net Income": 1
    },
    "2013-03-31": {
        "Diluted EPS": 0.19,
        "Total Revenue": 13,
        "Gross Profit": 12,
        "Operating Income": 1,
        "EBIT": NaN,
        "Net Income": 1
    },
    "2012-12-31": {
        "Diluted EPS": -0.27,
        "Total Revenue": 10,
        "Gross Profit": 8,
        "Operating Income": 1,
        "EBIT": NaN,
        "Net Income": 1
    },
    "2012-09-30": {
        "Diluted EPS": 0.46,
        "Total Revenue": 7,
        "Gross Profit": 6,
        "Operating Income": 1,
        "EBIT": NaN,
        "Net Income": 1
    },
    "2012-06-30": {
        "Diluted EPS": 0.33,
        "Total Revenue": 7,
        "Gross Profit": 5,
        "Operating Income": 1,
        "EBIT": NaN,
        "Net Income": 1
    },
    "2012-03-31": {
        "Diluted EPS": 0.38,
        "Total Revenue": 6,
        "Gross Profit": 5,
        "Operating Income": 1,
        "EBIT": NaN,
        "Net Income": 1
    },
    "2011-12-31": {
        "Diluted EPS": 0.0,
        "Total Revenue": NaN,
        "Gross Profit": NaN,
        "Operating Income": NaN,
        "EBIT": NaN,
        "Net Income": NaN
    },
    "2023-09-30": {
        "Tax Effect Of Unusual Items": 0.0,
        "Tax Rate For Calcs": 0.239293,
        "Total Unusual Items": 0.0,
        "Total Unusual Items Excluding Goodwill": 0.0,
        "Net Income From Continuing Operation Net Minority Interest": 3867000.0,
        "Reconciled Depreciation": 1211000.0,
        "Net Interest Income": 29865000.0,
        "Interest Expense": 18460000.0,
        "Interest Income": 48325000.0,
        "Normalized Income": 3867000.0,
        "Net Income From Continuing And Discontinued Operation": 3867000.0,
        "Diluted Average Shares": 13116629.0,
        "Basic Average Shares": 12722010.0,
        "Diluted EPS": 0.29,
        "Basic EPS": 0.3,
        "Diluted NI Availto Com Stockholders": 3867000.0,
        "Net Income Common Stockholders": 3867000.0,
        "Net Income": 3867000.0,
        "Minority Interests": -5000.0,
        "Net Income Including Noncontrolling Interests": 3872000.0,
        "Net Income Discontinuous Operations": 0.0,
        "Net Income Continuous Operations": 3872000.0,
        "Tax Provision": 1218000.0,
        "Pretax Income": 5090000.0,
        "Special Income Charges": 0.0,
        "Gain On Sale Of Business": 0.0,
        "Gain On Sale Of Security": 244000.0,
        "Depreciation Amortization Depletion Income Statement": 1439000.0,
        "Depreciation And Amortization In Income Statement": 1439000.0,
        "Depreciation Income Statement": 1439000.0,
        "Selling General And Administration": 17413000.0,
        "General And Administrative Expense": 17413000.0,
        "Insurance And Claims": 1397000.0,
        "Salaries And Wages": 16016000.0,
        "Total Revenue": 36406000.0,
        "Operating Revenue": 36406000.0,
        "Occupancy And Equipment": 921000.0,
        "Professional Expense And Contract Services Expense": 5682000.0,
        "Other Non Interest Expense": 5270000.0
    },
    "2023-12-31": {
        "Tax Effect Of Unusual Items": 0.0,
        "Tax Rate For Calcs": 0.153097,
        "Total Unusual Items": 0.0,
        "Total Unusual Items Excluding Goodwill": 0.0,
        "Net Income From Continuing Operation Net Minority Interest": 7911000.0,
        "Reconciled Depreciation": 1109000.0,
        "Net Interest Income": 31107000.0,
        "Interest Expense": 18592000.0,
        "Interest Income": 49699000.0,
        "Normalized Income": 7911000.0,
        "Net Income From Continuing And Discontinued Operation": 7911000.0,
        "Diluted Average Shares": 13024562.0,
        "Basic Average Shares": 12740193.0,
        "Diluted EPS": 0.61,
        "Basic EPS": 0.62,
        "Diluted NI Availto Com Stockholders": 7911000.0,
        "Net Income Common Stockholders": 7911000.0,
        "Net Income": 7911000.0,
        "Minority Interests": -5000.0,
        "Net Income Including Noncontrolling Interests": 7916000.0,
        "Net Income Discontinuous Operations": 0.0,
        "Net Income Continuous Operations": 7916000.0,
        "Tax Provision": 1431000.0,
        "Pretax Income": 9347000.0,
        "Special Income Charges": 0.0,
        "Gain On Sale Of Business": 0.0,
        "Gain On Sale Of Security": -584000.0,
        "Depreciation Amortization Depletion Income Statement": 1211000.0,
        "Depreciation And Amortization In Income Statement": 1211000.0,
        "Depreciation Income Statement": 1211000.0,
        "Selling General And Administration": 15867000.0,
        "General And Administrative Expense": 15867000.0,
        "Insurance And Claims": 1004000.0,
        "Salaries And Wages": 14863000.0,
        "Total Revenue": 37974000.0,
        "Operating Revenue": 37974000.0,
        "Occupancy And Equipment": 898000.0,
        "Professional Expense And Contract Services Expense": 5763000.0,
        "Other Non Interest Expense": 4562000.0
    },
    "2024-03-31": {
        "Tax Effect Of Unusual Items": 0.0,
        "Tax Rate For Calcs": 0.22178,
        "Total Unusual Items": NaN,
        "Total Unusual Items Excluding Goodwill": NaN,
        "Net Income From Continuing Operation Net Minority Interest": 4482000.0,
        "Reconciled Depreciation": 1102000.0,
        "Net Interest Income": 30139000.0,
        "Interest Expense": 19891000.0,
        "Interest Income": 50030000.0,
        "Normalized Income": 4482000.0,
        "Net Income From Continuing And Discontinued Operation": 4482000.0,
        "Diluted Average Shares": 13119292.0,
        "Basic Average Shares": 12810956.0,
        "Diluted EPS": 0.34,
        "Basic EPS": 0.35,
        "Diluted NI Availto Com Stockholders": 4482000.0,
        "Net Income Common Stockholders": 4482000.0,
        "Net Income": 4482000.0,
        "Minority Interests": -20000.0,
        "Net Income Including Noncontrolling Interests": 4502000.0,
        "Net Income Discontinuous Operations": 0.0,
        "Net Income Continuous Operations": 4502000.0,
        "Tax Provision": 1283000.0,
        "Pretax Income": 5785000.0,
        "Special Income Charges": NaN,
        "Gain On Sale Of Business": NaN,
        "Gain On Sale Of Security": 609000.0,
        "Depreciation Amortization Depletion Income Statement": 1216000.0,
        "Depreciation And Amortization In Income Statement": 1216000.0,
        "Depreciation Income Statement": 1216000.0,
        "Selling General And Administration": 17381000.0,
        "General And Administrative Expense": 17381000.0,
        "Insurance And Claims": 892000.0,
        "Salaries And Wages": 16489000.0,
        "Total Revenue": 39101000.0,
        "Operating Revenue": 39101000.0,
        "Occupancy And Equipment": 864000.0,
        "Professional Expense And Contract Services Expense": 5737000.0,
        "Other Non Interest Expense": 4993000.0
    },
    "2024-06-30": {
        "Tax Effect Of Unusual Items": 0.0,
        "Tax Rate For Calcs": 0.249457,
        "Total Unusual Items": 0.0,
        "Total Unusual Items Excluding Goodwill": 0.0,
        "Net Income From Continuing Operation Net Minority Interest": 4089000.0,
        "Reconciled Depreciation": 1039000.0,
        "Net Interest Income": 27570000.0,
        "Interest Expense": 18557000.0,
        "Interest Income": 46127000.0,
        "Normalized Income": 4089000.0,
        "Net Income From Continuing And Discontinued Operation": 4089000.0,
        "Diluted Average Shares": 13045660.0,
        "Basic Average Shares": 12883426.0,
        "Diluted EPS": 0.31,
        "Basic EPS": 0.32,
        "Diluted NI Availto Com Stockholders": 4089000.0,
        "Net Income Common Stockholders": 4089000.0,
        "Net Income": 4089000.0,
        "Minority Interests": -60000.0,
        "Net Income Including Noncontrolling Interests": 4149000.0,
        "Net Income Discontinuous Operations": 0.0,
        "Net Income Continuous Operations": 4149000.0,
        "Tax Provision": 1379000.0,
        "Pretax Income": 5528000.0,
        "Special Income Charges": 0.0,
        "Gain On Sale Of Business": 0.0,
        "Gain On Sale Of Security": 117000.0,
        "Depreciation Amortization Depletion Income Statement": 1218000.0,
        "Depreciation And Amortization In Income Statement": 1218000.0,
        "Depreciation Income Statement": 1218000.0,
        "Selling General And Administration": 17034000.0,
        "General And Administrative Expense": 17034000.0,
        "Insurance And Claims": 1085000.0,
        "Salaries And Wages": 15949000.0,
        "Total Revenue": 34228000.0,
        "Operating Revenue": 34228000.0,
        "Occupancy And Equipment": 949000.0,
        "Professional Expense And Contract Services Expense": 5192000.0,
        "Other Non Interest Expense": 4537000.0
    },
    "2024-09-30": {
        "Tax Effect Of Unusual Items": 0.0,
        "Tax Rate For Calcs": 0.22945,
        "Total Unusual Items": 0.0,
        "Total Unusual Items Excluding Goodwill": 0.0,
        "Net Income From Continuing Operation Net Minority Interest": 2080000.0,
        "Reconciled Depreciation": 930000.0,
        "Net Interest Income": 26585000.0,
        "Interest Expense": 20042000.0,
        "Interest Income": 46627000.0,
        "Normalized Income": 2080000.0,
        "Net Income From Continuing And Discontinued Operation": 2080000.0,
        "Diluted Average Shares": 13169011.0,
        "Basic Average Shares": 12927962.0,
        "Diluted EPS": 0.16,
        "Basic EPS": 0.16,
        "Diluted NI Availto Com Stockholders": 2080000.0,
        "Net Income Common Stockholders": 2080000.0,
        "Net Income": 2080000.0,
        "Minority Interests": -76000.0,
        "Net Income Including Noncontrolling Interests": 2156000.0,
        "Net Income Discontinuous Operations": 0.0,
        "Net Income Continuous Operations": 2156000.0,
        "Tax Provision": 642000.0,
        "Pretax Income": 2798000.0,
        "Special Income Charges": 0.0,
        "Gain On Sale Of Business": 0.0,
        "Gain On Sale Of Security": 498000.0,
        "Depreciation Amortization Depletion Income Statement": 1130000.0,
        "Depreciation And Amortization In Income Statement": 1130000.0,
        "Depreciation Income Statement": 1130000.0,
        "Selling General And Administration": 17763000.0,
        "General And Administrative Expense": 17763000.0,
        "Insurance And Claims": 1041000.0,
        "Salaries And Wages": 16722000.0,
        "Total Revenue": 32496000.0,
        "Operating Revenue": 32496000.0,
        "Occupancy And Equipment": 1041000.0,
        "Professional Expense And Contract Services Expense": 4649000.0,
        "Other Non Interest Expense": 4902000.0
    }
}