{
    "2023-03-31": {
        "Tax Effect Of Unusual Items": NaN,
        "Tax Rate For Calcs": NaN,
        "Normalized EBITDA": NaN,
        "Total Unusual Items": NaN,
        "Total Unusual Items Excluding Goodwill": NaN,
        "Net Income From Continuing Operation Net Minority Interest": NaN,
        "Reconciled Depreciation": NaN,
        "Reconciled Cost Of Revenue": NaN,
        "EBITDA": NaN,
        "EBIT": NaN,
        "Net Interest Income": NaN,
        "Interest Expense": NaN,
        "Interest Income": NaN,
        "Normalized Income": NaN,
        "Net Income From Continuing And Discontinued Operation": NaN,
        "Total Expenses": NaN,
        "Total Operating Income As Reported": NaN,
        "Diluted Average Shares": NaN,
        "Basic Average Shares": NaN,
        "Diluted EPS": NaN,
        "Basic EPS": NaN,
        "Diluted NI Availto Com Stockholders": NaN,
        "Net Income Common Stockholders": NaN,
        "Net Income": NaN,
        "Net Income Including Noncontrolling Interests": NaN,
        "Net Income Continuous Operations": NaN,
        "Tax Provision": NaN,
        "Pretax Income": NaN,
        "Other Income Expense": NaN,
        "Other Non Operating Income Expenses": -1000000.0,
        "Special Income Charges": NaN,
        "Restructuring And Mergern Acquisition": NaN,
        "Net Non Operating Interest Income Expense": NaN,
        "Total Other Finance Cost": NaN,
        "Interest Expense Non Operating": NaN,
        "Interest Income Non Operating": NaN,
        "Operating Income": NaN,
        "Operating Expense": NaN,
        "Selling General And Administration": NaN,
        "General And Administrative Expense": 65200000.0,
        "Other Gand A": 64200000.0,
        "Salaries And Wages": 1000000.0,
        "Gross Profit": NaN,
        "Cost Of Revenue": NaN,
        "Total Revenue": NaN,
        "Operating Revenue": NaN
    },
    "2022-12-31": {
        "Tax Effect Of Unusual Items": NaN,
        "Tax Rate For Calcs": NaN,
        "Normalized EBITDA": NaN,
        "Total Unusual Items": NaN,
        "Total Unusual Items Excluding Goodwill": NaN,
        "Net Income From Continuing Operation Net Minority Interest": NaN,
        "Reconciled Depreciation": NaN,
        "Reconciled Cost Of Revenue": NaN,
        "EBITDA": NaN,
        "EBIT": NaN,
        "Net Interest Income": NaN,
        "Interest Expense": NaN,
        "Interest Income": NaN,
        "Normalized Income": NaN,
        "Net Income From Continuing And Discontinued Operation": NaN,
        "Total Expenses": NaN,
        "Total Operating Income As Reported": NaN,
        "Diluted Average Shares": NaN,
        "Basic Average Shares": NaN,
        "Diluted EPS": NaN,
        "Basic EPS": NaN,
        "Diluted NI Availto Com Stockholders": NaN,
        "Net Income Common Stockholders": NaN,
        "Net Income": NaN,
        "Net Income Including Noncontrolling Interests": NaN,
        "Net Income Continuous Operations": NaN,
        "Tax Provision": NaN,
        "Pretax Income": NaN,
        "Other Income Expense": NaN,
        "Other Non Operating Income Expenses": -900000.0,
        "Special Income Charges": NaN,
        "Restructuring And Mergern Acquisition": NaN,
        "Net Non Operating Interest Income Expense": NaN,
        "Total Other Finance Cost": NaN,
        "Interest Expense Non Operating": NaN,
        "Interest Income Non Operating": NaN,
        "Operating Income": NaN,
        "Operating Expense": NaN,
        "Selling General And Administration": NaN,
        "General And Administrative Expense": NaN,
        "Other Gand A": NaN,
        "Salaries And Wages": NaN,
        "Gross Profit": NaN,
        "Cost Of Revenue": NaN,
        "Total Revenue": NaN,
        "Operating Revenue": NaN
    },
    "2022-09-30": {
        "Tax Effect Of Unusual Items": -1912643.678161,
        "Tax Rate For Calcs": 0.183908,
        "Normalized EBITDA": 38600000.0,
        "Total Unusual Items": -10400000.0,
        "Total Unusual Items Excluding Goodwill": -10400000.0,
        "Net Income From Continuing Operation Net Minority Interest": 7100000.0,
        "Reconciled Depreciation": 15600000.0,
        "Reconciled Cost Of Revenue": 245800000.0,
        "EBITDA": 28200000.0,
        "EBIT": 12600000.0,
        "Net Interest Income": -3900000.0,
        "Interest Expense": 3900000.0,
        "Interest Income": 400000.0,
        "Normalized Income": 15587356.321839,
        "Net Income From Continuing And Discontinued Operation": 7100000.0,
        "Total Expenses": 309400000.0,
        "Total Operating Income As Reported": 11600000.0,
        "Diluted Average Shares": 157000000.0,
        "Basic Average Shares": 156300000.0,
        "Diluted EPS": 0.05,
        "Basic EPS": 0.05,
        "Diluted NI Availto Com Stockholders": 7100000.0,
        "Net Income Common Stockholders": 7100000.0,
        "Net Income": 7100000.0,
        "Net Income Including Noncontrolling Interests": 7100000.0,
        "Net Income Continuous Operations": 7100000.0,
        "Tax Provision": 1600000.0,
        "Pretax Income": 8700000.0,
        "Other Income Expense": -9400000.0,
        "Other Non Operating Income Expenses": 1000000.0,
        "Special Income Charges": -10400000.0,
        "Impairment Of Capital Assets": 6800000.0,
        "Restructuring And Mergern Acquisition": 3600000.0,
        "Net Non Operating Interest Income Expense": -3900000.0,
        "Total Other Finance Cost": 300000.0,
        "Interest Expense Non Operating": 3900000.0,
        "Interest Income Non Operating": 400000.0,
        "Operating Income": 22000000.0,
        "Operating Expense": 63600000.0,
        "Selling General And Administration": 63600000.0,
        "Gross Profit": 85600000.0,
        "Cost Of Revenue": 245800000.0,
        "Total Revenue": 331400000.0,
        "Operating Revenue": 331400000.0
    },
    "2022-06-30": {
        "Tax Effect Of Unusual Items": -126600.0,
        "Tax Rate For Calcs": 0.211,
        "Normalized EBITDA": 38400000.0,
        "Total Unusual Items": -600000.0,
        "Total Unusual Items Excluding Goodwill": -600000.0,
        "Net Income From Continuing Operation Net Minority Interest": 26500000.0,
        "Reconciled Depreciation": 14900000.0,
        "Reconciled Cost Of Revenue": 234900000.0,
        "EBITDA": 37800000.0,
        "EBIT": 37800000.0,
        "Net Interest Income": -4200000.0,
        "Interest Expense": 4200000.0,
        "Interest Income": 100000.0,
        "Normalized Income": 26973400.0,
        "Net Income From Continuing And Discontinued Operation": 26500000.0,
        "Total Expenses": 295700000.0,
        "Total Operating Income As Reported": 36900000.0,
        "Diluted Average Shares": 157600000.0,
        "Basic Average Shares": 157000000.0,
        "Diluted EPS": 0.17,
        "Basic EPS": 0.17,
        "Diluted NI Availto Com Stockholders": 26500000.0,
        "Net Income Common Stockholders": 26500000.0,
        "Net Income": 26500000.0,
        "Net Income Including Noncontrolling Interests": 26500000.0,
        "Net Income Continuous Operations": 26500000.0,
        "Tax Provision": 7100000.0,
        "Pretax Income": 33600000.0,
        "Other Income Expense": 300000.0,
        "Other Non Operating Income Expenses": 900000.0,
        "Special Income Charges": -600000.0,
        "Impairment Of Capital Assets": NaN,
        "Restructuring And Mergern Acquisition": 600000.0,
        "Net Non Operating Interest Income Expense": -4200000.0,
        "Total Other Finance Cost": 200000.0,
        "Interest Expense Non Operating": 4200000.0,
        "Interest Income Non Operating": 100000.0,
        "Operating Income": 37500000.0,
        "Operating Expense": 60800000.0,
        "Selling General And Administration": 60800000.0,
        "Gross Profit": 98300000.0,
        "Cost Of Revenue": 234900000.0,
        "Total Revenue": 333200000.0,
        "Operating Revenue": 333200000.0
    },
    "2023-06-30": {
        "Tax Effect Of Unusual Items": NaN,
        "Tax Rate For Calcs": NaN,
        "Normalized EBITDA": NaN,
        "Total Unusual Items": NaN,
        "Total Unusual Items Excluding Goodwill": NaN,
        "Net Income From Continuing Operation Net Minority Interest": NaN,
        "Reconciled Depreciation": NaN,
        "Reconciled Cost Of Revenue": NaN,
        "EBITDA": NaN,
        "EBIT": NaN,
        "Net Interest Income": NaN,
        "Interest Expense": NaN,
        "Interest Income": NaN,
        "Normalized Income": NaN,
        "Net Income From Continuing And Discontinued Operation": NaN,
        "Total Expenses": NaN,
        "Total Operating Income As Reported": NaN,
        "Diluted Average Shares": NaN,
        "Basic Average Shares": NaN,
        "Diluted EPS": NaN,
        "Basic EPS": NaN,
        "Diluted NI Availto Com Stockholders": NaN,
        "Net Income Common Stockholders": NaN,
        "Net Income": NaN,
        "Net Income Including Noncontrolling Interests": NaN,
        "Net Income Continuous Operations": NaN,
        "Tax Provision": NaN,
        "Pretax Income": NaN,
        "Other Income Expense": NaN,
        "Other Non Operating Income Expenses": -900000.0,
        "Special Income Charges": NaN,
        "Restructuring And Mergern Acquisition": NaN,
        "Net Non Operating Interest Income Expense": NaN,
        "Total Other Finance Cost": NaN,
        "Interest Expense Non Operating": NaN,
        "Interest Income Non Operating": NaN,
        "Operating Income": NaN,
        "Operating Expense": NaN,
        "Selling General And Administration": NaN,
        "General And Administrative Expense": 61500000.0,
        "Other Gand A": 60600000.0,
        "Salaries And Wages": 900000.0,
        "Gross Profit": NaN,
        "Cost Of Revenue": NaN,
        "Total Revenue": NaN,
        "Operating Revenue": NaN
    },
    "2022-03-31": {
        "Diluted EPS": 0.15,
        "Total Revenue": 311,
        "Gross Profit": 93,
        "Operating Income": 34,
        "EBIT": 49,
        "Net Income": 24
    },
    "2021-12-31": {
        "Diluted EPS": 0.12,
        "Total Revenue": 272,
        "Gross Profit": 88,
        "Operating Income": 29,
        "EBIT": 44,
        "Net Income": 19
    },
    "2021-09-30": {
        "Diluted EPS": 0.11,
        "Total Revenue": 296,
        "Gross Profit": 86,
        "Operating Income": 28,
        "EBIT": 43,
        "Net Income": 18
    },
    "2021-06-30": {
        "Diluted EPS": 0.09,
        "Total Revenue": 311,
        "Gross Profit": 105,
        "Operating Income": 43,
        "EBIT": 58,
        "Net Income": 14
    },
    "2021-03-31": {
        "Diluted EPS": 0.13,
        "Total Revenue": 268,
        "Gross Profit": 88,
        "Operating Income": 33,
        "EBIT": 48,
        "Net Income": 21
    },
    "2020-12-31": {
        "Diluted EPS": 0.11,
        "Total Revenue": 237,
        "Gross Profit": 78,
        "Operating Income": 28,
        "EBIT": 43,
        "Net Income": 17
    },
    "2020-09-30": {
        "Diluted EPS": 0.17,
        "Total Revenue": 265,
        "Gross Profit": 94,
        "Operating Income": 41,
        "EBIT": 56,
        "Net Income": 27
    },
    "2020-06-30": {
        "Diluted EPS": 0.07,
        "Total Revenue": 229,
        "Gross Profit": 76,
        "Operating Income": 20,
        "EBIT": 35,
        "Net Income": 11
    },
    "2020-03-31": {
        "Diluted EPS": 0.15,
        "Total Revenue": 258,
        "Gross Profit": 86,
        "Operating Income": 36,
        "EBIT": 50,
        "Net Income": 24
    },
    "2019-12-31": {
        "Diluted EPS": 0.06,
        "Total Revenue": 213,
        "Gross Profit": 73,
        "Operating Income": 20,
        "EBIT": 34,
        "Net Income": 10
    },
    "2019-09-30": {
        "Diluted EPS": 0.25,
        "Total Revenue": 267,
        "Gross Profit": 89,
        "Operating Income": 39,
        "EBIT": 53,
        "Net Income": 40
    },
    "2019-06-30": {
        "Diluted EPS": 0.21,
        "Total Revenue": 274,
        "Gross Profit": 97,
        "Operating Income": 47,
        "EBIT": 61,
        "Net Income": 34
    },
    "2019-03-31": {
        "Diluted EPS": 0.07,
        "Total Revenue": 234,
        "Gross Profit": 75,
        "Operating Income": 22,
        "EBIT": 36,
        "Net Income": 11
    },
    "2018-12-31": {
        "Diluted EPS": -0.13,
        "Total Revenue": 193,
        "Gross Profit": 60,
        "Operating Income": 16,
        "EBIT": 28,
        "Net Income": -21
    },
    "2018-09-30": {
        "Diluted EPS": 0.16,
        "Total Revenue": 254,
        "Gross Profit": 86,
        "Operating Income": 41,
        "EBIT": 52,
        "Net Income": 25
    },
    "2018-06-30": {
        "Diluted EPS": 0.1,
        "Total Revenue": 250,
        "Gross Profit": 75,
        "Operating Income": 31,
        "EBIT": 41,
        "Net Income": 15
    },
    "2018-03-31": {
        "Diluted EPS": 0.06,
        "Total Revenue": 233,
        "Gross Profit": 75,
        "Operating Income": 30,
        "EBIT": 41,
        "Net Income": 10
    },
    "2017-12-31": {
        "Diluted EPS": 0.34,
        "Total Revenue": 178,
        "Gross Profit": 55,
        "Operating Income": 21,
        "EBIT": 31,
        "Net Income": 55
    },
    "2017-09-30": {
        "Diluted EPS": 0.12,
        "Total Revenue": 227,
        "Gross Profit": 81,
        "Operating Income": 34,
        "EBIT": 44,
        "Net Income": 19
    },
    "2017-06-30": {
        "Diluted EPS": 0.15,
        "Total Revenue": 232,
        "Gross Profit": 83,
        "Operating Income": 43,
        "EBIT": 53,
        "Net Income": 24
    },
    "2017-03-31": {
        "Diluted EPS": 0.45,
        "Total Revenue": 200,
        "Gross Profit": 53,
        "Operating Income": 11,
        "EBIT": 22,
        "Net Income": 73
    },
    "2016-12-31": {
        "Diluted EPS": 0.04,
        "Total Revenue": 167,
        "Gross Profit": 52,
        "Operating Income": 14,
        "EBIT": 25,
        "Net Income": 7
    },
    "2016-09-30": {
        "Diluted EPS": 0.16,
        "Total Revenue": 216,
        "Gross Profit": 79,
        "Operating Income": 57,
        "EBIT": 67,
        "Net Income": 27
    },
    "2016-06-30": {
        "Diluted EPS": 0.09,
        "Total Revenue": 225,
        "Gross Profit": 83,
        "Operating Income": 23,
        "EBIT": 32,
        "Net Income": 16
    },
    "2016-03-31": {
        "Diluted EPS": 0.1,
        "Total Revenue": 197,
        "Gross Profit": 59,
        "Operating Income": 21,
        "EBIT": 31,
        "Net Income": 16
    },
    "2015-12-31": {
        "Diluted EPS": 0.04,
        "Total Revenue": 163,
        "Gross Profit": 48,
        "Operating Income": 11,
        "EBIT": 21,
        "Net Income": 6
    },
    "2015-09-30": {
        "Diluted EPS": 0.14,
        "Total Revenue": -60,
        "Gross Profit": -3,
        "Operating Income": 14,
        "EBIT": 15,
        "Net Income": 22
    },
    "2015-06-30": {
        "Diluted EPS": 0.1,
        "Total Revenue": 301,
        "Gross Profit": 96,
        "Operating Income": 32,
        "EBIT": 46,
        "Net Income": 17
    },
    "2015-03-31": {
        "Diluted EPS": 0.08,
        "Total Revenue": 290,
        "Gross Profit": 82,
        "Operating Income": 26,
        "EBIT": 40,
        "Net Income": 12
    },
    "2014-12-31": {
        "Diluted EPS": -0.13,
        "Total Revenue": 262,
        "Gross Profit": 71,
        "Operating Income": 8,
        "EBIT": 22,
        "Net Income": -20
    },
    "2014-09-30": {
        "Diluted EPS": 0.16,
        "Total Revenue": 321,
        "Gross Profit": 101,
        "Operating Income": 43,
        "EBIT": 57,
        "Net Income": 26
    },
    "2014-06-30": {
        "Diluted EPS": 0.11,
        "Total Revenue": 319,
        "Gross Profit": 97,
        "Operating Income": 42,
        "EBIT": 56,
        "Net Income": 19
    },
    "2014-03-31": {
        "Diluted EPS": 0.06,
        "Total Revenue": 288,
        "Gross Profit": 82,
        "Operating Income": 25,
        "EBIT": 39,
        "Net Income": 10
    },
    "2013-12-31": {
        "Diluted EPS": 0.01,
        "Total Revenue": 257,
        "Gross Profit": 67,
        "Operating Income": 14,
        "EBIT": 29,
        "Net Income": 1
    },
    "2013-09-30": {
        "Diluted EPS": 0.08,
        "Total Revenue": 293,
        "Gross Profit": 89,
        "Operating Income": 33,
        "EBIT": 48,
        "Net Income": 14
    },
    "2013-06-30": {
        "Diluted EPS": 0.09,
        "Total Revenue": 299,
        "Gross Profit": 90,
        "Operating Income": 33,
        "EBIT": 48,
        "Net Income": 14
    },
    "2013-03-31": {
        "Diluted EPS": 0.04,
        "Total Revenue": 283,
        "Gross Profit": 77,
        "Operating Income": 24,
        "EBIT": 39,
        "Net Income": 6
    },
    "2012-12-31": {
        "Diluted EPS": 0.04,
        "Total Revenue": 245,
        "Gross Profit": 57,
        "Operating Income": 7,
        "EBIT": 22,
        "Net Income": 7
    },
    "2012-09-30": {
        "Diluted EPS": 0.03,
        "Total Revenue": 281,
        "Gross Profit": 77,
        "Operating Income": 22,
        "EBIT": 37,
        "Net Income": 4
    },
    "2012-06-30": {
        "Diluted EPS": 0.06,
        "Total Revenue": 276,
        "Gross Profit": 80,
        "Operating Income": 26,
        "EBIT": 41,
        "Net Income": 10
    },
    "2012-03-31": {
        "Diluted EPS": -0.7,
        "Total Revenue": 252,
        "Gross Profit": 62,
        "Operating Income": 11,
        "EBIT": 26,
        "Net Income": -110
    },
    "2011-12-31": {
        "Diluted EPS": -0.08,
        "Total Revenue": 215,
        "Gross Profit": 53,
        "Operating Income": 6,
        "EBIT": 21,
        "Net Income": -12
    },
    "2011-09-30": {
        "Diluted EPS": -0.05,
        "Total Revenue": 374,
        "Gross Profit": 67,
        "Operating Income": 7,
        "EBIT": 23,
        "Net Income": -8
    },
    "2011-06-30": {
        "Diluted EPS": -0.02,
        "Total Revenue": 260,
        "Gross Profit": 73,
        "Operating Income": 25,
        "EBIT": 40,
        "Net Income": -3
    },
    "2011-03-31": {
        "Diluted EPS": -0.09,
        "Total Revenue": 236,
        "Gross Profit": 58,
        "Operating Income": 10,
        "EBIT": 21,
        "Net Income": -14
    },
    "2010-12-31": {
        "Diluted EPS": -0.08,
        "Total Revenue": 288,
        "Gross Profit": 50,
        "Operating Income": -4,
        "EBIT": 16,
        "Net Income": -12
    },
    "2010-09-30": {
        "Diluted EPS": -0.05,
        "Total Revenue": 347,
        "Gross Profit": 72,
        "Operating Income": 14,
        "EBIT": 16,
        "Net Income": -7
    },
    "2010-06-30": {
        "Diluted EPS": -0.02,
        "Total Revenue": 376,
        "Gross Profit": 71,
        "Operating Income": 13,
        "EBIT": 34,
        "Net Income": -4
    },
    "2010-03-31": {
        "Diluted EPS": -0.15,
        "Total Revenue": 302,
        "Gross Profit": 38,
        "Operating Income": -23,
        "EBIT": -2,
        "Net Income": -24
    },
    "2009-12-31": {
        "Diluted EPS": -0.07,
        "Total Revenue": 313,
        "Gross Profit": 56,
        "Operating Income": 0,
        "EBIT": 21,
        "Net Income": -11
    },
    "2009-09-30": {
        "Diluted EPS": -0.02,
        "Total Revenue": 375,
        "Gross Profit": 69,
        "Operating Income": 13,
        "EBIT": 35,
        "Net Income": -11
    },
    "2009-06-30": {
        "Diluted EPS": -0.16,
        "Total Revenue": 363,
        "Gross Profit": 58,
        "Operating Income": -9,
        "EBIT": 13,
        "Net Income": -19
    },
    "2009-03-31": {
        "Diluted EPS": -4.9,
        "Total Revenue": 322,
        "Gross Profit": 55,
        "Operating Income": -618,
        "EBIT": -594,
        "Net Income": -567
    },
    "2023-09-30": {
        "Tax Effect Of Unusual Items": NaN,
        "Tax Rate For Calcs": NaN,
        "Normalized EBITDA": NaN,
        "Total Unusual Items": NaN,
        "Total Unusual Items Excluding Goodwill": NaN,
        "Net Income From Continuing Operation Net Minority Interest": NaN,
        "Reconciled Depreciation": NaN,
        "Reconciled Cost Of Revenue": NaN,
        "EBITDA": NaN,
        "EBIT": NaN,
        "Net Interest Income": NaN,
        "Interest Expense": NaN,
        "Interest Income": 1600000.0,
        "Normalized Income": NaN,
        "Net Income From Continuing And Discontinued Operation": NaN,
        "Total Expenses": NaN,
        "Total Operating Income As Reported": NaN,
        "Diluted Average Shares": NaN,
        "Basic Average Shares": NaN,
        "Diluted EPS": NaN,
        "Basic EPS": NaN,
        "Diluted NI Availto Com Stockholders": NaN,
        "Net Income Common Stockholders": NaN,
        "Net Income": NaN,
        "Net Income Including Noncontrolling Interests": NaN,
        "Net Income Continuous Operations": NaN,
        "Tax Provision": NaN,
        "Pretax Income": NaN,
        "Other Income Expense": NaN,
        "Other Non Operating Income Expenses": -900000.0,
        "Special Income Charges": NaN,
        "Restructuring And Mergern Acquisition": NaN,
        "Net Non Operating Interest Income Expense": NaN,
        "Total Other Finance Cost": 300000.0,
        "Interest Expense Non Operating": NaN,
        "Interest Income Non Operating": 1600000.0,
        "Operating Income": NaN,
        "Operating Expense": NaN,
        "Selling General And Administration": NaN,
        "General And Administrative Expense": NaN,
        "Other Gand A": NaN,
        "Salaries And Wages": NaN,
        "Gross Profit": NaN,
        "Cost Of Revenue": NaN,
        "Total Revenue": NaN,
        "Operating Revenue": NaN
    },
    "2023-12-31": {
        "Tax Effect Of Unusual Items": NaN,
        "Tax Rate For Calcs": NaN,
        "Normalized EBITDA": NaN,
        "Total Unusual Items": NaN,
        "Total Unusual Items Excluding Goodwill": NaN,
        "Net Income From Continuing Operation Net Minority Interest": NaN,
        "Reconciled Depreciation": NaN,
        "Reconciled Cost Of Revenue": NaN,
        "EBITDA": NaN,
        "EBIT": NaN,
        "Net Interest Income": NaN,
        "Interest Expense": NaN,
        "Interest Income": NaN,
        "Normalized Income": NaN,
        "Net Income From Continuing And Discontinued Operation": NaN,
        "Total Expenses": NaN,
        "Total Operating Income As Reported": NaN,
        "Diluted Average Shares": NaN,
        "Basic Average Shares": NaN,
        "Diluted EPS": NaN,
        "Basic EPS": NaN,
        "Diluted NI Availto Com Stockholders": NaN,
        "Net Income Common Stockholders": NaN,
        "Net Income": NaN,
        "Net Income Including Noncontrolling Interests": NaN,
        "Net Income Continuous Operations": NaN,
        "Tax Provision": NaN,
        "Pretax Income": NaN,
        "Other Income Expense": NaN,
        "Other Non Operating Income Expenses": -2600000.0,
        "Special Income Charges": NaN,
        "Restructuring And Mergern Acquisition": NaN,
        "Net Non Operating Interest Income Expense": NaN,
        "Total Other Finance Cost": 300000.0,
        "Interest Expense Non Operating": NaN,
        "Interest Income Non Operating": NaN,
        "Operating Income": NaN,
        "Operating Expense": NaN,
        "Selling General And Administration": NaN,
        "General And Administrative Expense": 56900000.0,
        "Other Gand A": 56900000.0,
        "Salaries And Wages": 1000000.0,
        "Gross Profit": NaN,
        "Cost Of Revenue": NaN,
        "Total Revenue": NaN,
        "Operating Revenue": NaN
    },
    "2024-03-31": {
        "Tax Effect Of Unusual Items": NaN,
        "Tax Rate For Calcs": NaN,
        "Normalized EBITDA": NaN,
        "Total Unusual Items": NaN,
        "Total Unusual Items Excluding Goodwill": NaN,
        "Net Income From Continuing Operation Net Minority Interest": NaN,
        "Reconciled Depreciation": NaN,
        "Reconciled Cost Of Revenue": NaN,
        "EBITDA": NaN,
        "EBIT": NaN,
        "Net Interest Income": NaN,
        "Interest Expense": NaN,
        "Interest Income": NaN,
        "Normalized Income": NaN,
        "Net Income From Continuing And Discontinued Operation": NaN,
        "Total Expenses": NaN,
        "Total Operating Income As Reported": NaN,
        "Diluted Average Shares": NaN,
        "Basic Average Shares": NaN,
        "Diluted EPS": NaN,
        "Basic EPS": NaN,
        "Diluted NI Availto Com Stockholders": NaN,
        "Net Income Common Stockholders": NaN,
        "Net Income": NaN,
        "Net Income Including Noncontrolling Interests": NaN,
        "Net Income Continuous Operations": NaN,
        "Tax Provision": NaN,
        "Pretax Income": NaN,
        "Other Income Expense": NaN,
        "Other Non Operating Income Expenses": -1000000.0,
        "Special Income Charges": NaN,
        "Restructuring And Mergern Acquisition": NaN,
        "Net Non Operating Interest Income Expense": NaN,
        "Total Other Finance Cost": 200000.0,
        "Interest Expense Non Operating": NaN,
        "Interest Income Non Operating": NaN,
        "Operating Income": NaN,
        "Operating Expense": NaN,
        "Selling General And Administration": NaN,
        "General And Administrative Expense": 64700000.0,
        "Other Gand A": 63700000.0,
        "Salaries And Wages": 1000000.0,
        "Gross Profit": NaN,
        "Cost Of Revenue": NaN,
        "Total Revenue": NaN,
        "Operating Revenue": NaN
    },
    "2024-06-30": {
        "Tax Effect Of Unusual Items": NaN,
        "Tax Rate For Calcs": NaN,
        "Normalized EBITDA": NaN,
        "Total Unusual Items": NaN,
        "Total Unusual Items Excluding Goodwill": NaN,
        "Net Income From Continuing Operation Net Minority Interest": NaN,
        "Reconciled Depreciation": NaN,
        "Reconciled Cost Of Revenue": NaN,
        "EBITDA": NaN,
        "EBIT": NaN,
        "Net Interest Income": NaN,
        "Interest Expense": NaN,
        "Interest Income": NaN,
        "Normalized Income": NaN,
        "Net Income From Continuing And Discontinued Operation": NaN,
        "Total Expenses": NaN,
        "Total Operating Income As Reported": NaN,
        "Diluted Average Shares": 156700000.0,
        "Basic Average Shares": 155700000.0,
        "Diluted EPS": 0.3,
        "Basic EPS": 0.3,
        "Diluted NI Availto Com Stockholders": NaN,
        "Net Income Common Stockholders": NaN,
        "Net Income": NaN,
        "Net Income Including Noncontrolling Interests": NaN,
        "Net Income Continuous Operations": NaN,
        "Tax Provision": NaN,
        "Pretax Income": NaN,
        "Other Income Expense": NaN,
        "Other Non Operating Income Expenses": -1000000.0,
        "Special Income Charges": NaN,
        "Restructuring And Mergern Acquisition": NaN,
        "Net Non Operating Interest Income Expense": NaN,
        "Total Other Finance Cost": NaN,
        "Interest Expense Non Operating": NaN,
        "Interest Income Non Operating": NaN,
        "Operating Income": NaN,
        "Operating Expense": NaN,
        "Selling General And Administration": NaN,
        "General And Administrative Expense": 61500000.0,
        "Other Gand A": 61500000.0,
        "Salaries And Wages": 1000000.0,
        "Gross Profit": NaN,
        "Cost Of Revenue": NaN,
        "Total Revenue": NaN,
        "Operating Revenue": NaN
    },
    "2024-09-30": {
        "Tax Effect Of Unusual Items": -4074000.0,
        "Tax Rate For Calcs": 0.21,
        "Normalized EBITDA": 66700000.0,
        "Total Unusual Items": -19400000.0,
        "Total Unusual Items Excluding Goodwill": -19400000.0,
        "Net Income From Continuing Operation Net Minority Interest": 10000000.0,
        "Reconciled Depreciation": 17000000.0,
        "Reconciled Cost Of Revenue": 237300000.0,
        "EBITDA": 47300000.0,
        "EBIT": 30300000.0,
        "Net Interest Income": -3000000.0,
        "Interest Expense": 5900000.0,
        "Interest Income": 3200000.0,
        "Normalized Income": 25326000.0,
        "Net Income From Continuing And Discontinued Operation": 10000000.0,
        "Total Expenses": 300400000.0,
        "Total Operating Income As Reported": 28400000.0,
        "Diluted Average Shares": 157500000.0,
        "Basic Average Shares": 156000000.0,
        "Diluted EPS": 0.06,
        "Basic EPS": 0.06,
        "Diluted NI Availto Com Stockholders": 10000000.0,
        "Net Income Common Stockholders": 10000000.0,
        "Net Income": 10000000.0,
        "Net Income Including Noncontrolling Interests": 10000000.0,
        "Net Income Continuous Operations": 10000000.0,
        "Tax Provision": 14400000.0,
        "Pretax Income": 24400000.0,
        "Other Income Expense": -20400000.0,
        "Other Non Operating Income Expenses": -1000000.0,
        "Special Income Charges": -19400000.0,
        "Restructuring And Mergern Acquisition": 3100000.0,
        "Net Non Operating Interest Income Expense": -3000000.0,
        "Total Other Finance Cost": 300000.0,
        "Interest Expense Non Operating": 5900000.0,
        "Interest Income Non Operating": 3200000.0,
        "Operating Income": 47800000.0,
        "Operating Expense": 63100000.0,
        "Selling General And Administration": 63100000.0,
        "General And Administrative Expense": NaN,
        "Other Gand A": NaN,
        "Salaries And Wages": NaN,
        "Gross Profit": 110900000.0,
        "Cost Of Revenue": 237300000.0,
        "Total Revenue": 348200000.0,
        "Operating Revenue": 348200000.0
    },
    "2024-12-31": {
        "Tax Effect Of Unusual Items": -389300.0,
        "Tax Rate For Calcs": 0.229,
        "Normalized EBITDA": 63300000.0,
        "Total Unusual Items": -1700000.0,
        "Total Unusual Items Excluding Goodwill": -1700000.0,
        "Net Income From Continuing Operation Net Minority Interest": 35300000.0,
        "Reconciled Depreciation": 11100000.0,
        "Reconciled Cost Of Revenue": 201300000.0,
        "EBITDA": 61600000.0,
        "EBIT": 50500000.0,
        "Net Interest Income": -1600000.0,
        "Interest Expense": 4700000.0,
        "Interest Income": 3400000.0,
        "Normalized Income": 36610700.0,
        "Net Income From Continuing And Discontinued Operation": 35300000.0,
        "Total Expenses": 255200000.0,
        "Total Operating Income As Reported": 47400000.0,
        "Diluted Average Shares": 157500000.0,
        "Basic Average Shares": 156300000.0,
        "Diluted EPS": 0.22,
        "Basic EPS": 0.23,
        "Diluted NI Availto Com Stockholders": 35300000.0,
        "Net Income Common Stockholders": 35300000.0,
        "Net Income": 35300000.0,
        "Net Income Including Noncontrolling Interests": 35300000.0,
        "Net Income Continuous Operations": 35300000.0,
        "Tax Provision": 10500000.0,
        "Pretax Income": 45800000.0,
        "Other Income Expense": -1700000.0,
        "Other Non Operating Income Expenses": NaN,
        "Special Income Charges": -1700000.0,
        "Restructuring And Mergern Acquisition": 1700000.0,
        "Net Non Operating Interest Income Expense": -1600000.0,
        "Total Other Finance Cost": 300000.0,
        "Interest Expense Non Operating": 4700000.0,
        "Interest Income Non Operating": 3400000.0,
        "Operating Income": 49100000.0,
        "Operating Expense": 53900000.0,
        "Selling General And Administration": 53900000.0,
        "General And Administrative Expense": 53900000.0,
        "Other Gand A": 53900000.0,
        "Salaries And Wages": NaN,
        "Gross Profit": 103000000.0,
        "Cost Of Revenue": 201300000.0,
        "Total Revenue": 304300000.0,
        "Operating Revenue": 304300000.0
    },
    "2025-03-31": {
        "Tax Effect Of Unusual Items": -580800.0,
        "Tax Rate For Calcs": 0.242,
        "Normalized EBITDA": 86300000.0,
        "Total Unusual Items": -2400000.0,
        "Total Unusual Items Excluding Goodwill": -2400000.0,
        "Net Income From Continuing Operation Net Minority Interest": 51300000.0,
        "Reconciled Depreciation": 11300000.0,
        "Reconciled Cost Of Revenue": 236300000.0,
        "EBITDA": 83900000.0,
        "EBIT": 72600000.0,
        "Net Interest Income": -2300000.0,
        "Interest Expense": 4900000.0,
        "Interest Income": 2800000.0,
        "Normalized Income": 53119200.0,
        "Net Income From Continuing And Discontinued Operation": 51300000.0,
        "Total Expenses": 292000000.0,
        "Total Operating Income As Reported": 69900000.0,
        "Diluted Average Shares": 157500000.0,
        "Basic Average Shares": 156600000.0,
        "Diluted EPS": 0.33,
        "Basic EPS": 0.33,
        "Diluted NI Availto Com Stockholders": 51300000.0,
        "Net Income Common Stockholders": 51300000.0,
        "Net Income": 51300000.0,
        "Net Income Including Noncontrolling Interests": 51300000.0,
        "Net Income Continuous Operations": 51300000.0,
        "Tax Provision": 16400000.0,
        "Pretax Income": 67700000.0,
        "Other Income Expense": -2300000.0,
        "Other Non Operating Income Expenses": 100000.0,
        "Special Income Charges": -2400000.0,
        "Restructuring And Mergern Acquisition": 2400000.0,
        "Net Non Operating Interest Income Expense": -2300000.0,
        "Total Other Finance Cost": 200000.0,
        "Interest Expense Non Operating": 4900000.0,
        "Interest Income Non Operating": 2800000.0,
        "Operating Income": 72300000.0,
        "Operating Expense": 55700000.0,
        "Selling General And Administration": 55700000.0,
        "General And Administrative Expense": NaN,
        "Other Gand A": NaN,
        "Salaries And Wages": NaN,
        "Gross Profit": 128000000.0,
        "Cost Of Revenue": 236300000.0,
        "Total Revenue": 364300000.0,
        "Operating Revenue": 364300000.0
    },
    "2025-06-30": {
        "Tax Effect Of Unusual Items": -270833.333333,
        "Tax Rate For Calcs": 0.270833,
        "Normalized EBITDA": 89500000.0,
        "Total Unusual Items": -1000000.0,
        "Total Unusual Items Excluding Goodwill": -1000000.0,
        "Net Income From Continuing Operation Net Minority Interest": 52500000.0,
        "Reconciled Depreciation": 11700000.0,
        "Reconciled Cost Of Revenue": 234600000.0,
        "EBITDA": 88500000.0,
        "EBIT": 76800000.0,
        "Net Interest Income": -1700000.0,
        "Interest Expense": 4800000.0,
        "Interest Income": 3100000.0,
        "Normalized Income": 53229166.666667,
        "Net Income From Continuing And Discontinued Operation": 52500000.0,
        "Total Expenses": 305600000.0,
        "Total Operating Income As Reported": 73700000.0,
        "Diluted Average Shares": 157400000.0,
        "Basic Average Shares": 156500000.0,
        "Diluted EPS": 0.33,
        "Basic EPS": 0.34,
        "Diluted NI Availto Com Stockholders": 52500000.0,
        "Net Income Common Stockholders": 52500000.0,
        "Net Income": 52500000.0,
        "Net Income Including Noncontrolling Interests": 52500000.0,
        "Net Income Continuous Operations": 52500000.0,
        "Tax Provision": 19500000.0,
        "Pretax Income": 72000000.0,
        "Other Income Expense": -1000000.0,
        "Other Non Operating Income Expenses": NaN,
        "Special Income Charges": -1000000.0,
        "Restructuring And Mergern Acquisition": 1000000.0,
        "Net Non Operating Interest Income Expense": -1700000.0,
        "Total Other Finance Cost": NaN,
        "Interest Expense Non Operating": 4800000.0,
        "Interest Income Non Operating": 3100000.0,
        "Operating Income": 74700000.0,
        "Operating Expense": 71000000.0,
        "Selling General And Administration": 71000000.0,
        "General And Administrative Expense": 71000000.0,
        "Other Gand A": 71000000.0,
        "Salaries And Wages": NaN,
        "Gross Profit": 145700000.0,
        "Cost Of Revenue": 234600000.0,
        "Total Revenue": 380300000.0,
        "Operating Revenue": 380300000.0
    },
    "2025-09-30": {
        "Tax Effect Of Unusual Items": -867103.347889,
        "Tax Rate For Calcs": 0.234352,
        "Normalized EBITDA": 89900000.0,
        "Total Unusual Items": -3700000.0,
        "Total Unusual Items Excluding Goodwill": -3700000.0,
        "Net Income From Continuing Operation Net Minority Interest": 52600000.0,
        "Reconciled Depreciation": 12800000.0,
        "Reconciled Cost Of Revenue": 240800000.0,
        "EBITDA": 86200000.0,
        "EBIT": 73400000.0,
        "Net Interest Income": -1600000.0,
        "Interest Expense": 4700000.0,
        "Interest Income": 4100000.0,
        "Normalized Income": 55432896.652111,
        "Net Income From Continuing And Discontinued Operation": 52600000.0,
        "Total Expenses": 307500000.0,
        "Total Operating Income As Reported": 69600000.0,
        "Diluted Average Shares": NaN,
        "Basic Average Shares": NaN,
        "Diluted EPS": NaN,
        "Basic EPS": NaN,
        "Diluted NI Availto Com Stockholders": 52600000.0,
        "Net Income Common Stockholders": 52600000.0,
        "Net Income": 52600000.0,
        "Net Income Including Noncontrolling Interests": 52600000.0,
        "Net Income Continuous Operations": 52600000.0,
        "Tax Provision": 16100000.0,
        "Pretax Income": 68700000.0,
        "Other Income Expense": -3600000.0,
        "Other Non Operating Income Expenses": 100000.0,
        "Special Income Charges": -3700000.0,
        "Restructuring And Mergern Acquisition": 3700000.0,
        "Net Non Operating Interest Income Expense": -1600000.0,
        "Total Other Finance Cost": NaN,
        "Interest Expense Non Operating": 4700000.0,
        "Interest Income Non Operating": 4100000.0,
        "Operating Income": 73300000.0,
        "Operating Expense": 66700000.0,
        "Selling General And Administration": 66700000.0,
        "General And Administrative Expense": NaN,
        "Other Gand A": NaN,
        "Salaries And Wages": NaN,
        "Gross Profit": 140000000.0,
        "Cost Of Revenue": 240800000.0,
        "Total Revenue": 380800000.0,
        "Operating Revenue": 380800000.0
    }
}