{
    "2023-06-30": {
        "Tax Effect Of Unusual Items": NaN,
        "Tax Rate For Calcs": NaN,
        "Normalized EBITDA": NaN,
        "Total Unusual Items": NaN,
        "Total Unusual Items Excluding Goodwill": NaN,
        "Net Income From Continuing Operation Net Minority Interest": NaN,
        "Reconciled Depreciation": NaN,
        "Reconciled Cost Of Revenue": NaN,
        "EBITDA": NaN,
        "EBIT": NaN,
        "Net Interest Income": NaN,
        "Interest Expense": NaN,
        "Interest Income": NaN,
        "Normalized Income": NaN,
        "Net Income From Continuing And Discontinued Operation": NaN,
        "Total Expenses": NaN,
        "Total Operating Income As Reported": NaN,
        "Diluted Average Shares": NaN,
        "Basic Average Shares": NaN,
        "Diluted EPS": NaN,
        "Basic EPS": NaN,
        "Diluted NI Availto Com Stockholders": NaN,
        "Net Income Common Stockholders": NaN,
        "Net Income": NaN,
        "Net Income Including Noncontrolling Interests": NaN,
        "Net Income Continuous Operations": NaN,
        "Tax Provision": NaN,
        "Pretax Income": NaN,
        "Other Income Expense": NaN,
        "Other Non Operating Income Expenses": NaN,
        "Special Income Charges": NaN,
        "Write Off": NaN,
        "Impairment Of Capital Assets": 0.0,
        "Restructuring And Mergern Acquisition": NaN,
        "Net Non Operating Interest Income Expense": NaN,
        "Interest Expense Non Operating": NaN,
        "Interest Income Non Operating": NaN,
        "Operating Income": NaN,
        "Operating Expense": NaN,
        "Research And Development": NaN,
        "Selling General And Administration": NaN,
        "Gross Profit": NaN,
        "Cost Of Revenue": NaN,
        "Total Revenue": NaN,
        "Operating Revenue": NaN
    },
    "2023-03-31": {
        "Tax Effect Of Unusual Items": NaN,
        "Tax Rate For Calcs": NaN,
        "Normalized EBITDA": NaN,
        "Total Unusual Items": NaN,
        "Total Unusual Items Excluding Goodwill": NaN,
        "Net Income From Continuing Operation Net Minority Interest": NaN,
        "Reconciled Depreciation": NaN,
        "Reconciled Cost Of Revenue": NaN,
        "EBITDA": NaN,
        "EBIT": NaN,
        "Net Interest Income": NaN,
        "Interest Expense": NaN,
        "Interest Income": NaN,
        "Normalized Income": NaN,
        "Net Income From Continuing And Discontinued Operation": NaN,
        "Total Expenses": NaN,
        "Total Operating Income As Reported": NaN,
        "Diluted Average Shares": 81338000.0,
        "Basic Average Shares": 79471000.0,
        "Diluted EPS": 0.12,
        "Basic EPS": 0.12,
        "Diluted NI Availto Com Stockholders": NaN,
        "Net Income Common Stockholders": NaN,
        "Net Income": NaN,
        "Net Income Including Noncontrolling Interests": NaN,
        "Net Income Continuous Operations": NaN,
        "Tax Provision": NaN,
        "Pretax Income": NaN,
        "Other Income Expense": NaN,
        "Other Non Operating Income Expenses": NaN,
        "Special Income Charges": NaN,
        "Impairment Of Capital Assets": NaN,
        "Restructuring And Mergern Acquisition": NaN,
        "Net Non Operating Interest Income Expense": NaN,
        "Interest Expense Non Operating": NaN,
        "Interest Income Non Operating": NaN,
        "Operating Income": NaN,
        "Operating Expense": NaN,
        "Research And Development": NaN,
        "Selling General And Administration": NaN,
        "Gross Profit": NaN,
        "Cost Of Revenue": NaN,
        "Total Revenue": NaN,
        "Operating Revenue": NaN
    },
    "2022-12-31": {
        "Tax Effect Of Unusual Items": NaN,
        "Tax Rate For Calcs": NaN,
        "Normalized EBITDA": NaN,
        "Total Unusual Items": NaN,
        "Total Unusual Items Excluding Goodwill": NaN,
        "Net Income From Continuing Operation Net Minority Interest": NaN,
        "Reconciled Depreciation": NaN,
        "Reconciled Cost Of Revenue": NaN,
        "EBITDA": NaN,
        "EBIT": NaN,
        "Net Interest Income": NaN,
        "Interest Expense": NaN,
        "Interest Income": NaN,
        "Normalized Income": NaN,
        "Net Income From Continuing And Discontinued Operation": NaN,
        "Total Expenses": NaN,
        "Total Operating Income As Reported": NaN,
        "Diluted Average Shares": 82406000.0,
        "Basic Average Shares": 78649000.0,
        "Diluted EPS": 0.38,
        "Basic EPS": 0.4,
        "Diluted NI Availto Com Stockholders": NaN,
        "Net Income Common Stockholders": NaN,
        "Net Income": NaN,
        "Net Income Including Noncontrolling Interests": NaN,
        "Net Income Continuous Operations": NaN,
        "Tax Provision": NaN,
        "Pretax Income": NaN,
        "Other Income Expense": NaN,
        "Other Non Operating Income Expenses": NaN,
        "Special Income Charges": NaN,
        "Impairment Of Capital Assets": NaN,
        "Restructuring And Mergern Acquisition": NaN,
        "Net Non Operating Interest Income Expense": NaN,
        "Interest Expense Non Operating": NaN,
        "Interest Income Non Operating": NaN,
        "Operating Income": NaN,
        "Operating Expense": NaN,
        "Research And Development": NaN,
        "Selling General And Administration": NaN,
        "Gross Profit": NaN,
        "Cost Of Revenue": NaN,
        "Total Revenue": NaN,
        "Operating Revenue": NaN
    },
    "2022-09-30": {
        "Tax Effect Of Unusual Items": -229030.048886,
        "Tax Rate For Calcs": 0.362964,
        "Normalized EBITDA": 66393000.0,
        "Total Unusual Items": -631000.0,
        "Total Unusual Items Excluding Goodwill": -631000.0,
        "Net Income From Continuing Operation Net Minority Interest": 28408000.0,
        "Reconciled Depreciation": 18457000.0,
        "Reconciled Cost Of Revenue": 118242000.0,
        "EBITDA": 65762000.0,
        "EBIT": 47305000.0,
        "Net Interest Income": -2649000.0,
        "Interest Expense": 2711000.0,
        "Interest Income": 62000.0,
        "Normalized Income": 28809969.951114,
        "Net Income From Continuing And Discontinued Operation": 28408000.0,
        "Total Expenses": 233151000.0,
        "Total Operating Income As Reported": 51948000.0,
        "Diluted Average Shares": 80060000.0,
        "Basic Average Shares": 78436000.0,
        "Diluted EPS": 0.35,
        "Basic EPS": 0.36,
        "Diluted NI Availto Com Stockholders": 28408000.0,
        "Net Income Common Stockholders": 28408000.0,
        "Net Income": 28408000.0,
        "Net Income Including Noncontrolling Interests": 28408000.0,
        "Net Income Continuous Operations": 28408000.0,
        "Tax Provision": 16186000.0,
        "Pretax Income": 44594000.0,
        "Other Income Expense": -5336000.0,
        "Other Non Operating Income Expenses": -4705000.0,
        "Special Income Charges": -631000.0,
        "Impairment Of Capital Assets": NaN,
        "Restructuring And Mergern Acquisition": 631000.0,
        "Net Non Operating Interest Income Expense": -2649000.0,
        "Interest Expense Non Operating": 2711000.0,
        "Interest Income Non Operating": 62000.0,
        "Operating Income": 52579000.0,
        "Operating Expense": 114909000.0,
        "Research And Development": 76437000.0,
        "Selling General And Administration": 38472000.0,
        "Gross Profit": 167488000.0,
        "Cost Of Revenue": 118242000.0,
        "Total Revenue": 285730000.0,
        "Operating Revenue": 285730000.0
    },
    "2022-06-30": {
        "Tax Effect Of Unusual Items": -125224.208702,
        "Tax Rate For Calcs": 0.271048,
        "Normalized EBITDA": 66299000.0,
        "Total Unusual Items": -462000.0,
        "Total Unusual Items Excluding Goodwill": -462000.0,
        "Net Income From Continuing Operation Net Minority Interest": 31966000.0,
        "Reconciled Depreciation": 19569000.0,
        "Reconciled Cost Of Revenue": 115658000.0,
        "EBITDA": 65837000.0,
        "EBIT": 46268000.0,
        "Net Interest Income": -2334000.0,
        "Interest Expense": 2416000.0,
        "Interest Income": 82000.0,
        "Normalized Income": 32302775.791298,
        "Net Income From Continuing And Discontinued Operation": 31966000.0,
        "Total Expenses": 240540000.0,
        "Total Operating Income As Reported": 39007000.0,
        "Diluted Average Shares": 80279000.0,
        "Basic Average Shares": 77858000.0,
        "Diluted EPS": 0.4,
        "Basic EPS": 0.41,
        "Diluted NI Availto Com Stockholders": 31966000.0,
        "Net Income Common Stockholders": 31966000.0,
        "Net Income": 31966000.0,
        "Net Income Including Noncontrolling Interests": 31966000.0,
        "Net Income Continuous Operations": 31966000.0,
        "Tax Provision": 11886000.0,
        "Pretax Income": 43852000.0,
        "Other Income Expense": 6717000.0,
        "Other Non Operating Income Expenses": 7179000.0,
        "Special Income Charges": -462000.0,
        "Impairment Of Capital Assets": NaN,
        "Restructuring And Mergern Acquisition": 462000.0,
        "Net Non Operating Interest Income Expense": -2334000.0,
        "Interest Expense Non Operating": 2416000.0,
        "Interest Income Non Operating": 82000.0,
        "Operating Income": 39469000.0,
        "Operating Expense": 124882000.0,
        "Research And Development": 80395000.0,
        "Selling General And Administration": 44487000.0,
        "Gross Profit": 164351000.0,
        "Cost Of Revenue": 115658000.0,
        "Total Revenue": 280009000.0,
        "Operating Revenue": 280009000.0
    },
    "2022-03-31": {
        "Diluted EPS": 0.42,
        "Total Revenue": 264,
        "Gross Profit": 155,
        "Operating Income": 48,
        "EBIT": 72,
        "Net Income": 34
    },
    "2021-12-31": {
        "Diluted EPS": 0.35,
        "Total Revenue": 248,
        "Gross Profit": 142,
        "Operating Income": 29,
        "EBIT": 54,
        "Net Income": 28
    },
    "2021-09-30": {
        "Diluted EPS": 0.12,
        "Total Revenue": 230,
        "Gross Profit": 130,
        "Operating Income": 24,
        "EBIT": 47,
        "Net Income": 9
    },
    "2021-06-30": {
        "Diluted EPS": 0.01,
        "Total Revenue": 205,
        "Gross Profit": 113,
        "Operating Income": 2,
        "EBIT": 25,
        "Net Income": 1
    },
    "2021-03-31": {
        "Diluted EPS": 0.05,
        "Total Revenue": 209,
        "Gross Profit": 112,
        "Operating Income": 10,
        "EBIT": 33,
        "Net Income": 4
    },
    "2020-12-31": {
        "Diluted EPS": -0.34,
        "Total Revenue": 195,
        "Gross Profit": 83,
        "Operating Income": -24,
        "EBIT": 0,
        "Net Income": -25
    },
    "2020-09-30": {
        "Diluted EPS": -0.5,
        "Total Revenue": 157,
        "Gross Profit": 66,
        "Operating Income": -35,
        "EBIT": -13,
        "Net Income": -37
    },
    "2020-06-30": {
        "Diluted EPS": -0.3,
        "Total Revenue": 65,
        "Gross Profit": 33,
        "Operating Income": -23,
        "EBIT": -6,
        "Net Income": -22
    },
    "2020-03-31": {
        "Diluted EPS": -0.21,
        "Total Revenue": 62,
        "Gross Profit": 31,
        "Operating Income": -20,
        "EBIT": -3,
        "Net Income": -15
    },
    "2019-12-31": {
        "Diluted EPS": -0.11,
        "Total Revenue": 70,
        "Gross Profit": 37,
        "Operating Income": -8,
        "EBIT": 9,
        "Net Income": -8
    },
    "2019-09-30": {
        "Diluted EPS": -0.07,
        "Total Revenue": 80,
        "Gross Profit": 42,
        "Operating Income": -3,
        "EBIT": 13,
        "Net Income": -5
    },
    "2019-06-30": {
        "Diluted EPS": -0.03,
        "Total Revenue": 83,
        "Gross Profit": 44,
        "Operating Income": -3,
        "EBIT": 14,
        "Net Income": -2
    },
    "2019-03-31": {
        "Diluted EPS": -0.07,
        "Total Revenue": 85,
        "Gross Profit": 45,
        "Operating Income": -8,
        "EBIT": 9,
        "Net Income": -5
    },
    "2018-12-31": {
        "Diluted EPS": 0.0,
        "Total Revenue": 88,
        "Gross Profit": 46,
        "Operating Income": -11,
        "EBIT": 9,
        "Net Income": 0
    },
    "2018-09-30": {
        "Diluted EPS": -0.2,
        "Total Revenue": 85,
        "Gross Profit": 44,
        "Operating Income": -13,
        "EBIT": 7,
        "Net Income": -14
    },
    "2018-06-30": {
        "Diluted EPS": -0.21,
        "Total Revenue": 102,
        "Gross Profit": 56,
        "Operating Income": 0,
        "EBIT": 20,
        "Net Income": -14
    },
    "2018-03-31": {
        "Diluted EPS": 0.03,
        "Total Revenue": 111,
        "Gross Profit": 63,
        "Operating Income": 4,
        "EBIT": 25,
        "Net Income": 2
    },
    "2017-12-31": {
        "Diluted EPS": -0.28,
        "Total Revenue": 114,
        "Gross Profit": 52,
        "Operating Income": -6,
        "EBIT": 25,
        "Net Income": -19
    },
    "2017-09-30": {
        "Diluted EPS": -0.14,
        "Total Revenue": 114,
        "Gross Profit": 52,
        "Operating Income": -11,
        "EBIT": 21,
        "Net Income": -9
    },
    "2017-06-30": {
        "Diluted EPS": 0.16,
        "Total Revenue": 104,
        "Gross Profit": 51,
        "Operating Income": -16,
        "EBIT": 8,
        "Net Income": 11
    },
    "2017-03-31": {
        "Diluted EPS": 0.12,
        "Total Revenue": 89,
        "Gross Profit": 53,
        "Operating Income": 10,
        "EBIT": 17,
        "Net Income": 8
    },
    "2016-12-31": {
        "Diluted EPS": 0.13,
        "Total Revenue": 87,
        "Gross Profit": 50,
        "Operating Income": 8,
        "EBIT": 19,
        "Net Income": 8
    },
    "2016-09-30": {
        "Diluted EPS": 0.14,
        "Total Revenue": 96,
        "Gross Profit": 56,
        "Operating Income": 11,
        "EBIT": 22,
        "Net Income": 10
    },
    "2016-06-30": {
        "Diluted EPS": 0.33,
        "Total Revenue": 102,
        "Gross Profit": 63,
        "Operating Income": 22,
        "EBIT": 27,
        "Net Income": 23
    },
    "2016-03-31": {
        "Diluted EPS": 0.31,
        "Total Revenue": 103,
        "Gross Profit": 61,
        "Operating Income": 22,
        "EBIT": 28,
        "Net Income": 21
    },
    "2015-12-31": {
        "Diluted EPS": -0.12,
        "Total Revenue": 99,
        "Gross Profit": 56,
        "Operating Income": -9,
        "EBIT": 1,
        "Net Income": -9
    },
    "2015-09-30": {
        "Diluted EPS": 0.03,
        "Total Revenue": 95,
        "Gross Profit": 51,
        "Operating Income": 2,
        "EBIT": 20,
        "Net Income": 2
    },
    "2015-06-30": {
        "Diluted EPS": -0.58,
        "Total Revenue": 71,
        "Gross Profit": 27,
        "Operating Income": -32,
        "EBIT": -6,
        "Net Income": -31
    },
    "2015-03-31": {
        "Diluted EPS": -0.12,
        "Total Revenue": 35,
        "Gross Profit": 22,
        "Operating Income": -5,
        "EBIT": -3,
        "Net Income": -5
    },
    "2014-12-31": {
        "Diluted EPS": -0.06,
        "Total Revenue": 32,
        "Gross Profit": 20,
        "Operating Income": -5,
        "EBIT": -3,
        "Net Income": -2
    },
    "2014-09-30": {
        "Diluted EPS": -0.09,
        "Total Revenue": 33,
        "Gross Profit": 20,
        "Operating Income": -3,
        "EBIT": -2,
        "Net Income": -3
    },
    "2014-06-30": {
        "Diluted EPS": -0.02,
        "Total Revenue": 36,
        "Gross Profit": 22,
        "Operating Income": 0,
        "EBIT": 1,
        "Net Income": -1
    },
    "2014-03-31": {
        "Diluted EPS": -0.02,
        "Total Revenue": 33,
        "Gross Profit": 20,
        "Operating Income": -1,
        "EBIT": 1,
        "Net Income": -1
    },
    "2013-12-31": {
        "Diluted EPS": -0.07,
        "Total Revenue": 32,
        "Gross Profit": 19,
        "Operating Income": -3,
        "EBIT": -2,
        "Net Income": -3
    },
    "2013-09-30": {
        "Diluted EPS": -0.14,
        "Total Revenue": 32,
        "Gross Profit": 20,
        "Operating Income": -5,
        "EBIT": -4,
        "Net Income": -5
    },
    "2013-06-30": {
        "Diluted EPS": -0.09,
        "Total Revenue": 30,
        "Gross Profit": 17,
        "Operating Income": -3,
        "EBIT": -1,
        "Net Income": -3
    },
    "2013-03-31": {
        "Diluted EPS": -0.07,
        "Total Revenue": 27,
        "Gross Profit": 17,
        "Operating Income": -2,
        "EBIT": -1,
        "Net Income": -2
    },
    "2012-12-31": {
        "Diluted EPS": -0.13,
        "Total Revenue": 25,
        "Gross Profit": 16,
        "Operating Income": -5,
        "EBIT": -3,
        "Net Income": -5
    },
    "2012-09-30": {
        "Diluted EPS": 0.01,
        "Total Revenue": 28,
        "Gross Profit": 17,
        "Operating Income": 0,
        "EBIT": 2,
        "Net Income": 0
    },
    "2012-06-30": {
        "Diluted EPS": -0.08,
        "Total Revenue": 24,
        "Gross Profit": 15,
        "Operating Income": -2,
        "EBIT": -1,
        "Net Income": -3
    },
    "2012-03-31": {
        "Diluted EPS": -0.2,
        "Total Revenue": 21,
        "Gross Profit": 12,
        "Operating Income": -6,
        "EBIT": -5,
        "Net Income": -7
    },
    "2011-12-31": {
        "Diluted EPS": -0.14,
        "Total Revenue": 19,
        "Gross Profit": 12,
        "Operating Income": -4,
        "EBIT": -3,
        "Net Income": -5
    },
    "2011-09-30": {
        "Diluted EPS": -0.35,
        "Total Revenue": 18,
        "Gross Profit": 11,
        "Operating Income": -3,
        "EBIT": -2,
        "Net Income": -11
    },
    "2011-06-30": {
        "Diluted EPS": -0.15,
        "Total Revenue": 18,
        "Gross Profit": 11,
        "Operating Income": -6,
        "EBIT": -5,
        "Net Income": -5
    },
    "2011-03-31": {
        "Diluted EPS": -0.04,
        "Total Revenue": 17,
        "Gross Profit": 11,
        "Operating Income": -2,
        "EBIT": -1,
        "Net Income": -1
    },
    "2010-12-31": {
        "Diluted EPS": 0.2,
        "Total Revenue": 16,
        "Gross Profit": 10,
        "Operating Income": -1,
        "EBIT": 0,
        "Net Income": 6
    },
    "2010-09-30": {
        "Diluted EPS": 0.04,
        "Total Revenue": 19,
        "Gross Profit": 13,
        "Operating Income": 2,
        "EBIT": 3,
        "Net Income": 1
    },
    "2010-06-30": {
        "Diluted EPS": 0.05,
        "Total Revenue": 18,
        "Gross Profit": 13,
        "Operating Income": 2,
        "EBIT": 2,
        "Net Income": 2
    },
    "2010-03-31": {
        "Diluted EPS": 0.01,
        "Total Revenue": 16,
        "Gross Profit": 11,
        "Operating Income": 1,
        "EBIT": 2,
        "Net Income": 0
    },
    "2009-12-31": {
        "Diluted EPS": 0.05,
        "Total Revenue": 15,
        "Gross Profit": 11,
        "Operating Income": 2,
        "EBIT": 2,
        "Net Income": 2
    },
    "2009-09-30": {
        "Diluted EPS": 0.0,
        "Total Revenue": 16,
        "Gross Profit": 11,
        "Operating Income": 2,
        "EBIT": 3,
        "Net Income": 0
    },
    "2009-06-30": {
        "Diluted EPS": 0.0,
        "Total Revenue": 11,
        "Gross Profit": 7,
        "Operating Income": 0,
        "EBIT": 0,
        "Net Income": 0
    },
    "2009-03-31": {
        "Diluted EPS": 0.0,
        "Total Revenue": 9,
        "Gross Profit": 6,
        "Operating Income": 0,
        "EBIT": 0,
        "Net Income": 0
    },
    "2023-09-30": {
        "Tax Effect Of Unusual Items": NaN,
        "Tax Rate For Calcs": NaN,
        "Normalized EBITDA": NaN,
        "Total Unusual Items": NaN,
        "Total Unusual Items Excluding Goodwill": NaN,
        "Net Income From Continuing Operation Net Minority Interest": NaN,
        "Reconciled Depreciation": NaN,
        "Reconciled Cost Of Revenue": NaN,
        "EBITDA": NaN,
        "EBIT": NaN,
        "Net Interest Income": NaN,
        "Interest Expense": NaN,
        "Interest Income": NaN,
        "Normalized Income": NaN,
        "Net Income From Continuing And Discontinued Operation": NaN,
        "Total Expenses": NaN,
        "Total Operating Income As Reported": NaN,
        "Diluted Average Shares": NaN,
        "Basic Average Shares": NaN,
        "Diluted EPS": NaN,
        "Basic EPS": NaN,
        "Diluted NI Availto Com Stockholders": NaN,
        "Net Income Common Stockholders": NaN,
        "Net Income": NaN,
        "Net Income Including Noncontrolling Interests": NaN,
        "Net Income Continuous Operations": NaN,
        "Tax Provision": NaN,
        "Pretax Income": NaN,
        "Other Income Expense": NaN,
        "Other Non Operating Income Expenses": NaN,
        "Special Income Charges": NaN,
        "Other Special Charges": NaN,
        "Write Off": NaN,
        "Impairment Of Capital Assets": 0.0,
        "Restructuring And Mergern Acquisition": NaN,
        "Net Non Operating Interest Income Expense": NaN,
        "Interest Expense Non Operating": NaN,
        "Interest Income Non Operating": NaN,
        "Operating Income": NaN,
        "Operating Expense": NaN,
        "Research And Development": NaN,
        "Selling General And Administration": NaN,
        "Gross Profit": NaN,
        "Cost Of Revenue": NaN,
        "Total Revenue": NaN,
        "Operating Revenue": NaN
    },
    "2023-12-31": {
        "Tax Effect Of Unusual Items": NaN,
        "Tax Rate For Calcs": NaN,
        "Normalized EBITDA": NaN,
        "Total Unusual Items": NaN,
        "Total Unusual Items Excluding Goodwill": NaN,
        "Net Income From Continuing Operation Net Minority Interest": NaN,
        "Reconciled Depreciation": NaN,
        "Reconciled Cost Of Revenue": NaN,
        "EBITDA": NaN,
        "EBIT": NaN,
        "Net Interest Income": NaN,
        "Interest Expense": NaN,
        "Interest Income": NaN,
        "Normalized Income": NaN,
        "Net Income From Continuing And Discontinued Operation": NaN,
        "Total Expenses": NaN,
        "Total Operating Income As Reported": NaN,
        "Diluted Average Shares": NaN,
        "Basic Average Shares": NaN,
        "Diluted EPS": NaN,
        "Basic EPS": NaN,
        "Diluted NI Availto Com Stockholders": NaN,
        "Net Income Common Stockholders": NaN,
        "Net Income": NaN,
        "Net Income Including Noncontrolling Interests": NaN,
        "Net Income Continuous Operations": NaN,
        "Tax Provision": NaN,
        "Pretax Income": NaN,
        "Other Income Expense": NaN,
        "Other Non Operating Income Expenses": NaN,
        "Special Income Charges": NaN,
        "Other Special Charges": NaN,
        "Write Off": 0.0,
        "Impairment Of Capital Assets": 0.0,
        "Restructuring And Mergern Acquisition": NaN,
        "Net Non Operating Interest Income Expense": NaN,
        "Interest Expense Non Operating": NaN,
        "Interest Income Non Operating": NaN,
        "Operating Income": NaN,
        "Operating Expense": NaN,
        "Research And Development": NaN,
        "Selling General And Administration": NaN,
        "Gross Profit": NaN,
        "Cost Of Revenue": NaN,
        "Total Revenue": NaN,
        "Operating Revenue": NaN
    },
    "2024-03-31": {
        "Tax Effect Of Unusual Items": NaN,
        "Tax Rate For Calcs": NaN,
        "Normalized EBITDA": NaN,
        "Total Unusual Items": NaN,
        "Total Unusual Items Excluding Goodwill": NaN,
        "Net Income From Continuing Operation Net Minority Interest": NaN,
        "Reconciled Depreciation": NaN,
        "Reconciled Cost Of Revenue": NaN,
        "EBITDA": NaN,
        "EBIT": NaN,
        "Net Interest Income": NaN,
        "Interest Expense": NaN,
        "Interest Income": NaN,
        "Normalized Income": NaN,
        "Net Income From Continuing And Discontinued Operation": NaN,
        "Total Expenses": NaN,
        "Total Operating Income As Reported": NaN,
        "Diluted Average Shares": NaN,
        "Basic Average Shares": NaN,
        "Diluted EPS": NaN,
        "Basic EPS": NaN,
        "Diluted NI Availto Com Stockholders": NaN,
        "Net Income Common Stockholders": NaN,
        "Net Income": NaN,
        "Net Income Including Noncontrolling Interests": NaN,
        "Net Income Continuous Operations": NaN,
        "Tax Provision": NaN,
        "Pretax Income": NaN,
        "Other Income Expense": NaN,
        "Other Non Operating Income Expenses": NaN,
        "Special Income Charges": NaN,
        "Other Special Charges": 2137000.0,
        "Write Off": 0.0,
        "Impairment Of Capital Assets": 0.0,
        "Restructuring And Mergern Acquisition": NaN,
        "Net Non Operating Interest Income Expense": NaN,
        "Interest Expense Non Operating": NaN,
        "Interest Income Non Operating": NaN,
        "Operating Income": NaN,
        "Operating Expense": NaN,
        "Research And Development": NaN,
        "Selling General And Administration": NaN,
        "Gross Profit": NaN,
        "Cost Of Revenue": NaN,
        "Total Revenue": NaN,
        "Operating Revenue": NaN
    },
    "2024-06-30": {
        "Tax Effect Of Unusual Items": NaN,
        "Tax Rate For Calcs": NaN,
        "Normalized EBITDA": NaN,
        "Total Unusual Items": NaN,
        "Total Unusual Items Excluding Goodwill": NaN,
        "Net Income From Continuing Operation Net Minority Interest": NaN,
        "Reconciled Depreciation": NaN,
        "Reconciled Cost Of Revenue": NaN,
        "EBITDA": NaN,
        "EBIT": NaN,
        "Net Interest Income": NaN,
        "Interest Expense": NaN,
        "Interest Income": NaN,
        "Normalized Income": NaN,
        "Net Income From Continuing And Discontinued Operation": NaN,
        "Total Expenses": NaN,
        "Total Operating Income As Reported": NaN,
        "Diluted Average Shares": NaN,
        "Basic Average Shares": NaN,
        "Diluted EPS": NaN,
        "Basic EPS": NaN,
        "Diluted NI Availto Com Stockholders": NaN,
        "Net Income Common Stockholders": NaN,
        "Net Income": NaN,
        "Net Income Including Noncontrolling Interests": NaN,
        "Net Income Continuous Operations": NaN,
        "Tax Provision": NaN,
        "Pretax Income": NaN,
        "Other Income Expense": NaN,
        "Other Non Operating Income Expenses": NaN,
        "Special Income Charges": NaN,
        "Other Special Charges": 817000.0,
        "Write Off": 0.0,
        "Impairment Of Capital Assets": 0.0,
        "Restructuring And Mergern Acquisition": NaN,
        "Net Non Operating Interest Income Expense": NaN,
        "Interest Expense Non Operating": NaN,
        "Interest Income Non Operating": NaN,
        "Operating Income": NaN,
        "Operating Expense": NaN,
        "Research And Development": NaN,
        "Selling General And Administration": NaN,
        "Gross Profit": NaN,
        "Cost Of Revenue": NaN,
        "Total Revenue": NaN,
        "Operating Revenue": NaN
    },
    "2024-09-30": {
        "Tax Effect Of Unusual Items": -2283695.90778,
        "Tax Rate For Calcs": 0.081372,
        "Normalized EBITDA": -39636000.0,
        "Total Unusual Items": -28065000.0,
        "Total Unusual Items Excluding Goodwill": -28065000.0,
        "Net Income From Continuing Operation Net Minority Interest": -75785000.0,
        "Reconciled Depreciation": 12142000.0,
        "Reconciled Cost Of Revenue": 37022000.0,
        "EBITDA": -67701000.0,
        "EBIT": -79843000.0,
        "Net Interest Income": -1002000.0,
        "Interest Expense": 2655000.0,
        "Interest Income": 1653000.0,
        "Normalized Income": -50003695.90778,
        "Net Income From Continuing And Discontinued Operation": -75785000.0,
        "Total Expenses": 119780000.0,
        "Total Operating Income As Reported": -66743000.0,
        "Diluted Average Shares": 84074000.0,
        "Basic Average Shares": 84074000.0,
        "Diluted EPS": -0.9,
        "Basic EPS": -0.9,
        "Diluted NI Availto Com Stockholders": -75785000.0,
        "Net Income Common Stockholders": -75785000.0,
        "Net Income": -75785000.0,
        "Net Income Including Noncontrolling Interests": -75785000.0,
        "Net Income Continuous Operations": -75785000.0,
        "Tax Provision": -6713000.0,
        "Pretax Income": -82498000.0,
        "Other Income Expense": -42818000.0,
        "Other Non Operating Income Expenses": -14753000.0,
        "Special Income Charges": -28065000.0,
        "Other Special Charges": NaN,
        "Write Off": 1237000.0,
        "Impairment Of Capital Assets": NaN,
        "Restructuring And Mergern Acquisition": 26828000.0,
        "Net Non Operating Interest Income Expense": -1002000.0,
        "Interest Expense Non Operating": 2655000.0,
        "Interest Income Non Operating": 1653000.0,
        "Operating Income": -38678000.0,
        "Operating Expense": 82758000.0,
        "Research And Development": 52604000.0,
        "Selling General And Administration": 30154000.0,
        "Gross Profit": 44080000.0,
        "Cost Of Revenue": 37022000.0,
        "Total Revenue": 81102000.0,
        "Operating Revenue": 81102000.0
    },
    "2024-12-31": {
        "Tax Effect Of Unusual Items": -641760.0,
        "Tax Rate For Calcs": 0.21,
        "Normalized EBITDA": -23250000.0,
        "Total Unusual Items": -3056000.0,
        "Total Unusual Items Excluding Goodwill": -3056000.0,
        "Net Income From Continuing Operation Net Minority Interest": -57838000.0,
        "Reconciled Depreciation": 11714000.0,
        "Reconciled Cost Of Revenue": 40919000.0,
        "EBITDA": -26306000.0,
        "EBIT": -38020000.0,
        "Net Interest Income": -1762000.0,
        "Interest Expense": 2802000.0,
        "Interest Income": 1040000.0,
        "Normalized Income": -55423760.0,
        "Net Income From Continuing And Discontinued Operation": -57838000.0,
        "Total Expenses": 130284000.0,
        "Total Operating Income As Reported": -41173000.0,
        "Diluted Average Shares": 84485000.0,
        "Basic Average Shares": 84485000.0,
        "Diluted EPS": -0.68,
        "Basic EPS": -0.68,
        "Diluted NI Availto Com Stockholders": -57838000.0,
        "Net Income Common Stockholders": -57838000.0,
        "Net Income": -57838000.0,
        "Net Income Including Noncontrolling Interests": -57838000.0,
        "Net Income Continuous Operations": -57838000.0,
        "Tax Provision": 17016000.0,
        "Pretax Income": -40822000.0,
        "Other Income Expense": -943000.0,
        "Other Non Operating Income Expenses": 2113000.0,
        "Special Income Charges": -3056000.0,
        "Other Special Charges": NaN,
        "Write Off": 0.0,
        "Impairment Of Capital Assets": NaN,
        "Restructuring And Mergern Acquisition": 3056000.0,
        "Net Non Operating Interest Income Expense": -1762000.0,
        "Interest Expense Non Operating": 2802000.0,
        "Interest Income Non Operating": 1040000.0,
        "Operating Income": -38117000.0,
        "Operating Expense": 89365000.0,
        "Research And Development": 51278000.0,
        "Selling General And Administration": 38087000.0,
        "Gross Profit": 51248000.0,
        "Cost Of Revenue": 40919000.0,
        "Total Revenue": 92167000.0,
        "Operating Revenue": 92167000.0
    },
    "2025-03-31": {
        "Tax Effect Of Unusual Items": -1654590.0,
        "Tax Rate For Calcs": 0.21,
        "Normalized EBITDA": -27470000.0,
        "Total Unusual Items": -7879000.0,
        "Total Unusual Items Excluding Goodwill": -7879000.0,
        "Net Income From Continuing Operation Net Minority Interest": -49713000.0,
        "Reconciled Depreciation": 11149000.0,
        "Reconciled Cost Of Revenue": 42102000.0,
        "EBITDA": -35349000.0,
        "EBIT": -46498000.0,
        "Net Interest Income": -1640000.0,
        "Interest Expense": 2504000.0,
        "Interest Income": 864000.0,
        "Normalized Income": -43488590.0,
        "Net Income From Continuing And Discontinued Operation": -49713000.0,
        "Total Expenses": 134148000.0,
        "Total Operating Income As Reported": -46094000.0,
        "Diluted Average Shares": 85271000.0,
        "Basic Average Shares": 85271000.0,
        "Diluted EPS": -0.58,
        "Basic EPS": -0.58,
        "Diluted NI Availto Com Stockholders": -49713000.0,
        "Net Income Common Stockholders": -49713000.0,
        "Net Income": -49713000.0,
        "Net Income Including Noncontrolling Interests": -49713000.0,
        "Net Income Continuous Operations": -49713000.0,
        "Tax Provision": 711000.0,
        "Pretax Income": -49002000.0,
        "Other Income Expense": -9147000.0,
        "Other Non Operating Income Expenses": -1268000.0,
        "Special Income Charges": -7879000.0,
        "Other Special Charges": 2000.0,
        "Write Off": NaN,
        "Impairment Of Capital Assets": NaN,
        "Restructuring And Mergern Acquisition": 7877000.0,
        "Net Non Operating Interest Income Expense": -1640000.0,
        "Interest Expense Non Operating": 2504000.0,
        "Interest Income Non Operating": 864000.0,
        "Operating Income": -38215000.0,
        "Operating Expense": 92046000.0,
        "Research And Development": 55457000.0,
        "Selling General And Administration": 36589000.0,
        "Gross Profit": 53831000.0,
        "Cost Of Revenue": 42102000.0,
        "Total Revenue": 95933000.0,
        "Operating Revenue": 95933000.0
    },
    "2025-06-30": {
        "Tax Effect Of Unusual Items": -747913.748738,
        "Tax Rate For Calcs": 0.134035,
        "Normalized EBITDA": -11392000.0,
        "Total Unusual Items": -5580000.0,
        "Total Unusual Items Excluding Goodwill": -5580000.0,
        "Net Income From Continuing Operation Net Minority Interest": -26586000.0,
        "Reconciled Depreciation": 11217000.0,
        "Reconciled Cost Of Revenue": 47288000.0,
        "EBITDA": -16972000.0,
        "EBIT": -28189000.0,
        "Net Interest Income": -1700000.0,
        "Interest Expense": 2512000.0,
        "Interest Income": 812000.0,
        "Normalized Income": -21753913.748738,
        "Net Income From Continuing And Discontinued Operation": -26586000.0,
        "Total Expenses": 127848000.0,
        "Total Operating Income As Reported": -24615000.0,
        "Diluted Average Shares": 86626000.0,
        "Basic Average Shares": 86626000.0,
        "Diluted EPS": -0.31,
        "Basic EPS": -0.31,
        "Diluted NI Availto Com Stockholders": -26586000.0,
        "Net Income Common Stockholders": -26586000.0,
        "Net Income": -26586000.0,
        "Net Income Including Noncontrolling Interests": -26586000.0,
        "Net Income Continuous Operations": -26586000.0,
        "Tax Provision": -4115000.0,
        "Pretax Income": -30701000.0,
        "Other Income Expense": -9966000.0,
        "Other Non Operating Income Expenses": -4386000.0,
        "Special Income Charges": -5580000.0,
        "Other Special Charges": 933000.0,
        "Write Off": NaN,
        "Impairment Of Capital Assets": NaN,
        "Restructuring And Mergern Acquisition": 4647000.0,
        "Net Non Operating Interest Income Expense": -1700000.0,
        "Interest Expense Non Operating": 2512000.0,
        "Interest Income Non Operating": 812000.0,
        "Operating Income": -19035000.0,
        "Operating Expense": 80560000.0,
        "Research And Development": 47199000.0,
        "Selling General And Administration": 33361000.0,
        "Gross Profit": 61525000.0,
        "Cost Of Revenue": 47288000.0,
        "Total Revenue": 108813000.0,
        "Operating Revenue": 108813000.0
    },
    "2025-09-30": {
        "Tax Effect Of Unusual Items": -2365440.0,
        "Tax Rate For Calcs": 0.21,
        "Normalized EBITDA": -18637000.0,
        "Total Unusual Items": -11264000.0,
        "Total Unusual Items Excluding Goodwill": -11264000.0,
        "Net Income From Continuing Operation Net Minority Interest": -45485000.0,
        "Reconciled Depreciation": 10838000.0,
        "Reconciled Cost Of Revenue": 54558000.0,
        "EBITDA": -29901000.0,
        "EBIT": -40739000.0,
        "Net Interest Income": -1775000.0,
        "Interest Expense": 2649000.0,
        "Interest Income": 874000.0,
        "Normalized Income": -36586440.0,
        "Net Income From Continuing And Discontinued Operation": -45485000.0,
        "Total Expenses": 156484000.0,
        "Total Operating Income As Reported": -41289000.0,
        "Diluted Average Shares": 87186000.0,
        "Basic Average Shares": 87186000.0,
        "Diluted EPS": -0.52,
        "Basic EPS": -0.52,
        "Diluted NI Availto Com Stockholders": -45485000.0,
        "Net Income Common Stockholders": -45485000.0,
        "Net Income": -45485000.0,
        "Net Income Including Noncontrolling Interests": -45485000.0,
        "Net Income Continuous Operations": -45485000.0,
        "Tax Provision": 2097000.0,
        "Pretax Income": -43388000.0,
        "Other Income Expense": -11588000.0,
        "Other Non Operating Income Expenses": -324000.0,
        "Special Income Charges": -11264000.0,
        "Other Special Charges": NaN,
        "Write Off": NaN,
        "Impairment Of Capital Assets": 0.0,
        "Restructuring And Mergern Acquisition": 11264000.0,
        "Net Non Operating Interest Income Expense": -1775000.0,
        "Interest Expense Non Operating": 2649000.0,
        "Interest Income Non Operating": 874000.0,
        "Operating Income": -30025000.0,
        "Operating Expense": 101926000.0,
        "Research And Development": 54252000.0,
        "Selling General And Administration": 47674000.0,
        "Gross Profit": 71901000.0,
        "Cost Of Revenue": 54558000.0,
        "Total Revenue": 126459000.0,
        "Operating Revenue": 126459000.0
    }
}