{
    "2023-03-31": {
        "Tax Effect Of Unusual Items": NaN,
        "Tax Rate For Calcs": NaN,
        "Normalized EBITDA": NaN,
        "Total Unusual Items": NaN,
        "Total Unusual Items Excluding Goodwill": NaN,
        "Net Income From Continuing Operation Net Minority Interest": NaN,
        "Reconciled Depreciation": NaN,
        "Reconciled Cost Of Revenue": NaN,
        "EBITDA": NaN,
        "EBIT": NaN,
        "Net Interest Income": NaN,
        "Interest Expense": NaN,
        "Normalized Income": NaN,
        "Net Income From Continuing And Discontinued Operation": NaN,
        "Total Expenses": NaN,
        "Total Operating Income As Reported": NaN,
        "Diluted Average Shares": 36815956.0,
        "Basic Average Shares": 36564775.0,
        "Diluted EPS": 0.35,
        "Basic EPS": 0.35,
        "Diluted NI Availto Com Stockholders": NaN,
        "Net Income Common Stockholders": NaN,
        "Net Income": NaN,
        "Net Income Including Noncontrolling Interests": NaN,
        "Net Income Continuous Operations": NaN,
        "Tax Provision": NaN,
        "Pretax Income": NaN,
        "Other Income Expense": NaN,
        "Special Income Charges": NaN,
        "Gain On Sale Of Ppe": NaN,
        "Net Non Operating Interest Income Expense": NaN,
        "Interest Expense Non Operating": NaN,
        "Operating Income": NaN,
        "Operating Expense": NaN,
        "Selling General And Administration": NaN,
        "Gross Profit": NaN,
        "Cost Of Revenue": NaN,
        "Total Revenue": NaN,
        "Operating Revenue": NaN
    },
    "2022-12-31": {
        "Tax Effect Of Unusual Items": NaN,
        "Tax Rate For Calcs": NaN,
        "Normalized EBITDA": NaN,
        "Total Unusual Items": NaN,
        "Total Unusual Items Excluding Goodwill": NaN,
        "Net Income From Continuing Operation Net Minority Interest": NaN,
        "Reconciled Depreciation": NaN,
        "Reconciled Cost Of Revenue": NaN,
        "EBITDA": NaN,
        "EBIT": NaN,
        "Net Interest Income": NaN,
        "Interest Expense": NaN,
        "Normalized Income": NaN,
        "Net Income From Continuing And Discontinued Operation": NaN,
        "Total Expenses": NaN,
        "Total Operating Income As Reported": NaN,
        "Diluted Average Shares": 36853237.0,
        "Basic Average Shares": 36495362.0,
        "Diluted EPS": 0.36,
        "Basic EPS": 0.37,
        "Diluted NI Availto Com Stockholders": NaN,
        "Net Income Common Stockholders": NaN,
        "Net Income": NaN,
        "Net Income Including Noncontrolling Interests": NaN,
        "Net Income Continuous Operations": NaN,
        "Tax Provision": NaN,
        "Pretax Income": NaN,
        "Other Income Expense": NaN,
        "Special Income Charges": NaN,
        "Gain On Sale Of Ppe": NaN,
        "Net Non Operating Interest Income Expense": NaN,
        "Interest Expense Non Operating": NaN,
        "Operating Income": NaN,
        "Operating Expense": NaN,
        "Selling General And Administration": NaN,
        "Gross Profit": NaN,
        "Cost Of Revenue": NaN,
        "Total Revenue": NaN,
        "Operating Revenue": NaN
    },
    "2022-09-30": {
        "Tax Effect Of Unusual Items": 1240.0,
        "Tax Rate For Calcs": 0.248,
        "Normalized EBITDA": 25172000.0,
        "Total Unusual Items": 5000.0,
        "Total Unusual Items Excluding Goodwill": 5000.0,
        "Net Income From Continuing Operation Net Minority Interest": 13671000.0,
        "Reconciled Depreciation": 5280000.0,
        "Reconciled Cost Of Revenue": 156417000.0,
        "EBITDA": 25177000.0,
        "EBIT": 19897000.0,
        "Net Interest Income": -1719000.0,
        "Interest Expense": 1719000.0,
        "Normalized Income": 13667240.0,
        "Net Income From Continuing And Discontinued Operation": 13671000.0,
        "Total Expenses": 208173000.0,
        "Total Operating Income As Reported": 19897000.0,
        "Diluted Average Shares": 36717153.0,
        "Basic Average Shares": 36472378.0,
        "Diluted EPS": 0.37,
        "Basic EPS": 0.37,
        "Diluted NI Availto Com Stockholders": 13671000.0,
        "Net Income Common Stockholders": 13671000.0,
        "Net Income": 13671000.0,
        "Net Income Including Noncontrolling Interests": 13671000.0,
        "Net Income Continuous Operations": 13671000.0,
        "Tax Provision": 4507000.0,
        "Pretax Income": 18178000.0,
        "Other Income Expense": 5000.0,
        "Special Income Charges": 5000.0,
        "Gain On Sale Of Ppe": 5000.0,
        "Net Non Operating Interest Income Expense": -1719000.0,
        "Interest Expense Non Operating": 1719000.0,
        "Operating Income": 19892000.0,
        "Operating Expense": 51756000.0,
        "Other Operating Expenses": NaN,
        "Selling General And Administration": 51756000.0,
        "Gross Profit": 71648000.0,
        "Cost Of Revenue": 156417000.0,
        "Total Revenue": 228065000.0,
        "Operating Revenue": 228065000.0
    },
    "2022-06-30": {
        "Tax Effect Of Unusual Items": 57557.460525,
        "Tax Rate For Calcs": 0.260441,
        "Normalized EBITDA": 22396000.0,
        "Total Unusual Items": 221000.0,
        "Total Unusual Items Excluding Goodwill": 221000.0,
        "Net Income From Continuing Operation Net Minority Interest": 15831000.0,
        "Reconciled Depreciation": 5362000.0,
        "Reconciled Cost Of Revenue": 158440000.0,
        "EBITDA": 22617000.0,
        "EBIT": 22617000.0,
        "Net Interest Income": -1211000.0,
        "Interest Expense": 1211000.0,
        "Normalized Income": 15667557.460525,
        "Net Income From Continuing And Discontinued Operation": 15831000.0,
        "Total Expenses": 210760000.0,
        "Total Operating Income As Reported": 22617000.0,
        "Diluted Average Shares": 36623495.0,
        "Basic Average Shares": 36397547.0,
        "Diluted EPS": 0.43,
        "Basic EPS": 0.43,
        "Diluted NI Availto Com Stockholders": 15831000.0,
        "Net Income Common Stockholders": 15831000.0,
        "Net Income": 15831000.0,
        "Net Income Including Noncontrolling Interests": 15831000.0,
        "Net Income Continuous Operations": 15831000.0,
        "Tax Provision": 5575000.0,
        "Pretax Income": 21406000.0,
        "Other Income Expense": 221000.0,
        "Special Income Charges": 221000.0,
        "Gain On Sale Of Ppe": 221000.0,
        "Net Non Operating Interest Income Expense": -1211000.0,
        "Interest Expense Non Operating": 1211000.0,
        "Operating Income": 22396000.0,
        "Operating Expense": 52320000.0,
        "Other Operating Expenses": NaN,
        "Selling General And Administration": 52320000.0,
        "Gross Profit": 74716000.0,
        "Cost Of Revenue": 158440000.0,
        "Total Revenue": 233156000.0,
        "Operating Revenue": 233156000.0
    },
    "2023-06-30": {
        "Tax Effect Of Unusual Items": NaN,
        "Tax Rate For Calcs": NaN,
        "Normalized EBITDA": NaN,
        "Total Unusual Items": NaN,
        "Total Unusual Items Excluding Goodwill": NaN,
        "Net Income From Continuing Operation Net Minority Interest": NaN,
        "Reconciled Depreciation": NaN,
        "Reconciled Cost Of Revenue": NaN,
        "EBITDA": NaN,
        "EBIT": NaN,
        "Net Interest Income": NaN,
        "Interest Expense": NaN,
        "Normalized Income": NaN,
        "Net Income From Continuing And Discontinued Operation": NaN,
        "Total Expenses": NaN,
        "Total Operating Income As Reported": NaN,
        "Diluted Average Shares": 36892177.0,
        "Basic Average Shares": 36761916.0,
        "Diluted EPS": 0.29,
        "Basic EPS": 0.29,
        "Diluted NI Availto Com Stockholders": NaN,
        "Net Income Common Stockholders": NaN,
        "Net Income": NaN,
        "Net Income Including Noncontrolling Interests": NaN,
        "Net Income Continuous Operations": NaN,
        "Tax Provision": NaN,
        "Pretax Income": NaN,
        "Other Income Expense": NaN,
        "Special Income Charges": NaN,
        "Gain On Sale Of Ppe": NaN,
        "Write Off": NaN,
        "Net Non Operating Interest Income Expense": NaN,
        "Interest Expense Non Operating": NaN,
        "Operating Income": NaN,
        "Operating Expense": NaN,
        "Selling General And Administration": NaN,
        "Gross Profit": NaN,
        "Cost Of Revenue": NaN,
        "Total Revenue": NaN,
        "Operating Revenue": NaN
    },
    "2022-03-31": {
        "Diluted EPS": 0.47,
        "Total Revenue": 225,
        "Gross Profit": 72,
        "Operating Income": 24,
        "EBIT": 30,
        "Net Income": 17
    },
    "2021-12-31": {
        "Diluted EPS": 0.2,
        "Total Revenue": 200,
        "Gross Profit": 52,
        "Operating Income": 11,
        "EBIT": 16,
        "Net Income": 7
    },
    "2021-09-30": {
        "Diluted EPS": 0.22,
        "Total Revenue": 200,
        "Gross Profit": 54,
        "Operating Income": 12,
        "EBIT": 17,
        "Net Income": 8
    },
    "2021-06-30": {
        "Diluted EPS": 0.3,
        "Total Revenue": 187,
        "Gross Profit": 55,
        "Operating Income": 16,
        "EBIT": 21,
        "Net Income": 11
    },
    "2021-03-31": {
        "Diluted EPS": 0.2,
        "Total Revenue": 174,
        "Gross Profit": 50,
        "Operating Income": 11,
        "EBIT": 16,
        "Net Income": 7
    },
    "2020-12-31": {
        "Diluted EPS": 0.08,
        "Total Revenue": 137,
        "Gross Profit": 40,
        "Operating Income": 5,
        "EBIT": 10,
        "Net Income": 3
    },
    "2020-09-30": {
        "Diluted EPS": 0.24,
        "Total Revenue": 132,
        "Gross Profit": 47,
        "Operating Income": 13,
        "EBIT": 17,
        "Net Income": 9
    },
    "2020-06-30": {
        "Diluted EPS": 0.23,
        "Total Revenue": 118,
        "Gross Profit": 43,
        "Operating Income": 12,
        "EBIT": 18,
        "Net Income": 8
    },
    "2020-03-31": {
        "Diluted EPS": 0.47,
        "Total Revenue": 122,
        "Gross Profit": 42,
        "Operating Income": 23,
        "EBIT": 29,
        "Net Income": 17
    },
    "2019-12-31": {
        "Diluted EPS": 0.16,
        "Total Revenue": 117,
        "Gross Profit": 39,
        "Operating Income": 9,
        "EBIT": 15,
        "Net Income": 6
    },
    "2019-09-30": {
        "Diluted EPS": 0.15,
        "Total Revenue": 125,
        "Gross Profit": 40,
        "Operating Income": 8,
        "EBIT": 14,
        "Net Income": 5
    },
    "2019-06-30": {
        "Diluted EPS": 0.18,
        "Total Revenue": 134,
        "Gross Profit": 47,
        "Operating Income": 10,
        "EBIT": 16,
        "Net Income": 7
    },
    "2019-03-31": {
        "Diluted EPS": 0.19,
        "Total Revenue": 139,
        "Gross Profit": 46,
        "Operating Income": 10,
        "EBIT": 16,
        "Net Income": 7
    },
    "2018-12-31": {
        "Diluted EPS": 0.02,
        "Total Revenue": 138,
        "Gross Profit": 42,
        "Operating Income": 7,
        "EBIT": 13,
        "Net Income": 2
    },
    "2018-09-30": {
        "Diluted EPS": -0.6,
        "Total Revenue": 135,
        "Gross Profit": 42,
        "Operating Income": -26,
        "EBIT": -19,
        "Net Income": -21
    },
    "2018-06-30": {
        "Diluted EPS": 0.26,
        "Total Revenue": 141,
        "Gross Profit": 48,
        "Operating Income": 13,
        "EBIT": 20,
        "Net Income": 9
    },
    "2018-03-31": {
        "Diluted EPS": 0.22,
        "Total Revenue": 153,
        "Gross Profit": 47,
        "Operating Income": 12,
        "EBIT": 19,
        "Net Income": 7
    },
    "2017-12-31": {
        "Diluted EPS": -0.61,
        "Total Revenue": 140,
        "Gross Profit": 38,
        "Operating Income": 4,
        "EBIT": 11,
        "Net Income": -18
    },
    "2017-09-30": {
        "Diluted EPS": 0.11,
        "Total Revenue": 135,
        "Gross Profit": 39,
        "Operating Income": 7,
        "EBIT": 14,
        "Net Income": 3
    },
    "2017-06-30": {
        "Diluted EPS": 0.07,
        "Total Revenue": 135,
        "Gross Profit": 38,
        "Operating Income": 6,
        "EBIT": 15,
        "Net Income": 2
    },
    "2017-03-31": {
        "Diluted EPS": 0.1,
        "Total Revenue": 137,
        "Gross Profit": 42,
        "Operating Income": 8,
        "EBIT": 17,
        "Net Income": 3
    },
    "2016-12-31": {
        "Diluted EPS": -0.05,
        "Total Revenue": 106,
        "Gross Profit": 33,
        "Operating Income": 12,
        "EBIT": 18,
        "Net Income": -1
    },
    "2016-09-30": {
        "Diluted EPS": 0.01,
        "Total Revenue": 133,
        "Gross Profit": 36,
        "Operating Income": 3,
        "EBIT": 12,
        "Net Income": 0
    },
    "2016-06-30": {
        "Diluted EPS": 0.18,
        "Total Revenue": 144,
        "Gross Profit": 45,
        "Operating Income": 11,
        "EBIT": 20,
        "Net Income": 5
    },
    "2016-03-31": {
        "Diluted EPS": -0.11,
        "Total Revenue": 151,
        "Gross Profit": 48,
        "Operating Income": 1,
        "EBIT": 10,
        "Net Income": -3
    },
    "2015-12-31": {
        "Diluted EPS": 0.03,
        "Total Revenue": 109,
        "Gross Profit": 38,
        "Operating Income": 5,
        "EBIT": 11,
        "Net Income": 1
    },
    "2015-09-30": {
        "Diluted EPS": 0.01,
        "Total Revenue": 142,
        "Gross Profit": 42,
        "Operating Income": 3,
        "EBIT": 11,
        "Net Income": 0
    },
    "2015-06-30": {
        "Diluted EPS": 0.37,
        "Total Revenue": 164,
        "Gross Profit": 51,
        "Operating Income": 20,
        "EBIT": 29,
        "Net Income": 11
    },
    "2015-03-31": {
        "Diluted EPS": 0.16,
        "Total Revenue": 156,
        "Gross Profit": 46,
        "Operating Income": 7,
        "EBIT": 16,
        "Net Income": 5
    },
    "2014-12-31": {
        "Diluted EPS": -0.37,
        "Total Revenue": 158,
        "Gross Profit": 37,
        "Operating Income": 5,
        "EBIT": 14,
        "Net Income": -12
    },
    "2014-09-30": {
        "Diluted EPS": -0.09,
        "Total Revenue": 162,
        "Gross Profit": 40,
        "Operating Income": -3,
        "EBIT": 7,
        "Net Income": -3
    },
    "2014-06-30": {
        "Diluted EPS": 0.17,
        "Total Revenue": 153,
        "Gross Profit": 43,
        "Operating Income": 11,
        "EBIT": 18,
        "Net Income": 6
    },
    "2014-03-31": {
        "Diluted EPS": 0.02,
        "Total Revenue": 150,
        "Gross Profit": 42,
        "Operating Income": 9,
        "EBIT": 15,
        "Net Income": 1
    },
    "2013-12-31": {
        "Diluted EPS": 0.09,
        "Total Revenue": 75,
        "Gross Profit": 24,
        "Operating Income": 6,
        "EBIT": 12,
        "Net Income": 3
    },
    "2013-09-30": {
        "Diluted EPS": 0.19,
        "Total Revenue": 141,
        "Gross Profit": 43,
        "Operating Income": 12,
        "EBIT": 18,
        "Net Income": 6
    },
    "2013-06-30": {
        "Diluted EPS": 0.25,
        "Total Revenue": 154,
        "Gross Profit": 45,
        "Operating Income": 13,
        "EBIT": 15,
        "Net Income": 8
    },
    "2013-03-31": {
        "Diluted EPS": 0.23,
        "Total Revenue": 215,
        "Gross Profit": 58,
        "Operating Income": 13,
        "EBIT": 22,
        "Net Income": 8
    },
    "2012-12-31": {
        "Diluted EPS": 0.25,
        "Total Revenue": 214,
        "Gross Profit": 57,
        "Operating Income": 15,
        "EBIT": 10,
        "Net Income": 9
    },
    "2012-09-30": {
        "Diluted EPS": 0.17,
        "Total Revenue": 197,
        "Gross Profit": 53,
        "Operating Income": 10,
        "EBIT": 18,
        "Net Income": 6
    },
    "2012-06-30": {
        "Diluted EPS": 0.17,
        "Total Revenue": 181,
        "Gross Profit": 47,
        "Operating Income": 10,
        "EBIT": 18,
        "Net Income": 6
    },
    "2012-03-31": {
        "Diluted EPS": 0.29,
        "Total Revenue": 199,
        "Gross Profit": 58,
        "Operating Income": 17,
        "EBIT": 25,
        "Net Income": 10
    },
    "2011-12-31": {
        "Diluted EPS": 0.18,
        "Total Revenue": 193,
        "Gross Profit": 52,
        "Operating Income": 10,
        "EBIT": 18,
        "Net Income": 6
    },
    "2011-09-30": {
        "Diluted EPS": 0.21,
        "Total Revenue": 190,
        "Gross Profit": 48,
        "Operating Income": 7,
        "EBIT": 16,
        "Net Income": 7
    },
    "2011-06-30": {
        "Diluted EPS": 0.13,
        "Total Revenue": 177,
        "Gross Profit": 44,
        "Operating Income": 9,
        "EBIT": 17,
        "Net Income": 5
    },
    "2011-03-31": {
        "Diluted EPS": 0.19,
        "Total Revenue": 196,
        "Gross Profit": 54,
        "Operating Income": 12,
        "EBIT": 21,
        "Net Income": 7
    },
    "2010-12-31": {
        "Diluted EPS": -1.43,
        "Total Revenue": 188,
        "Gross Profit": 44,
        "Operating Income": -64,
        "EBIT": -56,
        "Net Income": -50
    },
    "2010-09-30": {
        "Diluted EPS": 0.09,
        "Total Revenue": 187,
        "Gross Profit": 41,
        "Operating Income": 6,
        "EBIT": 14,
        "Net Income": 3
    },
    "2010-06-30": {
        "Diluted EPS": -0.03,
        "Total Revenue": 176,
        "Gross Profit": 34,
        "Operating Income": 0,
        "EBIT": 8,
        "Net Income": -1
    },
    "2010-03-31": {
        "Diluted EPS": 0.16,
        "Total Revenue": 186,
        "Gross Profit": 45,
        "Operating Income": 10,
        "EBIT": 19,
        "Net Income": 6
    },
    "2009-12-31": {
        "Diluted EPS": 0.03,
        "Total Revenue": 188,
        "Gross Profit": 38,
        "Operating Income": 4,
        "EBIT": 13,
        "Net Income": 1
    },
    "2009-09-30": {
        "Diluted EPS": -0.15,
        "Total Revenue": 165,
        "Gross Profit": 37,
        "Operating Income": 0,
        "EBIT": 9,
        "Net Income": -5
    },
    "2009-06-30": {
        "Diluted EPS": -0.04,
        "Total Revenue": 165,
        "Gross Profit": 41,
        "Operating Income": 0,
        "EBIT": 9,
        "Net Income": -1
    },
    "2009-03-31": {
        "Diluted EPS": 0.14,
        "Total Revenue": 183,
        "Gross Profit": 55,
        "Operating Income": 13,
        "EBIT": 22,
        "Net Income": 5
    },
    "2023-09-30": {
        "Tax Effect Of Unusual Items": NaN,
        "Tax Rate For Calcs": NaN,
        "Normalized EBITDA": NaN,
        "Total Unusual Items": NaN,
        "Total Unusual Items Excluding Goodwill": NaN,
        "Net Income From Continuing Operation Net Minority Interest": NaN,
        "Reconciled Depreciation": NaN,
        "Reconciled Cost Of Revenue": NaN,
        "EBITDA": NaN,
        "EBIT": NaN,
        "Net Interest Income": NaN,
        "Interest Expense": NaN,
        "Normalized Income": NaN,
        "Net Income From Continuing And Discontinued Operation": NaN,
        "Total Expenses": NaN,
        "Total Operating Income As Reported": NaN,
        "Diluted Average Shares": NaN,
        "Basic Average Shares": NaN,
        "Diluted EPS": NaN,
        "Basic EPS": NaN,
        "Diluted NI Availto Com Stockholders": NaN,
        "Net Income Common Stockholders": NaN,
        "Net Income": NaN,
        "Net Income Including Noncontrolling Interests": NaN,
        "Net Income Continuous Operations": NaN,
        "Tax Provision": NaN,
        "Pretax Income": NaN,
        "Other Income Expense": NaN,
        "Special Income Charges": NaN,
        "Gain On Sale Of Ppe": NaN,
        "Write Off": 0.0,
        "Net Non Operating Interest Income Expense": NaN,
        "Interest Expense Non Operating": NaN,
        "Operating Income": NaN,
        "Operating Expense": NaN,
        "Depreciation Amortization Depletion Income Statement": NaN,
        "Depreciation And Amortization In Income Statement": NaN,
        "Selling General And Administration": NaN,
        "Selling And Marketing Expense": NaN,
        "General And Administrative Expense": NaN,
        "Other Gand A": NaN,
        "Gross Profit": NaN,
        "Cost Of Revenue": NaN,
        "Total Revenue": NaN,
        "Operating Revenue": NaN
    },
    "2023-12-31": {
        "Tax Effect Of Unusual Items": 31849.207731,
        "Tax Rate For Calcs": 0.272215,
        "Normalized EBITDA": 24368000.0,
        "Total Unusual Items": 117000.0,
        "Total Unusual Items Excluding Goodwill": 117000.0,
        "Net Income From Continuing Operation Net Minority Interest": 12539000.0,
        "Reconciled Depreciation": 5882000.0,
        "Reconciled Cost Of Revenue": 133845000.0,
        "EBITDA": 24485000.0,
        "EBIT": 18603000.0,
        "Net Interest Income": -1374000.0,
        "Interest Expense": 1374000.0,
        "Normalized Income": 12453849.207731,
        "Net Income From Continuing And Discontinued Operation": 12539000.0,
        "Total Expenses": 172591000.0,
        "Total Operating Income As Reported": 18603000.0,
        "Diluted Average Shares": NaN,
        "Basic Average Shares": NaN,
        "Diluted EPS": NaN,
        "Basic EPS": NaN,
        "Diluted NI Availto Com Stockholders": 12539000.0,
        "Net Income Common Stockholders": 12539000.0,
        "Net Income": 12539000.0,
        "Net Income Including Noncontrolling Interests": 12539000.0,
        "Net Income Continuous Operations": 12539000.0,
        "Tax Provision": 4690000.0,
        "Pretax Income": 17229000.0,
        "Other Income Expense": 117000.0,
        "Special Income Charges": 117000.0,
        "Gain On Sale Of Ppe": 117000.0,
        "Write Off": NaN,
        "Net Non Operating Interest Income Expense": -1374000.0,
        "Interest Expense Non Operating": 1374000.0,
        "Operating Income": 18486000.0,
        "Operating Expense": 38746000.0,
        "Selling General And Administration": 38746000.0,
        "Gross Profit": 57232000.0,
        "Cost Of Revenue": 133845000.0,
        "Total Revenue": 191077000.0,
        "Operating Revenue": 191077000.0
    },
    "2024-03-31": {
        "Tax Effect Of Unusual Items": NaN,
        "Tax Rate For Calcs": NaN,
        "Normalized EBITDA": NaN,
        "Total Unusual Items": NaN,
        "Total Unusual Items Excluding Goodwill": NaN,
        "Net Income From Continuing Operation Net Minority Interest": NaN,
        "Reconciled Depreciation": NaN,
        "Reconciled Cost Of Revenue": NaN,
        "EBITDA": NaN,
        "EBIT": NaN,
        "Net Interest Income": NaN,
        "Interest Expense": NaN,
        "Normalized Income": NaN,
        "Net Income From Continuing And Discontinued Operation": NaN,
        "Total Expenses": NaN,
        "Total Operating Income As Reported": NaN,
        "Diluted Average Shares": NaN,
        "Basic Average Shares": NaN,
        "Diluted EPS": NaN,
        "Basic EPS": NaN,
        "Diluted NI Availto Com Stockholders": NaN,
        "Net Income Common Stockholders": NaN,
        "Net Income": NaN,
        "Net Income Including Noncontrolling Interests": NaN,
        "Net Income Continuous Operations": NaN,
        "Tax Provision": NaN,
        "Pretax Income": NaN,
        "Other Income Expense": NaN,
        "Special Income Charges": NaN,
        "Gain On Sale Of Ppe": NaN,
        "Write Off": NaN,
        "Net Non Operating Interest Income Expense": NaN,
        "Interest Expense Non Operating": NaN,
        "Operating Income": NaN,
        "Operating Expense": NaN,
        "Depreciation Amortization Depletion Income Statement": 3921000.0,
        "Depreciation And Amortization In Income Statement": 3921000.0,
        "Selling General And Administration": NaN,
        "Selling And Marketing Expense": 2423000.0,
        "General And Administrative Expense": 47113000.0,
        "Other Gand A": 47113000.0,
        "Gross Profit": NaN,
        "Cost Of Revenue": NaN,
        "Total Revenue": NaN,
        "Operating Revenue": NaN
    },
    "2024-06-30": {
        "Tax Effect Of Unusual Items": NaN,
        "Tax Rate For Calcs": NaN,
        "Normalized EBITDA": NaN,
        "Total Unusual Items": NaN,
        "Total Unusual Items Excluding Goodwill": NaN,
        "Net Income From Continuing Operation Net Minority Interest": NaN,
        "Reconciled Depreciation": NaN,
        "Reconciled Cost Of Revenue": NaN,
        "EBITDA": NaN,
        "EBIT": NaN,
        "Net Interest Income": NaN,
        "Interest Expense": NaN,
        "Normalized Income": NaN,
        "Net Income From Continuing And Discontinued Operation": NaN,
        "Total Expenses": NaN,
        "Total Operating Income As Reported": NaN,
        "Diluted Average Shares": NaN,
        "Basic Average Shares": NaN,
        "Diluted EPS": NaN,
        "Basic EPS": NaN,
        "Diluted NI Availto Com Stockholders": NaN,
        "Net Income Common Stockholders": NaN,
        "Net Income": NaN,
        "Net Income Including Noncontrolling Interests": NaN,
        "Net Income Continuous Operations": NaN,
        "Tax Provision": NaN,
        "Pretax Income": NaN,
        "Other Income Expense": NaN,
        "Special Income Charges": NaN,
        "Gain On Sale Of Ppe": NaN,
        "Write Off": NaN,
        "Net Non Operating Interest Income Expense": NaN,
        "Interest Expense Non Operating": NaN,
        "Operating Income": NaN,
        "Operating Expense": NaN,
        "Depreciation Amortization Depletion Income Statement": 4826000.0,
        "Depreciation And Amortization In Income Statement": 4826000.0,
        "Selling General And Administration": NaN,
        "Selling And Marketing Expense": 2687000.0,
        "General And Administrative Expense": 44148000.0,
        "Other Gand A": 44148000.0,
        "Gross Profit": NaN,
        "Cost Of Revenue": NaN,
        "Total Revenue": NaN,
        "Operating Revenue": NaN
    },
    "2024-09-30": {
        "Tax Effect Of Unusual Items": -3420032.0,
        "Tax Rate For Calcs": 0.154,
        "Normalized EBITDA": 27640000.0,
        "Total Unusual Items": -22208000.0,
        "Total Unusual Items Excluding Goodwill": -22208000.0,
        "Net Income From Continuing Operation Net Minority Interest": -10878000.0,
        "Reconciled Depreciation": 10196000.0,
        "Reconciled Cost Of Revenue": 139937000.0,
        "EBITDA": 5432000.0,
        "EBIT": -4764000.0,
        "Net Interest Income": -8091000.0,
        "Interest Expense": 8091000.0,
        "Normalized Income": 7909968.0,
        "Net Income From Continuing And Discontinued Operation": -10878000.0,
        "Total Expenses": 187623000.0,
        "Total Operating Income As Reported": -4764000.0,
        "Diluted Average Shares": 37220456.0,
        "Basic Average Shares": 37220456.0,
        "Diluted EPS": -0.29,
        "Basic EPS": -0.29,
        "Diluted NI Availto Com Stockholders": -10878000.0,
        "Net Income Common Stockholders": -10878000.0,
        "Net Income": -10878000.0,
        "Net Income Including Noncontrolling Interests": -10878000.0,
        "Net Income Continuous Operations": -10878000.0,
        "Tax Provision": -1977000.0,
        "Pretax Income": -12855000.0,
        "Other Income Expense": -22208000.0,
        "Special Income Charges": -22208000.0,
        "Gain On Sale Of Ppe": -192000.0,
        "Write Off": 22016000.0,
        "Net Non Operating Interest Income Expense": -8091000.0,
        "Interest Expense Non Operating": 8091000.0,
        "Operating Income": 17444000.0,
        "Operating Expense": 47686000.0,
        "Depreciation Amortization Depletion Income Statement": NaN,
        "Depreciation And Amortization In Income Statement": NaN,
        "Selling General And Administration": 47686000.0,
        "Selling And Marketing Expense": NaN,
        "General And Administrative Expense": NaN,
        "Other Gand A": NaN,
        "Gross Profit": 65130000.0,
        "Cost Of Revenue": 139937000.0,
        "Total Revenue": 205067000.0,
        "Operating Revenue": 205067000.0
    },
    "2024-12-31": {
        "Tax Effect Of Unusual Items": 19503.781268,
        "Tax Rate For Calcs": 0.375073,
        "Normalized EBITDA": 24418000.0,
        "Total Unusual Items": 52000.0,
        "Total Unusual Items Excluding Goodwill": 52000.0,
        "Net Income From Continuing Operation Net Minority Interest": 4297000.0,
        "Reconciled Depreciation": 9833000.0,
        "Reconciled Cost Of Revenue": 137987000.0,
        "EBITDA": 24470000.0,
        "EBIT": 14637000.0,
        "Net Interest Income": -7761000.0,
        "Interest Expense": 7761000.0,
        "Normalized Income": 4264503.781268,
        "Net Income From Continuing And Discontinued Operation": 4297000.0,
        "Total Expenses": 189291000.0,
        "Total Operating Income As Reported": 14637000.0,
        "Diluted Average Shares": 37444040.0,
        "Basic Average Shares": 37255837.0,
        "Diluted EPS": 0.11,
        "Basic EPS": 0.12,
        "Diluted NI Availto Com Stockholders": 4297000.0,
        "Net Income Common Stockholders": 4297000.0,
        "Net Income": 4297000.0,
        "Net Income Including Noncontrolling Interests": 4297000.0,
        "Net Income Continuous Operations": 4297000.0,
        "Tax Provision": 2579000.0,
        "Pretax Income": 6876000.0,
        "Other Income Expense": 52000.0,
        "Special Income Charges": 52000.0,
        "Gain On Sale Of Ppe": 52000.0,
        "Write Off": 0.0,
        "Net Non Operating Interest Income Expense": -7761000.0,
        "Interest Expense Non Operating": 7761000.0,
        "Operating Income": 14585000.0,
        "Operating Expense": 51304000.0,
        "Depreciation Amortization Depletion Income Statement": NaN,
        "Depreciation And Amortization In Income Statement": NaN,
        "Selling General And Administration": 51304000.0,
        "Selling And Marketing Expense": NaN,
        "General And Administrative Expense": NaN,
        "Other Gand A": NaN,
        "Gross Profit": 65889000.0,
        "Cost Of Revenue": 137987000.0,
        "Total Revenue": 203876000.0,
        "Operating Revenue": 203876000.0
    },
    "2025-03-31": {
        "Tax Effect Of Unusual Items": -106795.0,
        "Tax Rate For Calcs": 0.265,
        "Normalized EBITDA": 26948000.0,
        "Total Unusual Items": -403000.0,
        "Total Unusual Items Excluding Goodwill": -403000.0,
        "Net Income From Continuing Operation Net Minority Interest": 6805000.0,
        "Reconciled Depreciation": 9895000.0,
        "Reconciled Cost Of Revenue": 132235000.0,
        "EBITDA": 26545000.0,
        "EBIT": 16650000.0,
        "Net Interest Income": -7386000.0,
        "Interest Expense": 7386000.0,
        "Normalized Income": 7101205.0,
        "Net Income From Continuing And Discontinued Operation": 6805000.0,
        "Total Expenses": 189697000.0,
        "Total Operating Income As Reported": 16650000.0,
        "Diluted Average Shares": 37414010.0,
        "Basic Average Shares": 37298967.0,
        "Diluted EPS": 0.18,
        "Basic EPS": 0.18,
        "Diluted NI Availto Com Stockholders": 6805000.0,
        "Net Income Common Stockholders": 6805000.0,
        "Net Income": 6805000.0,
        "Net Income Including Noncontrolling Interests": 6805000.0,
        "Net Income Continuous Operations": 6805000.0,
        "Tax Provision": 2459000.0,
        "Pretax Income": 9264000.0,
        "Other Income Expense": -403000.0,
        "Special Income Charges": -403000.0,
        "Gain On Sale Of Ppe": -403000.0,
        "Write Off": NaN,
        "Net Non Operating Interest Income Expense": -7386000.0,
        "Interest Expense Non Operating": 7386000.0,
        "Operating Income": 17053000.0,
        "Operating Expense": 52025000.0,
        "Depreciation Amortization Depletion Income Statement": 4458000.0,
        "Depreciation And Amortization In Income Statement": 4458000.0,
        "Selling General And Administration": 47567000.0,
        "Selling And Marketing Expense": 2812000.0,
        "General And Administrative Expense": 44755000.0,
        "Other Gand A": 44755000.0,
        "Gross Profit": 69078000.0,
        "Cost Of Revenue": 137672000.0,
        "Total Revenue": 206750000.0,
        "Operating Revenue": 206750000.0
    },
    "2025-06-30": {
        "Tax Effect Of Unusual Items": -16401.0,
        "Tax Rate For Calcs": 0.231,
        "Normalized EBITDA": 30119000.0,
        "Total Unusual Items": -71000.0,
        "Total Unusual Items Excluding Goodwill": -71000.0,
        "Net Income From Continuing Operation Net Minority Interest": 9705000.0,
        "Reconciled Depreciation": 10069000.0,
        "Reconciled Cost Of Revenue": 133301000.0,
        "EBITDA": 30048000.0,
        "EBIT": 19979000.0,
        "Net Interest Income": -7364000.0,
        "Interest Expense": 7364000.0,
        "Normalized Income": 9759599.0,
        "Net Income From Continuing And Discontinued Operation": 9705000.0,
        "Total Expenses": 189533000.0,
        "Total Operating Income As Reported": 19979000.0,
        "Diluted Average Shares": 37412937.0,
        "Basic Average Shares": 37391097.0,
        "Diluted EPS": 0.26,
        "Basic EPS": 0.26,
        "Diluted NI Availto Com Stockholders": 9705000.0,
        "Net Income Common Stockholders": 9705000.0,
        "Net Income": 9705000.0,
        "Net Income Including Noncontrolling Interests": 9705000.0,
        "Net Income Continuous Operations": 9705000.0,
        "Tax Provision": 2910000.0,
        "Pretax Income": 12615000.0,
        "Other Income Expense": -71000.0,
        "Special Income Charges": -71000.0,
        "Gain On Sale Of Ppe": -71000.0,
        "Write Off": NaN,
        "Net Non Operating Interest Income Expense": -7364000.0,
        "Interest Expense Non Operating": 7364000.0,
        "Operating Income": 20050000.0,
        "Operating Expense": 50612000.0,
        "Depreciation Amortization Depletion Income Statement": 4449000.0,
        "Depreciation And Amortization In Income Statement": 4449000.0,
        "Selling General And Administration": 46163000.0,
        "Selling And Marketing Expense": 2793000.0,
        "General And Administrative Expense": 43370000.0,
        "Other Gand A": 43370000.0,
        "Gross Profit": 70662000.0,
        "Cost Of Revenue": 138921000.0,
        "Total Revenue": 209583000.0,
        "Operating Revenue": 209583000.0
    },
    "2025-09-30": {
        "Tax Effect Of Unusual Items": 114207.22135,
        "Tax Rate For Calcs": 0.304553,
        "Normalized EBITDA": 27002000.0,
        "Total Unusual Items": 375000.0,
        "Total Unusual Items Excluding Goodwill": 375000.0,
        "Net Income From Continuing Operation Net Minority Interest": 7088000.0,
        "Reconciled Depreciation": 9688000.0,
        "Reconciled Cost Of Revenue": 131495000.0,
        "EBITDA": 27377000.0,
        "EBIT": 17689000.0,
        "Net Interest Income": -7497000.0,
        "Interest Expense": 7497000.0,
        "Normalized Income": 6827207.22135,
        "Net Income From Continuing And Discontinued Operation": 7088000.0,
        "Total Expenses": 188121000.0,
        "Total Operating Income As Reported": 17689000.0,
        "Diluted Average Shares": 37582062.0,
        "Basic Average Shares": 37393620.0,
        "Diluted EPS": 0.19,
        "Basic EPS": 0.19,
        "Diluted NI Availto Com Stockholders": 7088000.0,
        "Net Income Common Stockholders": 7088000.0,
        "Net Income": 7088000.0,
        "Net Income Including Noncontrolling Interests": 7088000.0,
        "Net Income Continuous Operations": 7088000.0,
        "Tax Provision": 3104000.0,
        "Pretax Income": 10192000.0,
        "Other Income Expense": 375000.0,
        "Special Income Charges": 375000.0,
        "Gain On Sale Of Ppe": 375000.0,
        "Write Off": 0.0,
        "Net Non Operating Interest Income Expense": -7497000.0,
        "Interest Expense Non Operating": 7497000.0,
        "Operating Income": 17314000.0,
        "Operating Expense": 51256000.0,
        "Depreciation Amortization Depletion Income Statement": 4318000.0,
        "Depreciation And Amortization In Income Statement": 4318000.0,
        "Selling General And Administration": 46938000.0,
        "Selling And Marketing Expense": 2512000.0,
        "General And Administrative Expense": 44426000.0,
        "Other Gand A": 44426000.0,
        "Gross Profit": 68570000.0,
        "Cost Of Revenue": 136865000.0,
        "Total Revenue": 205435000.0,
        "Operating Revenue": 205435000.0
    }
}