{
    "2023-06-30": {
        "Tax Effect Of Unusual Items": NaN,
        "Tax Rate For Calcs": NaN,
        "Total Unusual Items": 0.0,
        "Total Unusual Items Excluding Goodwill": 0.0,
        "Net Income From Continuing Operation Net Minority Interest": NaN,
        "Reconciled Depreciation": NaN,
        "Net Interest Income": NaN,
        "Interest Expense": NaN,
        "Interest Income": NaN,
        "Normalized Income": NaN,
        "Net Income From Continuing And Discontinued Operation": NaN,
        "Diluted Average Shares": NaN,
        "Basic Average Shares": NaN,
        "Diluted EPS": NaN,
        "Basic EPS": NaN,
        "Diluted NI Availto Com Stockholders": NaN,
        "Net Income Common Stockholders": NaN,
        "Net Income": NaN,
        "Net Income Including Noncontrolling Interests": NaN,
        "Net Income Continuous Operations": NaN,
        "Tax Provision": NaN,
        "Pretax Income": NaN,
        "Gain On Sale Of Security": NaN,
        "Depreciation Amortization Depletion Income Statement": NaN,
        "Depreciation And Amortization In Income Statement": NaN,
        "Amortization": NaN,
        "Amortization Of Intangibles Income Statement": NaN,
        "Selling General And Administration": NaN,
        "Selling And Marketing Expense": NaN,
        "General And Administrative Expense": NaN,
        "Salaries And Wages": NaN,
        "Total Revenue": NaN,
        "Operating Revenue": NaN,
        "Occupancy And Equipment": NaN,
        "Professional Expense And Contract Services Expense": NaN,
        "Other Non Interest Expense": NaN
    },
    "2023-03-31": {
        "Tax Effect Of Unusual Items": NaN,
        "Tax Rate For Calcs": NaN,
        "Total Unusual Items": 0.0,
        "Total Unusual Items Excluding Goodwill": 0.0,
        "Net Income From Continuing Operation Net Minority Interest": NaN,
        "Reconciled Depreciation": NaN,
        "Net Interest Income": NaN,
        "Interest Expense": NaN,
        "Interest Income": NaN,
        "Normalized Income": NaN,
        "Net Income From Continuing And Discontinued Operation": NaN,
        "Diluted Average Shares": NaN,
        "Basic Average Shares": NaN,
        "Diluted EPS": NaN,
        "Basic EPS": NaN,
        "Diluted NI Availto Com Stockholders": NaN,
        "Net Income Common Stockholders": NaN,
        "Net Income": NaN,
        "Net Income Including Noncontrolling Interests": NaN,
        "Net Income Continuous Operations": NaN,
        "Tax Provision": NaN,
        "Pretax Income": NaN,
        "Gain On Sale Of Security": NaN,
        "Depreciation Amortization Depletion Income Statement": NaN,
        "Depreciation And Amortization In Income Statement": NaN,
        "Amortization": NaN,
        "Amortization Of Intangibles Income Statement": NaN,
        "Selling General And Administration": NaN,
        "Selling And Marketing Expense": NaN,
        "General And Administrative Expense": NaN,
        "Salaries And Wages": NaN,
        "Total Revenue": NaN,
        "Operating Revenue": NaN,
        "Occupancy And Equipment": NaN,
        "Professional Expense And Contract Services Expense": NaN,
        "Other Non Interest Expense": NaN
    },
    "2022-12-31": {
        "Tax Effect Of Unusual Items": NaN,
        "Tax Rate For Calcs": NaN,
        "Total Unusual Items": 3000.0,
        "Total Unusual Items Excluding Goodwill": 3000.0,
        "Net Income From Continuing Operation Net Minority Interest": NaN,
        "Reconciled Depreciation": NaN,
        "Net Interest Income": NaN,
        "Interest Expense": NaN,
        "Interest Income": NaN,
        "Normalized Income": NaN,
        "Net Income From Continuing And Discontinued Operation": NaN,
        "Diluted Average Shares": NaN,
        "Basic Average Shares": NaN,
        "Diluted EPS": NaN,
        "Basic EPS": NaN,
        "Diluted NI Availto Com Stockholders": NaN,
        "Net Income Common Stockholders": NaN,
        "Net Income": NaN,
        "Net Income Including Noncontrolling Interests": NaN,
        "Net Income Continuous Operations": NaN,
        "Tax Provision": NaN,
        "Pretax Income": NaN,
        "Gain On Sale Of Security": NaN,
        "Depreciation Amortization Depletion Income Statement": NaN,
        "Depreciation And Amortization In Income Statement": NaN,
        "Amortization": NaN,
        "Amortization Of Intangibles Income Statement": NaN,
        "Selling General And Administration": NaN,
        "Selling And Marketing Expense": NaN,
        "General And Administrative Expense": NaN,
        "Other Gand A": -622000.0,
        "Salaries And Wages": NaN,
        "Total Revenue": NaN,
        "Operating Revenue": NaN,
        "Occupancy And Equipment": NaN,
        "Professional Expense And Contract Services Expense": NaN,
        "Other Non Interest Expense": NaN
    },
    "2022-09-30": {
        "Tax Effect Of Unusual Items": NaN,
        "Tax Rate For Calcs": NaN,
        "Total Unusual Items": NaN,
        "Total Unusual Items Excluding Goodwill": NaN,
        "Net Income From Continuing Operation Net Minority Interest": NaN,
        "Reconciled Depreciation": NaN,
        "Net Interest Income": NaN,
        "Interest Expense": NaN,
        "Interest Income": NaN,
        "Normalized Income": NaN,
        "Net Income From Continuing And Discontinued Operation": NaN,
        "Diluted Average Shares": NaN,
        "Basic Average Shares": NaN,
        "Diluted EPS": NaN,
        "Basic EPS": NaN,
        "Diluted NI Availto Com Stockholders": NaN,
        "Net Income Common Stockholders": NaN,
        "Net Income": NaN,
        "Net Income Including Noncontrolling Interests": NaN,
        "Net Income Continuous Operations": NaN,
        "Tax Provision": NaN,
        "Pretax Income": NaN,
        "Gain On Sale Of Security": NaN,
        "Depreciation Amortization Depletion Income Statement": NaN,
        "Depreciation And Amortization In Income Statement": NaN,
        "Amortization": NaN,
        "Amortization Of Intangibles Income Statement": NaN,
        "Selling General And Administration": NaN,
        "Selling And Marketing Expense": NaN,
        "General And Administrative Expense": NaN,
        "Other Gand A": 2060000.0,
        "Salaries And Wages": NaN,
        "Total Revenue": NaN,
        "Operating Revenue": NaN
    },
    "2022-06-30": {
        "Tax Effect Of Unusual Items": 500.0,
        "Tax Rate For Calcs": 0.25,
        "Total Unusual Items": 2000.0,
        "Total Unusual Items Excluding Goodwill": 2000.0,
        "Net Income From Continuing Operation Net Minority Interest": 4482000.0,
        "Reconciled Depreciation": 77000.0,
        "Net Interest Income": 20138000.0,
        "Interest Expense": 1493000.0,
        "Interest Income": 21631000.0,
        "Normalized Income": 4480500.0,
        "Net Income From Continuing And Discontinued Operation": 4482000.0,
        "Diluted Average Shares": 9717667.0,
        "Basic Average Shares": 9450987.0,
        "Diluted EPS": 0.46,
        "Basic EPS": 0.47,
        "Diluted NI Availto Com Stockholders": 4482000.0,
        "Net Income Common Stockholders": 4482000.0,
        "Net Income": 4482000.0,
        "Net Income Including Noncontrolling Interests": 4482000.0,
        "Net Income Continuous Operations": 4482000.0,
        "Tax Provision": 1494000.0,
        "Pretax Income": 5976000.0,
        "Gain On Sale Of Security": 144000.0,
        "Depreciation Amortization Depletion Income Statement": 77000.0,
        "Depreciation And Amortization In Income Statement": 77000.0,
        "Amortization": 77000.0,
        "Amortization Of Intangibles Income Statement": 77000.0,
        "Selling General And Administration": 15436000.0,
        "Selling And Marketing Expense": 428000.0,
        "General And Administrative Expense": 15008000.0,
        "Other Gand A": 2063000.0,
        "Salaries And Wages": 12945000.0,
        "Total Revenue": 27080000.0,
        "Operating Revenue": 27080000.0
    },
    "2022-03-31": {
        "Diluted EPS": 0.57,
        "Total Revenue": 28,
        "Gross Profit": 27,
        "Operating Income": 7,
        "EBIT": NaN,
        "Net Income": 6
    },
    "2021-12-31": {
        "Diluted EPS": 0.22,
        "Total Revenue": 25,
        "Gross Profit": 24,
        "Operating Income": 3,
        "EBIT": NaN,
        "Net Income": 2
    },
    "2021-09-30": {
        "Diluted EPS": 0.78,
        "Total Revenue": 27,
        "Gross Profit": 25,
        "Operating Income": 8,
        "EBIT": NaN,
        "Net Income": 6
    },
    "2021-06-30": {
        "Diluted EPS": 0.76,
        "Total Revenue": 25,
        "Gross Profit": 24,
        "Operating Income": 8,
        "EBIT": NaN,
        "Net Income": 6
    },
    "2021-03-31": {
        "Diluted EPS": 0.74,
        "Total Revenue": 25,
        "Gross Profit": 24,
        "Operating Income": 8,
        "EBIT": NaN,
        "Net Income": 6
    },
    "2020-12-31": {
        "Diluted EPS": 0.61,
        "Total Revenue": 25,
        "Gross Profit": 23,
        "Operating Income": 7,
        "EBIT": NaN,
        "Net Income": 5
    },
    "2020-09-30": {
        "Diluted EPS": 1.2,
        "Total Revenue": 32,
        "Gross Profit": 31,
        "Operating Income": 13,
        "EBIT": NaN,
        "Net Income": 10
    },
    "2020-06-30": {
        "Diluted EPS": 1.1,
        "Total Revenue": 28,
        "Gross Profit": 26,
        "Operating Income": 11,
        "EBIT": NaN,
        "Net Income": 9
    },
    "2020-03-31": {
        "Diluted EPS": 0.17,
        "Total Revenue": 19,
        "Gross Profit": 17,
        "Operating Income": 2,
        "EBIT": NaN,
        "Net Income": 1
    },
    "2019-12-31": {
        "Diluted EPS": 0.32,
        "Total Revenue": 20,
        "Gross Profit": 16,
        "Operating Income": 3,
        "EBIT": NaN,
        "Net Income": 3
    },
    "2019-09-30": {
        "Diluted EPS": 0.3,
        "Total Revenue": 20,
        "Gross Profit": 17,
        "Operating Income": 3,
        "EBIT": NaN,
        "Net Income": 2
    },
    "2019-06-30": {
        "Diluted EPS": 0.18,
        "Total Revenue": 20,
        "Gross Profit": 17,
        "Operating Income": 4,
        "EBIT": NaN,
        "Net Income": 1
    },
    "2019-03-31": {
        "Diluted EPS": 0.21,
        "Total Revenue": 18,
        "Gross Profit": 15,
        "Operating Income": 2,
        "EBIT": NaN,
        "Net Income": 2
    },
    "2018-12-31": {
        "Diluted EPS": 0.25,
        "Total Revenue": 17,
        "Gross Profit": 14,
        "Operating Income": 2,
        "EBIT": NaN,
        "Net Income": 2
    },
    "2018-09-30": {
        "Diluted EPS": 0.19,
        "Total Revenue": 17,
        "Gross Profit": 14,
        "Operating Income": 2,
        "EBIT": NaN,
        "Net Income": 1
    },
    "2018-06-30": {
        "Diluted EPS": 0.08,
        "Total Revenue": 16,
        "Gross Profit": 14,
        "Operating Income": 1,
        "EBIT": NaN,
        "Net Income": 0
    },
    "2018-03-31": {
        "Diluted EPS": 0.11,
        "Total Revenue": 16,
        "Gross Profit": 15,
        "Operating Income": 2,
        "EBIT": NaN,
        "Net Income": 1
    },
    "2017-12-31": {
        "Diluted EPS": -0.09,
        "Total Revenue": 17,
        "Gross Profit": 16,
        "Operating Income": 0,
        "EBIT": NaN,
        "Net Income": 0
    },
    "2017-09-30": {
        "Diluted EPS": 0.08,
        "Total Revenue": 16,
        "Gross Profit": 14,
        "Operating Income": 2,
        "EBIT": NaN,
        "Net Income": 0
    },
    "2017-06-30": {
        "Diluted EPS": -0.03,
        "Total Revenue": 15,
        "Gross Profit": 13,
        "Operating Income": 1,
        "EBIT": NaN,
        "Net Income": 0
    },
    "2017-03-31": {
        "Diluted EPS": -0.01,
        "Total Revenue": 14,
        "Gross Profit": 12,
        "Operating Income": 1,
        "EBIT": NaN,
        "Net Income": 0
    },
    "2016-12-31": {
        "Diluted EPS": 0.0,
        "Total Revenue": NaN,
        "Gross Profit": NaN,
        "Operating Income": NaN,
        "EBIT": NaN,
        "Net Income": NaN
    },
    "2023-09-30": {
        "Tax Effect Of Unusual Items": NaN,
        "Tax Rate For Calcs": NaN,
        "Total Unusual Items": 0.0,
        "Total Unusual Items Excluding Goodwill": 0.0,
        "Net Income From Continuing Operation Net Minority Interest": NaN,
        "Reconciled Depreciation": NaN,
        "Net Interest Income": NaN,
        "Interest Expense": NaN,
        "Interest Income": NaN,
        "Normalized Income": NaN,
        "Net Income From Continuing And Discontinued Operation": NaN,
        "Diluted Average Shares": NaN,
        "Basic Average Shares": NaN,
        "Diluted EPS": NaN,
        "Basic EPS": NaN,
        "Diluted NI Availto Com Stockholders": NaN,
        "Net Income Common Stockholders": NaN,
        "Net Income": NaN,
        "Net Income Including Noncontrolling Interests": NaN,
        "Net Income Continuous Operations": NaN,
        "Tax Provision": NaN,
        "Pretax Income": NaN,
        "Gain On Sale Of Security": NaN,
        "Depreciation Amortization Depletion Income Statement": NaN,
        "Depreciation And Amortization In Income Statement": NaN,
        "Amortization": NaN,
        "Amortization Of Intangibles Income Statement": NaN,
        "Selling General And Administration": NaN,
        "Selling And Marketing Expense": NaN,
        "General And Administrative Expense": NaN,
        "Salaries And Wages": NaN,
        "Total Revenue": NaN,
        "Operating Revenue": NaN,
        "Occupancy And Equipment": NaN,
        "Professional Expense And Contract Services Expense": NaN,
        "Other Non Interest Expense": NaN
    },
    "2023-12-31": {
        "Tax Effect Of Unusual Items": NaN,
        "Tax Rate For Calcs": NaN,
        "Total Unusual Items": 0.0,
        "Total Unusual Items Excluding Goodwill": 0.0,
        "Net Income From Continuing Operation Net Minority Interest": NaN,
        "Reconciled Depreciation": NaN,
        "Net Interest Income": NaN,
        "Interest Expense": NaN,
        "Interest Income": NaN,
        "Normalized Income": NaN,
        "Net Income From Continuing And Discontinued Operation": NaN,
        "Diluted Average Shares": NaN,
        "Basic Average Shares": NaN,
        "Diluted EPS": NaN,
        "Basic EPS": NaN,
        "Diluted NI Availto Com Stockholders": NaN,
        "Net Income Common Stockholders": NaN,
        "Net Income": NaN,
        "Net Income Including Noncontrolling Interests": NaN,
        "Net Income Continuous Operations": NaN,
        "Tax Provision": NaN,
        "Pretax Income": NaN,
        "Gain On Sale Of Security": NaN,
        "Depreciation Amortization Depletion Income Statement": NaN,
        "Depreciation And Amortization In Income Statement": NaN,
        "Amortization": NaN,
        "Amortization Of Intangibles Income Statement": NaN,
        "Selling General And Administration": NaN,
        "Selling And Marketing Expense": NaN,
        "General And Administrative Expense": NaN,
        "Salaries And Wages": NaN,
        "Total Revenue": NaN,
        "Operating Revenue": NaN,
        "Occupancy And Equipment": NaN,
        "Professional Expense And Contract Services Expense": NaN,
        "Other Non Interest Expense": NaN
    },
    "2024-03-31": {
        "Tax Effect Of Unusual Items": 0.0,
        "Tax Rate For Calcs": 0.29729,
        "Total Unusual Items": 0.0,
        "Total Unusual Items Excluding Goodwill": 0.0,
        "Net Income From Continuing Operation Net Minority Interest": 2515000.0,
        "Reconciled Depreciation": 625000.0,
        "Net Interest Income": 15975000.0,
        "Interest Expense": 22328000.0,
        "Interest Income": 38303000.0,
        "Normalized Income": 2515000.0,
        "Net Income From Continuing And Discontinued Operation": 2515000.0,
        "Diluted Average Shares": 9710764.0,
        "Basic Average Shares": 9621309.0,
        "Diluted EPS": 0.26,
        "Basic EPS": 0.26,
        "Diluted NI Availto Com Stockholders": 2515000.0,
        "Net Income Common Stockholders": 2515000.0,
        "Net Income": 2515000.0,
        "Net Income Including Noncontrolling Interests": 2515000.0,
        "Net Income Continuous Operations": 2515000.0,
        "Tax Provision": 1064000.0,
        "Pretax Income": 3579000.0,
        "Gain On Sale Of Security": -6000.0,
        "Depreciation Amortization Depletion Income Statement": 57000.0,
        "Depreciation And Amortization In Income Statement": 57000.0,
        "Amortization": 57000.0,
        "Amortization Of Intangibles Income Statement": 57000.0,
        "Selling General And Administration": 11461000.0,
        "Selling And Marketing Expense": 194000.0,
        "General And Administrative Expense": 11267000.0,
        "Salaries And Wages": 11267000.0,
        "Total Revenue": 23347000.0,
        "Operating Revenue": 23347000.0,
        "Occupancy And Equipment": 1976000.0,
        "Professional Expense And Contract Services Expense": 2411000.0,
        "Other Non Interest Expense": 3791000.0
    },
    "2024-06-30": {
        "Tax Effect Of Unusual Items": 0.0,
        "Tax Rate For Calcs": 0.24,
        "Total Unusual Items": NaN,
        "Total Unusual Items Excluding Goodwill": NaN,
        "Net Income From Continuing Operation Net Minority Interest": 1076000.0,
        "Reconciled Depreciation": 631000.0,
        "Net Interest Income": 15673000.0,
        "Interest Expense": 22276000.0,
        "Interest Income": 37949000.0,
        "Normalized Income": 1076000.0,
        "Net Income From Continuing And Discontinued Operation": 1076000.0,
        "Diluted Average Shares": 9750667.0,
        "Basic Average Shares": 9647345.0,
        "Diluted EPS": 0.11,
        "Basic EPS": 0.11,
        "Diluted NI Availto Com Stockholders": 1076000.0,
        "Net Income Common Stockholders": 1076000.0,
        "Net Income": 1076000.0,
        "Net Income Including Noncontrolling Interests": 1076000.0,
        "Net Income Continuous Operations": 1076000.0,
        "Tax Provision": 339000.0,
        "Pretax Income": 1415000.0,
        "Gain On Sale Of Security": -2000.0,
        "Depreciation Amortization Depletion Income Statement": 56000.0,
        "Depreciation And Amortization In Income Statement": 56000.0,
        "Amortization": 56000.0,
        "Amortization Of Intangibles Income Statement": 56000.0,
        "Selling General And Administration": 11340000.0,
        "Selling And Marketing Expense": 243000.0,
        "General And Administrative Expense": 11097000.0,
        "Salaries And Wages": 11097000.0,
        "Total Revenue": 22750000.0,
        "Operating Revenue": 22750000.0,
        "Occupancy And Equipment": 2080000.0,
        "Professional Expense And Contract Services Expense": 1826000.0,
        "Other Non Interest Expense": 3699000.0
    },
    "2024-09-30": {
        "Tax Effect Of Unusual Items": 0.0,
        "Tax Rate For Calcs": 0.201,
        "Total Unusual Items": NaN,
        "Total Unusual Items Excluding Goodwill": NaN,
        "Net Income From Continuing Operation Net Minority Interest": 2134000.0,
        "Reconciled Depreciation": 653000.0,
        "Net Interest Income": 15434000.0,
        "Interest Expense": 22522000.0,
        "Interest Income": 37956000.0,
        "Normalized Income": 2134000.0,
        "Net Income From Continuing And Discontinued Operation": 2134000.0,
        "Diluted Average Shares": 9825515.0,
        "Basic Average Shares": 9663131.0,
        "Diluted EPS": 0.22,
        "Basic EPS": 0.22,
        "Diluted NI Availto Com Stockholders": 2134000.0,
        "Net Income Common Stockholders": 2134000.0,
        "Net Income": 2134000.0,
        "Net Income Including Noncontrolling Interests": 2134000.0,
        "Net Income Continuous Operations": 2134000.0,
        "Tax Provision": 537000.0,
        "Pretax Income": 2671000.0,
        "Gain On Sale Of Security": 24000.0,
        "Depreciation Amortization Depletion Income Statement": 57000.0,
        "Depreciation And Amortization In Income Statement": 57000.0,
        "Amortization": 57000.0,
        "Amortization Of Intangibles Income Statement": 57000.0,
        "Selling General And Administration": 11813000.0,
        "Selling And Marketing Expense": 374000.0,
        "General And Administrative Expense": 11439000.0,
        "Salaries And Wages": 11439000.0,
        "Total Revenue": 22540000.0,
        "Operating Revenue": 22540000.0,
        "Occupancy And Equipment": 2126000.0,
        "Professional Expense And Contract Services Expense": 1893000.0,
        "Other Non Interest Expense": 3479000.0
    },
    "2024-12-31": {
        "Tax Effect Of Unusual Items": 0.0,
        "Tax Rate For Calcs": 0.297905,
        "Total Unusual Items": NaN,
        "Total Unusual Items Excluding Goodwill": NaN,
        "Net Income From Continuing Operation Net Minority Interest": 2748000.0,
        "Reconciled Depreciation": 656000.0,
        "Net Interest Income": 16779000.0,
        "Interest Expense": 21201000.0,
        "Interest Income": 37980000.0,
        "Normalized Income": 2748000.0,
        "Net Income From Continuing And Discontinued Operation": 2748000.0,
        "Diluted Average Shares": 9794797.0,
        "Basic Average Shares": 9665621.0,
        "Diluted EPS": 0.28,
        "Basic EPS": 0.28,
        "Diluted NI Availto Com Stockholders": 2748000.0,
        "Net Income Common Stockholders": 2748000.0,
        "Net Income": 2748000.0,
        "Net Income Including Noncontrolling Interests": 2748000.0,
        "Net Income Continuous Operations": 2748000.0,
        "Tax Provision": 1166000.0,
        "Pretax Income": 3914000.0,
        "Gain On Sale Of Security": -49000.0,
        "Depreciation Amortization Depletion Income Statement": 56000.0,
        "Depreciation And Amortization In Income Statement": 56000.0,
        "Amortization": 56000.0,
        "Amortization Of Intangibles Income Statement": 56000.0,
        "Selling General And Administration": 14538000.0,
        "Selling And Marketing Expense": 397000.0,
        "General And Administrative Expense": 14141000.0,
        "Salaries And Wages": 11237000.0,
        "Total Revenue": 20803000.0,
        "Operating Revenue": 20803000.0,
        "Occupancy And Equipment": 2100000.0,
        "Professional Expense And Contract Services Expense": 1821000.0,
        "Other Non Interest Expense": -652000.0
    },
    "2025-03-31": {
        "Tax Effect Of Unusual Items": 100419.637857,
        "Tax Rate For Calcs": 0.218779,
        "Total Unusual Items": 459000.0,
        "Total Unusual Items Excluding Goodwill": 459000.0,
        "Net Income From Continuing Operation Net Minority Interest": 4185000.0,
        "Reconciled Depreciation": 672000.0,
        "Net Interest Income": 17325000.0,
        "Interest Expense": 19756000.0,
        "Interest Income": 37081000.0,
        "Normalized Income": 3826419.637857,
        "Net Income From Continuing And Discontinued Operation": 4185000.0,
        "Diluted Average Shares": 9798591.0,
        "Basic Average Shares": 9704419.0,
        "Diluted EPS": 0.43,
        "Basic EPS": 0.43,
        "Diluted NI Availto Com Stockholders": 4185000.0,
        "Net Income Common Stockholders": 4185000.0,
        "Net Income": 4185000.0,
        "Net Income Including Noncontrolling Interests": 4185000.0,
        "Net Income Continuous Operations": 4185000.0,
        "Tax Provision": 1172000.0,
        "Pretax Income": 5357000.0,
        "Gain On Sale Of Security": 11000.0,
        "Depreciation Amortization Depletion Income Statement": 51000.0,
        "Depreciation And Amortization In Income Statement": 51000.0,
        "Amortization": 51000.0,
        "Amortization Of Intangibles Income Statement": 51000.0,
        "Selling General And Administration": 11696000.0,
        "Selling And Marketing Expense": 216000.0,
        "General And Administrative Expense": 11480000.0,
        "Salaries And Wages": 11480000.0,
        "Total Revenue": 24798000.0,
        "Operating Revenue": 24798000.0,
        "Occupancy And Equipment": 2210000.0,
        "Professional Expense And Contract Services Expense": 1704000.0,
        "Other Non Interest Expense": 3700000.0
    }
}