{
    "2023-03-31": {
        "Tax Effect Of Unusual Items": NaN,
        "Tax Rate For Calcs": NaN,
        "Normalized EBITDA": NaN,
        "Total Unusual Items": 0.0,
        "Total Unusual Items Excluding Goodwill": 0.0,
        "Net Income From Continuing Operation Net Minority Interest": NaN,
        "Reconciled Depreciation": NaN,
        "Reconciled Cost Of Revenue": NaN,
        "EBITDA": NaN,
        "EBIT": NaN,
        "Net Interest Income": NaN,
        "Interest Expense": NaN,
        "Interest Income": NaN,
        "Normalized Income": NaN,
        "Net Income From Continuing And Discontinued Operation": NaN,
        "Total Expenses": NaN,
        "Total Operating Income As Reported": NaN,
        "Diluted Average Shares": NaN,
        "Basic Average Shares": NaN,
        "Diluted EPS": NaN,
        "Basic EPS": NaN,
        "Diluted NI Availto Com Stockholders": NaN,
        "Net Income Common Stockholders": NaN,
        "Net Income": NaN,
        "Net Income Including Noncontrolling Interests": NaN,
        "Net Income Continuous Operations": NaN,
        "Tax Provision": NaN,
        "Pretax Income": NaN,
        "Other Income Expense": NaN,
        "Other Non Operating Income Expenses": NaN,
        "Special Income Charges": 0.0,
        "Other Special Charges": NaN,
        "Impairment Of Capital Assets": 0.0,
        "Net Non Operating Interest Income Expense": NaN,
        "Interest Expense Non Operating": NaN,
        "Interest Income Non Operating": NaN,
        "Operating Income": NaN,
        "Operating Expense": NaN,
        "Research And Development": NaN,
        "Selling General And Administration": NaN,
        "General And Administrative Expense": NaN,
        "Other Gand A": NaN,
        "Gross Profit": NaN,
        "Cost Of Revenue": NaN,
        "Total Revenue": NaN,
        "Operating Revenue": NaN
    },
    "2022-12-31": {
        "Tax Effect Of Unusual Items": NaN,
        "Tax Rate For Calcs": NaN,
        "Normalized EBITDA": NaN,
        "Total Unusual Items": NaN,
        "Total Unusual Items Excluding Goodwill": NaN,
        "Net Income From Continuing Operation Net Minority Interest": NaN,
        "Reconciled Depreciation": NaN,
        "Reconciled Cost Of Revenue": NaN,
        "EBITDA": NaN,
        "EBIT": NaN,
        "Net Interest Income": NaN,
        "Interest Expense": NaN,
        "Interest Income": NaN,
        "Normalized Income": NaN,
        "Net Income From Continuing And Discontinued Operation": NaN,
        "Total Expenses": NaN,
        "Total Operating Income As Reported": NaN,
        "Diluted Average Shares": NaN,
        "Basic Average Shares": NaN,
        "Diluted EPS": NaN,
        "Basic EPS": NaN,
        "Diluted NI Availto Com Stockholders": NaN,
        "Net Income Common Stockholders": NaN,
        "Net Income": NaN,
        "Minority Interests": 0.0,
        "Net Income Including Noncontrolling Interests": NaN,
        "Net Income Continuous Operations": NaN,
        "Tax Provision": NaN,
        "Pretax Income": NaN,
        "Other Income Expense": NaN,
        "Other Non Operating Income Expenses": NaN,
        "Special Income Charges": NaN,
        "Other Special Charges": NaN,
        "Impairment Of Capital Assets": NaN,
        "Net Non Operating Interest Income Expense": NaN,
        "Interest Expense Non Operating": NaN,
        "Interest Income Non Operating": NaN,
        "Operating Income": NaN,
        "Operating Expense": NaN,
        "Research And Development": NaN,
        "Selling General And Administration": NaN,
        "General And Administrative Expense": NaN,
        "Other Gand A": NaN,
        "Gross Profit": NaN,
        "Cost Of Revenue": NaN,
        "Total Revenue": NaN,
        "Operating Revenue": NaN
    },
    "2022-09-30": {
        "Tax Effect Of Unusual Items": NaN,
        "Tax Rate For Calcs": NaN,
        "Normalized EBITDA": NaN,
        "Total Unusual Items": NaN,
        "Total Unusual Items Excluding Goodwill": NaN,
        "Net Income From Continuing Operation Net Minority Interest": NaN,
        "Reconciled Depreciation": NaN,
        "Reconciled Cost Of Revenue": NaN,
        "EBITDA": NaN,
        "EBIT": NaN,
        "Net Interest Income": NaN,
        "Interest Expense": NaN,
        "Interest Income": NaN,
        "Normalized Income": NaN,
        "Net Income From Continuing And Discontinued Operation": NaN,
        "Total Expenses": NaN,
        "Total Operating Income As Reported": NaN,
        "Diluted Average Shares": NaN,
        "Basic Average Shares": NaN,
        "Diluted EPS": NaN,
        "Basic EPS": NaN,
        "Diluted NI Availto Com Stockholders": NaN,
        "Net Income Common Stockholders": NaN,
        "Net Income": NaN,
        "Minority Interests": 0.0,
        "Net Income Including Noncontrolling Interests": NaN,
        "Net Income Continuous Operations": NaN,
        "Tax Provision": NaN,
        "Pretax Income": NaN,
        "Other Income Expense": NaN,
        "Other Non Operating Income Expenses": NaN,
        "Special Income Charges": NaN,
        "Impairment Of Capital Assets": NaN,
        "Net Non Operating Interest Income Expense": NaN,
        "Interest Expense Non Operating": NaN,
        "Interest Income Non Operating": NaN,
        "Operating Income": NaN,
        "Operating Expense": NaN,
        "Research And Development": NaN,
        "Selling General And Administration": NaN,
        "General And Administrative Expense": 130500000.0,
        "Other Gand A": 130500000.0,
        "Gross Profit": NaN,
        "Cost Of Revenue": NaN,
        "Total Revenue": NaN,
        "Operating Revenue": NaN
    },
    "2022-06-30": {
        "Tax Effect Of Unusual Items": 0.0,
        "Tax Rate For Calcs": 0.212291,
        "Normalized EBITDA": -4400000.0,
        "Total Unusual Items": 0.0,
        "Total Unusual Items Excluding Goodwill": 0.0,
        "Net Income From Continuing Operation Net Minority Interest": -14100000.0,
        "Reconciled Depreciation": 12900000.0,
        "Reconciled Cost Of Revenue": 49700000.0,
        "EBITDA": -4400000.0,
        "EBIT": -17300000.0,
        "Net Interest Income": -200000.0,
        "Interest Expense": 600000.0,
        "Interest Income": 400000.0,
        "Normalized Income": -14100000.0,
        "Net Income From Continuing And Discontinued Operation": -14100000.0,
        "Total Expenses": 197100000.0,
        "Total Operating Income As Reported": -17800000.0,
        "Diluted Average Shares": 80400000.0,
        "Basic Average Shares": 80400000.0,
        "Diluted EPS": -0.18,
        "Basic EPS": -0.18,
        "Diluted NI Availto Com Stockholders": -14100000.0,
        "Net Income Common Stockholders": -14100000.0,
        "Net Income": -14100000.0,
        "Minority Interests": 0.0,
        "Net Income Including Noncontrolling Interests": -14100000.0,
        "Net Income Continuous Operations": -14100000.0,
        "Tax Provision": -3800000.0,
        "Pretax Income": -17900000.0,
        "Other Income Expense": 100000.0,
        "Other Non Operating Income Expenses": 100000.0,
        "Special Income Charges": 0.0,
        "Impairment Of Capital Assets": 0.0,
        "Net Non Operating Interest Income Expense": -200000.0,
        "Interest Expense Non Operating": 600000.0,
        "Interest Income Non Operating": 400000.0,
        "Operating Income": -17800000.0,
        "Operating Expense": 147400000.0,
        "Research And Development": 20300000.0,
        "Selling General And Administration": 127100000.0,
        "General And Administrative Expense": NaN,
        "Other Gand A": NaN,
        "Gross Profit": 129600000.0,
        "Cost Of Revenue": 49700000.0,
        "Total Revenue": 179300000.0,
        "Operating Revenue": 179300000.0
    },
    "2022-03-31": {
        "Diluted EPS": -0.26,
        "Total Revenue": 165,
        "Gross Profit": 117,
        "Operating Income": -26,
        "EBIT": -2,
        "Net Income": -21
    },
    "2021-12-31": {
        "Diluted EPS": -0.07,
        "Total Revenue": 161,
        "Gross Profit": 109,
        "Operating Income": -49,
        "EBIT": -36,
        "Net Income": -8
    },
    "2021-09-30": {
        "Diluted EPS": 0.3,
        "Total Revenue": 167,
        "Gross Profit": 120,
        "Operating Income": -80,
        "EBIT": -66,
        "Net Income": 25
    },
    "2021-06-30": {
        "Diluted EPS": -0.06,
        "Total Revenue": 189,
        "Gross Profit": 141,
        "Operating Income": -15,
        "EBIT": 4,
        "Net Income": -5
    },
    "2021-03-31": {
        "Diluted EPS": -0.52,
        "Total Revenue": 173,
        "Gross Profit": 123,
        "Operating Income": -47,
        "EBIT": -28,
        "Net Income": -40
    },
    "2020-12-31": {
        "Diluted EPS": 0.0,
        "Total Revenue": NaN,
        "Gross Profit": NaN,
        "Operating Income": NaN,
        "EBIT": NaN,
        "Net Income": NaN
    },
    "2020-09-30": {
        "Diluted EPS": -0.2,
        "Total Revenue": 145,
        "Gross Profit": 101,
        "Operating Income": -40,
        "EBIT": -22,
        "Net Income": -15
    },
    "2020-06-30": {
        "Diluted EPS": -0.74,
        "Total Revenue": 93,
        "Gross Profit": 57,
        "Operating Income": -68,
        "EBIT": -51,
        "Net Income": -55
    },
    "2020-03-31": {
        "Diluted EPS": -1.55,
        "Total Revenue": 164,
        "Gross Profit": 114,
        "Operating Income": -134,
        "EBIT": -17,
        "Net Income": -115
    },
    "2019-12-31": {
        "Diluted EPS": -0.11,
        "Total Revenue": 195,
        "Gross Profit": 146,
        "Operating Income": 195,
        "EBIT": 215,
        "Net Income": -8
    },
    "2019-09-30": {
        "Diluted EPS": -0.28,
        "Total Revenue": 186,
        "Gross Profit": 137,
        "Operating Income": -21,
        "EBIT": -21,
        "Net Income": -21
    },
    "2019-06-30": {
        "Diluted EPS": 0.0,
        "Total Revenue": NaN,
        "Gross Profit": NaN,
        "Operating Income": NaN,
        "EBIT": NaN,
        "Net Income": NaN
    },
    "2019-03-31": {
        "Diluted EPS": 0.09,
        "Total Revenue": 217,
        "Gross Profit": 168,
        "Operating Income": 6,
        "EBIT": 61,
        "Net Income": 7
    },
    "2018-12-31": {
        "Diluted EPS": 0.03,
        "Total Revenue": 217,
        "Gross Profit": 165,
        "Operating Income": 217,
        "EBIT": 235,
        "Net Income": 3
    },
    "2018-09-30": {
        "Diluted EPS": -0.01,
        "Total Revenue": 202,
        "Gross Profit": 153,
        "Operating Income": 1,
        "EBIT": 1,
        "Net Income": -1
    },
    "2018-06-30": {
        "Diluted EPS": 0.0,
        "Total Revenue": NaN,
        "Gross Profit": NaN,
        "Operating Income": NaN,
        "EBIT": NaN,
        "Net Income": NaN
    },
    "2018-03-31": {
        "Diluted EPS": 0.13,
        "Total Revenue": 183,
        "Gross Profit": 139,
        "Operating Income": 14,
        "EBIT": 53,
        "Net Income": 9
    },
    "2017-12-31": {
        "Diluted EPS": 0.43,
        "Total Revenue": 188,
        "Gross Profit": 144,
        "Operating Income": 188,
        "EBIT": 201,
        "Net Income": 31
    },
    "2017-09-30": {
        "Diluted EPS": 1.12,
        "Total Revenue": 179,
        "Gross Profit": 136,
        "Operating Income": 84,
        "EBIT": 84,
        "Net Income": 79
    },
    "2017-06-30": {
        "Diluted EPS": 0.0,
        "Total Revenue": NaN,
        "Gross Profit": NaN,
        "Operating Income": NaN,
        "EBIT": NaN,
        "Net Income": NaN
    },
    "2017-03-31": {
        "Diluted EPS": 0.06,
        "Total Revenue": 197,
        "Gross Profit": 153,
        "Operating Income": 8,
        "EBIT": 43,
        "Net Income": 4
    },
    "2016-12-31": {
        "Diluted EPS": 0.09,
        "Total Revenue": 197,
        "Gross Profit": 152,
        "Operating Income": 197,
        "EBIT": 209,
        "Net Income": 6
    },
    "2016-09-30": {
        "Diluted EPS": -0.02,
        "Total Revenue": 178,
        "Gross Profit": 138,
        "Operating Income": 6,
        "EBIT": 6,
        "Net Income": -1
    },
    "2016-06-30": {
        "Diluted EPS": 0.0,
        "Total Revenue": NaN,
        "Gross Profit": NaN,
        "Operating Income": NaN,
        "EBIT": NaN,
        "Net Income": NaN
    },
    "2016-03-31": {
        "Diluted EPS": 0.47,
        "Total Revenue": 191,
        "Gross Profit": 150,
        "Operating Income": 43,
        "EBIT": 63,
        "Net Income": 35
    },
    "2015-12-31": {
        "Diluted EPS": 0.5,
        "Total Revenue": 193,
        "Gross Profit": 153,
        "Operating Income": 193,
        "EBIT": 200,
        "Net Income": 37
    },
    "2015-09-30": {
        "Diluted EPS": 0.42,
        "Total Revenue": 184,
        "Gross Profit": 147,
        "Operating Income": 43,
        "EBIT": 43,
        "Net Income": 30
    },
    "2015-06-30": {
        "Diluted EPS": 0.0,
        "Total Revenue": NaN,
        "Gross Profit": NaN,
        "Operating Income": NaN,
        "EBIT": NaN,
        "Net Income": NaN
    },
    "2015-03-31": {
        "Diluted EPS": 0.29,
        "Total Revenue": 180,
        "Gross Profit": 144,
        "Operating Income": 36,
        "EBIT": 54,
        "Net Income": 21
    },
    "2014-12-31": {
        "Diluted EPS": 0.32,
        "Total Revenue": 184,
        "Gross Profit": 147,
        "Operating Income": 184,
        "EBIT": 190,
        "Net Income": 24
    },
    "2014-09-30": {
        "Diluted EPS": 0.21,
        "Total Revenue": 169,
        "Gross Profit": 134,
        "Operating Income": 26,
        "EBIT": 26,
        "Net Income": 16
    },
    "2014-06-30": {
        "Diluted EPS": 0.0,
        "Total Revenue": NaN,
        "Gross Profit": NaN,
        "Operating Income": NaN,
        "EBIT": NaN,
        "Net Income": NaN
    },
    "2014-03-31": {
        "Diluted EPS": 0.48,
        "Total Revenue": 183,
        "Gross Profit": 156,
        "Operating Income": 55,
        "EBIT": 64,
        "Net Income": 37
    },
    "2013-12-31": {
        "Diluted EPS": 0.66,
        "Total Revenue": 204,
        "Gross Profit": 178,
        "Operating Income": 204,
        "EBIT": 206,
        "Net Income": 50
    },
    "2013-09-30": {
        "Diluted EPS": 0.68,
        "Total Revenue": 202,
        "Gross Profit": 177,
        "Operating Income": 83,
        "EBIT": 83,
        "Net Income": 55
    },
    "2013-06-30": {
        "Diluted EPS": 0.0,
        "Total Revenue": NaN,
        "Gross Profit": NaN,
        "Operating Income": NaN,
        "EBIT": NaN,
        "Net Income": NaN
    },
    "2013-03-31": {
        "Diluted EPS": 0.46,
        "Total Revenue": 156,
        "Gross Profit": 136,
        "Operating Income": 58,
        "EBIT": 65,
        "Net Income": 38
    },
    "2012-12-31": {
        "Diluted EPS": 0.42,
        "Total Revenue": 149,
        "Gross Profit": 129,
        "Operating Income": 149,
        "EBIT": 151,
        "Net Income": 35
    },
    "2012-09-30": {
        "Diluted EPS": 0.36,
        "Total Revenue": 133,
        "Gross Profit": 116,
        "Operating Income": 49,
        "EBIT": 49,
        "Net Income": 30
    },
    "2012-06-30": {
        "Diluted EPS": 0.0,
        "Total Revenue": NaN,
        "Gross Profit": NaN,
        "Operating Income": NaN,
        "EBIT": NaN,
        "Net Income": NaN
    },
    "2012-03-31": {
        "Diluted EPS": 0.34,
        "Total Revenue": 130,
        "Gross Profit": 113,
        "Operating Income": 46,
        "EBIT": 53,
        "Net Income": 30
    },
    "2011-12-31": {
        "Diluted EPS": 0.33,
        "Total Revenue": 123,
        "Gross Profit": 107,
        "Operating Income": 123,
        "EBIT": 125,
        "Net Income": 28
    },
    "2011-09-30": {
        "Diluted EPS": 0.29,
        "Total Revenue": 110,
        "Gross Profit": 96,
        "Operating Income": 41,
        "EBIT": 41,
        "Net Income": 25
    },
    "2011-06-30": {
        "Diluted EPS": 0.0,
        "Total Revenue": NaN,
        "Gross Profit": NaN,
        "Operating Income": NaN,
        "EBIT": NaN,
        "Net Income": NaN
    },
    "2011-03-31": {
        "Diluted EPS": 0.31,
        "Total Revenue": 102,
        "Gross Profit": 91,
        "Operating Income": 42,
        "EBIT": 47,
        "Net Income": 28
    },
    "2010-12-31": {
        "Diluted EPS": 0.26,
        "Total Revenue": 100,
        "Gross Profit": 88,
        "Operating Income": 100,
        "EBIT": 102,
        "Net Income": 24
    },
    "2010-09-30": {
        "Diluted EPS": 0.24,
        "Total Revenue": 92,
        "Gross Profit": 81,
        "Operating Income": 36,
        "EBIT": 36,
        "Net Income": 23
    },
    "2010-06-30": {
        "Diluted EPS": 0.0,
        "Total Revenue": NaN,
        "Gross Profit": NaN,
        "Operating Income": NaN,
        "EBIT": NaN,
        "Net Income": NaN
    },
    "2010-03-31": {
        "Diluted EPS": 0.33,
        "Total Revenue": 91,
        "Gross Profit": 80,
        "Operating Income": 33,
        "EBIT": 39,
        "Net Income": 33
    },
    "2009-12-31": {
        "Diluted EPS": 0.36,
        "Total Revenue": 93,
        "Gross Profit": 82,
        "Operating Income": 93,
        "EBIT": 95,
        "Net Income": 35
    },
    "2009-09-30": {
        "Diluted EPS": 0.31,
        "Total Revenue": 85,
        "Gross Profit": 74,
        "Operating Income": 30,
        "EBIT": 30,
        "Net Income": 30
    },
    "2009-06-30": {
        "Diluted EPS": 0.0,
        "Total Revenue": NaN,
        "Gross Profit": NaN,
        "Operating Income": NaN,
        "EBIT": NaN,
        "Net Income": NaN
    },
    "2009-03-31": {
        "Diluted EPS": 0.25,
        "Total Revenue": 87,
        "Gross Profit": 75,
        "Operating Income": 35,
        "EBIT": 42,
        "Net Income": 25
    },
    "2023-06-30": {
        "Tax Effect Of Unusual Items": NaN,
        "Tax Rate For Calcs": NaN,
        "Normalized EBITDA": NaN,
        "Total Unusual Items": NaN,
        "Total Unusual Items Excluding Goodwill": NaN,
        "Net Income From Continuing Operation Net Minority Interest": NaN,
        "Reconciled Depreciation": NaN,
        "Reconciled Cost Of Revenue": NaN,
        "EBITDA": NaN,
        "EBIT": NaN,
        "Net Interest Income": NaN,
        "Interest Expense": NaN,
        "Interest Income": NaN,
        "Normalized Income": NaN,
        "Net Income From Continuing And Discontinued Operation": NaN,
        "Total Expenses": NaN,
        "Total Operating Income As Reported": NaN,
        "Diluted Average Shares": NaN,
        "Basic Average Shares": NaN,
        "Diluted EPS": NaN,
        "Basic EPS": NaN,
        "Diluted NI Availto Com Stockholders": NaN,
        "Net Income Common Stockholders": NaN,
        "Net Income": NaN,
        "Net Income Including Noncontrolling Interests": NaN,
        "Net Income Continuous Operations": NaN,
        "Tax Provision": NaN,
        "Pretax Income": NaN,
        "Other Income Expense": NaN,
        "Other Non Operating Income Expenses": NaN,
        "Special Income Charges": NaN,
        "Other Special Charges": 77500000.0,
        "Impairment Of Capital Assets": NaN,
        "Net Non Operating Interest Income Expense": NaN,
        "Interest Expense Non Operating": NaN,
        "Interest Income Non Operating": NaN,
        "Operating Income": NaN,
        "Operating Expense": NaN,
        "Research And Development": NaN,
        "Selling General And Administration": NaN,
        "General And Administrative Expense": 218200000.0,
        "Other Gand A": 218200000.0,
        "Gross Profit": NaN,
        "Cost Of Revenue": NaN,
        "Total Revenue": NaN,
        "Operating Revenue": NaN
    },
    "2023-09-30": {
        "Tax Effect Of Unusual Items": NaN,
        "Tax Rate For Calcs": NaN,
        "Normalized EBITDA": NaN,
        "Total Unusual Items": -34300000.0,
        "Total Unusual Items Excluding Goodwill": -34300000.0,
        "Net Income From Continuing Operation Net Minority Interest": NaN,
        "Reconciled Depreciation": NaN,
        "Reconciled Cost Of Revenue": NaN,
        "EBITDA": NaN,
        "EBIT": NaN,
        "Net Interest Income": NaN,
        "Interest Expense": NaN,
        "Interest Income": NaN,
        "Normalized Income": NaN,
        "Net Income From Continuing And Discontinued Operation": NaN,
        "Total Expenses": NaN,
        "Total Operating Income As Reported": NaN,
        "Diluted Average Shares": NaN,
        "Basic Average Shares": NaN,
        "Diluted EPS": NaN,
        "Basic EPS": NaN,
        "Diluted NI Availto Com Stockholders": NaN,
        "Net Income Common Stockholders": NaN,
        "Net Income": NaN,
        "Net Income Including Noncontrolling Interests": NaN,
        "Net Income Continuous Operations": NaN,
        "Tax Provision": NaN,
        "Pretax Income": NaN,
        "Other Income Expense": NaN,
        "Other Non Operating Income Expenses": NaN,
        "Special Income Charges": -34300000.0,
        "Other Special Charges": 34300000.0,
        "Impairment Of Capital Assets": 0.0,
        "Net Non Operating Interest Income Expense": NaN,
        "Interest Expense Non Operating": NaN,
        "Interest Income Non Operating": NaN,
        "Operating Income": NaN,
        "Operating Expense": NaN,
        "Research And Development": NaN,
        "Selling General And Administration": NaN,
        "Selling And Marketing Expense": NaN,
        "General And Administrative Expense": NaN,
        "Other Gand A": NaN,
        "Gross Profit": NaN,
        "Cost Of Revenue": NaN,
        "Total Revenue": NaN,
        "Operating Revenue": NaN
    },
    "2023-12-31": {
        "Tax Effect Of Unusual Items": NaN,
        "Tax Rate For Calcs": NaN,
        "Normalized EBITDA": NaN,
        "Total Unusual Items": -112800000.0,
        "Total Unusual Items Excluding Goodwill": -112800000.0,
        "Net Income From Continuing Operation Net Minority Interest": NaN,
        "Reconciled Depreciation": NaN,
        "Reconciled Cost Of Revenue": NaN,
        "EBITDA": NaN,
        "EBIT": NaN,
        "Net Interest Income": NaN,
        "Interest Expense": NaN,
        "Interest Income": NaN,
        "Normalized Income": NaN,
        "Net Income From Continuing And Discontinued Operation": NaN,
        "Total Expenses": NaN,
        "Total Operating Income As Reported": NaN,
        "Diluted Average Shares": NaN,
        "Basic Average Shares": NaN,
        "Diluted EPS": NaN,
        "Basic EPS": NaN,
        "Diluted NI Availto Com Stockholders": NaN,
        "Net Income Common Stockholders": NaN,
        "Net Income": NaN,
        "Net Income Including Noncontrolling Interests": NaN,
        "Net Income Continuous Operations": NaN,
        "Tax Provision": NaN,
        "Pretax Income": NaN,
        "Other Income Expense": NaN,
        "Other Non Operating Income Expenses": NaN,
        "Special Income Charges": -112800000.0,
        "Impairment Of Capital Assets": 0.0,
        "Net Non Operating Interest Income Expense": NaN,
        "Interest Expense Non Operating": NaN,
        "Interest Income Non Operating": NaN,
        "Operating Income": NaN,
        "Operating Expense": NaN,
        "Research And Development": NaN,
        "Selling General And Administration": NaN,
        "Selling And Marketing Expense": NaN,
        "General And Administrative Expense": NaN,
        "Other Gand A": NaN,
        "Gross Profit": NaN,
        "Cost Of Revenue": NaN,
        "Total Revenue": NaN,
        "Operating Revenue": NaN
    },
    "2024-03-31": {
        "Tax Effect Of Unusual Items": NaN,
        "Tax Rate For Calcs": NaN,
        "Normalized EBITDA": NaN,
        "Total Unusual Items": NaN,
        "Total Unusual Items Excluding Goodwill": NaN,
        "Net Income From Continuing Operation Net Minority Interest": NaN,
        "Reconciled Depreciation": NaN,
        "Reconciled Cost Of Revenue": NaN,
        "EBITDA": NaN,
        "EBIT": NaN,
        "Net Interest Income": NaN,
        "Interest Expense": NaN,
        "Interest Income": NaN,
        "Normalized Income": NaN,
        "Net Income From Continuing And Discontinued Operation": NaN,
        "Total Expenses": NaN,
        "Total Operating Income As Reported": NaN,
        "Diluted Average Shares": NaN,
        "Basic Average Shares": NaN,
        "Diluted EPS": NaN,
        "Basic EPS": NaN,
        "Diluted NI Availto Com Stockholders": NaN,
        "Net Income Common Stockholders": NaN,
        "Net Income": NaN,
        "Net Income Including Noncontrolling Interests": NaN,
        "Net Income Continuous Operations": NaN,
        "Tax Provision": NaN,
        "Pretax Income": NaN,
        "Other Income Expense": NaN,
        "Other Non Operating Income Expenses": NaN,
        "Special Income Charges": NaN,
        "Impairment Of Capital Assets": NaN,
        "Net Non Operating Interest Income Expense": NaN,
        "Interest Expense Non Operating": NaN,
        "Interest Income Non Operating": NaN,
        "Operating Income": NaN,
        "Operating Expense": NaN,
        "Research And Development": NaN,
        "Selling General And Administration": NaN,
        "Selling And Marketing Expense": 69400000.0,
        "General And Administrative Expense": NaN,
        "Other Gand A": NaN,
        "Gross Profit": NaN,
        "Cost Of Revenue": NaN,
        "Total Revenue": NaN,
        "Operating Revenue": NaN
    },
    "2024-06-30": {
        "Tax Effect Of Unusual Items": -155913.978495,
        "Tax Rate For Calcs": 0.013441,
        "Normalized EBITDA": -9700000.0,
        "Total Unusual Items": -11600000.0,
        "Total Unusual Items Excluding Goodwill": -11600000.0,
        "Net Income From Continuing Operation Net Minority Interest": -36700000.0,
        "Reconciled Depreciation": 15100000.0,
        "Reconciled Cost Of Revenue": 64400000.0,
        "EBITDA": -21300000.0,
        "EBIT": -36400000.0,
        "Net Interest Income": -400000.0,
        "Interest Expense": 800000.0,
        "Interest Income": 400000.0,
        "Normalized Income": -25255913.978495,
        "Net Income From Continuing And Discontinued Operation": -36700000.0,
        "Total Expenses": 236400000.0,
        "Total Operating Income As Reported": -36500000.0,
        "Diluted Average Shares": 90600000.0,
        "Basic Average Shares": 90600000.0,
        "Diluted EPS": -0.41,
        "Basic EPS": -0.41,
        "Diluted NI Availto Com Stockholders": -36700000.0,
        "Net Income Common Stockholders": -36700000.0,
        "Net Income": -36700000.0,
        "Net Income Including Noncontrolling Interests": -36700000.0,
        "Net Income Continuous Operations": -36700000.0,
        "Tax Provision": -500000.0,
        "Pretax Income": -37200000.0,
        "Other Income Expense": -11900000.0,
        "Other Non Operating Income Expenses": -300000.0,
        "Special Income Charges": -11600000.0,
        "Impairment Of Capital Assets": 11600000.0,
        "Net Non Operating Interest Income Expense": -400000.0,
        "Interest Expense Non Operating": 800000.0,
        "Interest Income Non Operating": 400000.0,
        "Operating Income": -24900000.0,
        "Operating Expense": 172000000.0,
        "Research And Development": 27100000.0,
        "Selling General And Administration": 144900000.0,
        "Selling And Marketing Expense": 72800000.0,
        "General And Administrative Expense": 72100000.0,
        "Other Gand A": 72100000.0,
        "Gross Profit": 147100000.0,
        "Cost Of Revenue": 64400000.0,
        "Total Revenue": 211500000.0,
        "Operating Revenue": 211500000.0
    },
    "2024-09-30": {
        "Tax Effect Of Unusual Items": -462000.0,
        "Tax Rate For Calcs": 0.21,
        "Normalized EBITDA": -2600000.0,
        "Total Unusual Items": -2200000.0,
        "Total Unusual Items Excluding Goodwill": -2200000.0,
        "Net Income From Continuing Operation Net Minority Interest": -22100000.0,
        "Reconciled Depreciation": 15600000.0,
        "Reconciled Cost Of Revenue": 63500000.0,
        "EBITDA": -4800000.0,
        "EBIT": -20400000.0,
        "Net Interest Income": -400000.0,
        "Interest Expense": 800000.0,
        "Interest Income": 400000.0,
        "Normalized Income": -20362000.0,
        "Net Income From Continuing And Discontinued Operation": -22100000.0,
        "Total Expenses": 231100000.0,
        "Total Operating Income As Reported": -20000000.0,
        "Diluted Average Shares": 90900000.0,
        "Basic Average Shares": 90900000.0,
        "Diluted EPS": -0.24,
        "Basic EPS": -0.24,
        "Diluted NI Availto Com Stockholders": -22100000.0,
        "Net Income Common Stockholders": -22100000.0,
        "Net Income": -22100000.0,
        "Net Income Including Noncontrolling Interests": -22100000.0,
        "Net Income Continuous Operations": -22100000.0,
        "Tax Provision": 900000.0,
        "Pretax Income": -21200000.0,
        "Other Income Expense": -3000000.0,
        "Other Non Operating Income Expenses": -800000.0,
        "Special Income Charges": -2200000.0,
        "Impairment Of Capital Assets": 2200000.0,
        "Net Non Operating Interest Income Expense": -400000.0,
        "Interest Expense Non Operating": 800000.0,
        "Interest Income Non Operating": 400000.0,
        "Operating Income": -17800000.0,
        "Operating Expense": 167600000.0,
        "Research And Development": 28500000.0,
        "Selling General And Administration": 139100000.0,
        "Selling And Marketing Expense": NaN,
        "General And Administrative Expense": 139100000.0,
        "Other Gand A": 139100000.0,
        "Gross Profit": 149800000.0,
        "Cost Of Revenue": 63500000.0,
        "Total Revenue": 213300000.0,
        "Operating Revenue": 213300000.0
    },
    "2024-12-31": {
        "Tax Effect Of Unusual Items": -4557000.0,
        "Tax Rate For Calcs": 0.21,
        "Normalized EBITDA": -1900000.0,
        "Total Unusual Items": -21700000.0,
        "Total Unusual Items Excluding Goodwill": -21700000.0,
        "Net Income From Continuing Operation Net Minority Interest": -42500000.0,
        "Reconciled Depreciation": 14800000.0,
        "Reconciled Cost Of Revenue": 59700000.0,
        "EBITDA": -23600000.0,
        "EBIT": -38400000.0,
        "Net Interest Income": -400000.0,
        "Interest Expense": 700000.0,
        "Interest Income": 300000.0,
        "Normalized Income": -25357000.0,
        "Net Income From Continuing And Discontinued Operation": -42500000.0,
        "Total Expenses": 227900000.0,
        "Total Operating Income As Reported": -39000000.0,
        "Diluted Average Shares": 91100000.0,
        "Basic Average Shares": 91100000.0,
        "Diluted EPS": -0.47,
        "Basic EPS": -0.47,
        "Diluted NI Availto Com Stockholders": -42500000.0,
        "Net Income Common Stockholders": -42500000.0,
        "Net Income": -42500000.0,
        "Net Income Including Noncontrolling Interests": -42500000.0,
        "Net Income Continuous Operations": -42500000.0,
        "Tax Provision": 3400000.0,
        "Pretax Income": -39100000.0,
        "Other Income Expense": -21400000.0,
        "Other Non Operating Income Expenses": 300000.0,
        "Special Income Charges": -21700000.0,
        "Impairment Of Capital Assets": 43000000.0,
        "Net Non Operating Interest Income Expense": -400000.0,
        "Interest Expense Non Operating": 700000.0,
        "Interest Income Non Operating": 300000.0,
        "Operating Income": -17300000.0,
        "Operating Expense": 168200000.0,
        "Research And Development": 32200000.0,
        "Selling General And Administration": 136000000.0,
        "Selling And Marketing Expense": NaN,
        "General And Administrative Expense": -148100000.0,
        "Other Gand A": -148100000.0,
        "Gross Profit": 150900000.0,
        "Cost Of Revenue": 59700000.0,
        "Total Revenue": 210600000.0,
        "Operating Revenue": 210600000.0
    },
    "2025-03-31": {
        "Tax Effect Of Unusual Items": 0.0,
        "Tax Rate For Calcs": 0.21,
        "Normalized EBITDA": -14200000.0,
        "Total Unusual Items": NaN,
        "Total Unusual Items Excluding Goodwill": NaN,
        "Net Income From Continuing Operation Net Minority Interest": -100000.0,
        "Reconciled Depreciation": 14400000.0,
        "Reconciled Cost Of Revenue": 61700000.0,
        "EBITDA": -14200000.0,
        "EBIT": -28600000.0,
        "Net Interest Income": -500000.0,
        "Interest Expense": 800000.0,
        "Interest Income": 300000.0,
        "Normalized Income": -100000.0,
        "Net Income From Continuing And Discontinued Operation": -100000.0,
        "Total Expenses": 224900000.0,
        "Total Operating Income As Reported": -29000000.0,
        "Diluted Average Shares": 91400000.0,
        "Basic Average Shares": 91400000.0,
        "Diluted EPS": 0.0,
        "Basic EPS": 0.0,
        "Diluted NI Availto Com Stockholders": -100000.0,
        "Net Income Common Stockholders": -100000.0,
        "Net Income": -100000.0,
        "Net Income Including Noncontrolling Interests": -100000.0,
        "Net Income Continuous Operations": -100000.0,
        "Tax Provision": -29300000.0,
        "Pretax Income": -29400000.0,
        "Other Income Expense": 100000.0,
        "Other Non Operating Income Expenses": 100000.0,
        "Special Income Charges": NaN,
        "Impairment Of Capital Assets": NaN,
        "Net Non Operating Interest Income Expense": -500000.0,
        "Interest Expense Non Operating": 800000.0,
        "Interest Income Non Operating": 300000.0,
        "Operating Income": -29000000.0,
        "Operating Expense": 163200000.0,
        "Research And Development": 27500000.0,
        "Selling General And Administration": 135700000.0,
        "Selling And Marketing Expense": 69200000.0,
        "General And Administrative Expense": 66500000.0,
        "Other Gand A": 66500000.0,
        "Gross Profit": 134200000.0,
        "Cost Of Revenue": 61700000.0,
        "Total Revenue": 195900000.0,
        "Operating Revenue": 195900000.0
    },
    "2025-06-30": {
        "Tax Effect Of Unusual Items": -95795.523291,
        "Tax Rate For Calcs": 0.000302,
        "Normalized EBITDA": 1700000.0,
        "Total Unusual Items": -316700000.0,
        "Total Unusual Items Excluding Goodwill": -316700000.0,
        "Net Income From Continuing Operation Net Minority Interest": -330500000.0,
        "Reconciled Depreciation": 14100000.0,
        "Reconciled Cost Of Revenue": 61300000.0,
        "EBITDA": -315000000.0,
        "EBIT": -329100000.0,
        "Net Interest Income": -1300000.0,
        "Interest Expense": 1500000.0,
        "Interest Income": 200000.0,
        "Normalized Income": -13895795.523291,
        "Net Income From Continuing And Discontinued Operation": -330500000.0,
        "Total Expenses": 225600000.0,
        "Total Operating Income As Reported": -329200000.0,
        "Diluted Average Shares": 92500000.0,
        "Basic Average Shares": 92500000.0,
        "Diluted EPS": -3.57,
        "Basic EPS": -3.57,
        "Diluted NI Availto Com Stockholders": -330500000.0,
        "Net Income Common Stockholders": -330500000.0,
        "Net Income": -330500000.0,
        "Net Income Including Noncontrolling Interests": -330500000.0,
        "Net Income Continuous Operations": -330500000.0,
        "Tax Provision": -100000.0,
        "Pretax Income": -330600000.0,
        "Other Income Expense": -316800000.0,
        "Other Non Operating Income Expenses": -100000.0,
        "Special Income Charges": -316700000.0,
        "Impairment Of Capital Assets": 316700000.0,
        "Net Non Operating Interest Income Expense": -1300000.0,
        "Interest Expense Non Operating": 1500000.0,
        "Interest Income Non Operating": 200000.0,
        "Operating Income": -12500000.0,
        "Operating Expense": 164300000.0,
        "Research And Development": 25600000.0,
        "Selling General And Administration": 138700000.0,
        "Selling And Marketing Expense": 71900000.0,
        "General And Administrative Expense": 66800000.0,
        "Other Gand A": 66800000.0,
        "Gross Profit": 151800000.0,
        "Cost Of Revenue": 61300000.0,
        "Total Revenue": 213100000.0,
        "Operating Revenue": 213100000.0
    }
}