{
    "2023-03-31": {
        "Tax Effect Of Unusual Items": NaN,
        "Tax Rate For Calcs": NaN,
        "Normalized EBITDA": NaN,
        "Total Unusual Items": NaN,
        "Total Unusual Items Excluding Goodwill": NaN,
        "Net Income From Continuing Operation Net Minority Interest": NaN,
        "Reconciled Depreciation": NaN,
        "Reconciled Cost Of Revenue": NaN,
        "EBITDA": NaN,
        "EBIT": NaN,
        "Net Interest Income": NaN,
        "Interest Income": 895000.0,
        "Normalized Income": NaN,
        "Net Income From Continuing And Discontinued Operation": NaN,
        "Total Expenses": NaN,
        "Total Operating Income As Reported": NaN,
        "Diluted Average Shares": NaN,
        "Basic Average Shares": NaN,
        "Diluted EPS": NaN,
        "Basic EPS": NaN,
        "Diluted NI Availto Com Stockholders": NaN,
        "Average Dilution Earnings": NaN,
        "Net Income Common Stockholders": NaN,
        "Net Income": NaN,
        "Net Income Including Noncontrolling Interests": NaN,
        "Net Income Continuous Operations": NaN,
        "Tax Provision": NaN,
        "Pretax Income": NaN,
        "Other Income Expense": NaN,
        "Other Non Operating Income Expenses": NaN,
        "Special Income Charges": NaN,
        "Restructuring And Mergern Acquisition": NaN,
        "Gain On Sale Of Security": NaN,
        "Net Non Operating Interest Income Expense": NaN,
        "Total Other Finance Cost": NaN,
        "Interest Income Non Operating": 895000.0,
        "Operating Income": NaN,
        "Operating Expense": NaN,
        "Depreciation Amortization Depletion Income Statement": NaN,
        "Depreciation And Amortization In Income Statement": NaN,
        "Research And Development": NaN,
        "Selling General And Administration": NaN,
        "Selling And Marketing Expense": NaN,
        "General And Administrative Expense": NaN,
        "Other Gand A": NaN,
        "Gross Profit": NaN,
        "Cost Of Revenue": NaN,
        "Total Revenue": NaN,
        "Operating Revenue": NaN
    },
    "2022-12-31": {
        "Tax Effect Of Unusual Items": -450240.0,
        "Tax Rate For Calcs": 0.21,
        "Normalized EBITDA": -451000.0,
        "Total Unusual Items": -2144000.0,
        "Total Unusual Items Excluding Goodwill": -2144000.0,
        "Net Income From Continuing Operation Net Minority Interest": -1703000.0,
        "Reconciled Depreciation": 10297000.0,
        "Reconciled Cost Of Revenue": 21743000.0,
        "EBITDA": -2595000.0,
        "EBIT": -12892000.0,
        "Net Interest Income": 875000.0,
        "Normalized Income": -9240.0,
        "Net Income From Continuing And Discontinued Operation": -1703000.0,
        "Total Expenses": 81788000.0,
        "Total Operating Income As Reported": -4462000.0,
        "Diluted Average Shares": 130799000.0,
        "Basic Average Shares": 130799000.0,
        "Diluted EPS": -0.02,
        "Basic EPS": -0.02,
        "Diluted NI Availto Com Stockholders": -1703000.0,
        "Average Dilution Earnings": NaN,
        "Net Income Common Stockholders": -1703000.0,
        "Net Income": -1703000.0,
        "Net Income Including Noncontrolling Interests": -1703000.0,
        "Net Income Continuous Operations": -1703000.0,
        "Tax Provision": 351000.0,
        "Pretax Income": -1352000.0,
        "Other Income Expense": 183000.0,
        "Other Non Operating Income Expenses": 2327000.0,
        "Special Income Charges": -2052000.0,
        "Restructuring And Mergern Acquisition": 2052000.0,
        "Gain On Sale Of Security": -92000.0,
        "Net Non Operating Interest Income Expense": 875000.0,
        "Total Other Finance Cost": NaN,
        "Operating Income": -2410000.0,
        "Operating Expense": 60045000.0,
        "Depreciation Amortization Depletion Income Statement": 10297000.0,
        "Depreciation And Amortization In Income Statement": 10297000.0,
        "Research And Development": 16754000.0,
        "Selling General And Administration": 32994000.0,
        "Selling And Marketing Expense": 21483000.0,
        "General And Administrative Expense": 11511000.0,
        "Other Gand A": 11511000.0,
        "Gross Profit": 57635000.0,
        "Cost Of Revenue": 21743000.0,
        "Total Revenue": 79378000.0,
        "Operating Revenue": 76718000.0
    },
    "2022-09-30": {
        "Tax Effect Of Unusual Items": NaN,
        "Tax Rate For Calcs": NaN,
        "Normalized EBITDA": NaN,
        "Total Unusual Items": NaN,
        "Total Unusual Items Excluding Goodwill": NaN,
        "Net Income From Continuing Operation Net Minority Interest": NaN,
        "Reconciled Depreciation": NaN,
        "Reconciled Cost Of Revenue": NaN,
        "EBITDA": NaN,
        "EBIT": NaN,
        "Net Interest Income": NaN,
        "Interest Income": NaN,
        "Normalized Income": NaN,
        "Net Income From Continuing And Discontinued Operation": NaN,
        "Total Expenses": NaN,
        "Total Operating Income As Reported": NaN,
        "Diluted Average Shares": NaN,
        "Basic Average Shares": NaN,
        "Diluted EPS": NaN,
        "Basic EPS": NaN,
        "Diluted NI Availto Com Stockholders": NaN,
        "Average Dilution Earnings": 0.0,
        "Net Income Common Stockholders": NaN,
        "Net Income": NaN,
        "Net Income Including Noncontrolling Interests": NaN,
        "Net Income Continuous Operations": NaN,
        "Tax Provision": NaN,
        "Pretax Income": NaN,
        "Other Income Expense": NaN,
        "Other Non Operating Income Expenses": NaN,
        "Special Income Charges": NaN,
        "Restructuring And Mergern Acquisition": NaN,
        "Gain On Sale Of Security": NaN,
        "Net Non Operating Interest Income Expense": NaN,
        "Total Other Finance Cost": -843000.0,
        "Interest Income Non Operating": NaN,
        "Operating Income": NaN,
        "Operating Expense": NaN,
        "Depreciation Amortization Depletion Income Statement": NaN,
        "Depreciation And Amortization In Income Statement": NaN,
        "Research And Development": NaN,
        "Selling General And Administration": NaN,
        "Selling And Marketing Expense": NaN,
        "General And Administrative Expense": NaN,
        "Other Gand A": NaN,
        "Gross Profit": NaN,
        "Cost Of Revenue": NaN,
        "Total Revenue": NaN,
        "Operating Revenue": NaN
    },
    "2022-06-30": {
        "Tax Effect Of Unusual Items": -935200.0,
        "Tax Rate For Calcs": 0.4,
        "Normalized EBITDA": 6545000.0,
        "Total Unusual Items": -2338000.0,
        "Total Unusual Items Excluding Goodwill": -2338000.0,
        "Net Income From Continuing Operation Net Minority Interest": 5503000.0,
        "Reconciled Depreciation": 8288000.0,
        "Reconciled Cost Of Revenue": 20921000.0,
        "EBITDA": 4207000.0,
        "EBIT": -4081000.0,
        "Net Interest Income": 212000.0,
        "Interest Income": NaN,
        "Normalized Income": 6905800.0,
        "Net Income From Continuing And Discontinued Operation": 5503000.0,
        "Total Expenses": 72434000.0,
        "Total Operating Income As Reported": -5598000.0,
        "Diluted Average Shares": 146197000.0,
        "Basic Average Shares": 127187000.0,
        "Diluted EPS": 0.04,
        "Basic EPS": 0.04,
        "Diluted NI Availto Com Stockholders": 5503000.0,
        "Net Income Common Stockholders": 5503000.0,
        "Net Income": 5503000.0,
        "Net Income Including Noncontrolling Interests": 5503000.0,
        "Net Income Continuous Operations": 5503000.0,
        "Tax Provision": -12258000.0,
        "Pretax Income": -6755000.0,
        "Other Income Expense": -2886000.0,
        "Other Non Operating Income Expenses": -548000.0,
        "Special Income Charges": -1517000.0,
        "Restructuring And Mergern Acquisition": 1517000.0,
        "Gain On Sale Of Security": -821000.0,
        "Net Non Operating Interest Income Expense": 212000.0,
        "Total Other Finance Cost": -212000.0,
        "Interest Income Non Operating": NaN,
        "Operating Income": -4081000.0,
        "Operating Expense": 51513000.0,
        "Depreciation Amortization Depletion Income Statement": 8288000.0,
        "Depreciation And Amortization In Income Statement": 8288000.0,
        "Research And Development": 14470000.0,
        "Selling General And Administration": 28755000.0,
        "Selling And Marketing Expense": 19547000.0,
        "General And Administrative Expense": 9208000.0,
        "Other Gand A": 9208000.0,
        "Gross Profit": 47432000.0,
        "Cost Of Revenue": 20921000.0,
        "Total Revenue": 68353000.0,
        "Operating Revenue": 67317000.0
    },
    "2023-06-30": {
        "Tax Effect Of Unusual Items": NaN,
        "Tax Rate For Calcs": NaN,
        "Normalized EBITDA": NaN,
        "Total Unusual Items": NaN,
        "Total Unusual Items Excluding Goodwill": NaN,
        "Net Income From Continuing Operation Net Minority Interest": NaN,
        "Reconciled Depreciation": NaN,
        "Reconciled Cost Of Revenue": NaN,
        "EBITDA": NaN,
        "EBIT": NaN,
        "Net Interest Income": NaN,
        "Interest Income": NaN,
        "Normalized Income": NaN,
        "Net Income From Continuing And Discontinued Operation": NaN,
        "Total Expenses": NaN,
        "Total Operating Income As Reported": NaN,
        "Diluted Average Shares": NaN,
        "Basic Average Shares": NaN,
        "Diluted EPS": NaN,
        "Basic EPS": NaN,
        "Diluted NI Availto Com Stockholders": NaN,
        "Average Dilution Earnings": NaN,
        "Net Income Common Stockholders": NaN,
        "Net Income": NaN,
        "Net Income Including Noncontrolling Interests": NaN,
        "Net Income Continuous Operations": NaN,
        "Tax Provision": NaN,
        "Pretax Income": NaN,
        "Other Income Expense": NaN,
        "Other Non Operating Income Expenses": NaN,
        "Special Income Charges": NaN,
        "Restructuring And Mergern Acquisition": NaN,
        "Gain On Sale Of Security": NaN,
        "Net Non Operating Interest Income Expense": NaN,
        "Total Other Finance Cost": -1262000.0,
        "Interest Income Non Operating": NaN,
        "Operating Income": NaN,
        "Operating Expense": NaN,
        "Depreciation Amortization Depletion Income Statement": NaN,
        "Depreciation And Amortization In Income Statement": NaN,
        "Research And Development": NaN,
        "Selling General And Administration": NaN,
        "Selling And Marketing Expense": NaN,
        "General And Administrative Expense": NaN,
        "Other Gand A": NaN,
        "Gross Profit": NaN,
        "Cost Of Revenue": NaN,
        "Total Revenue": NaN,
        "Operating Revenue": NaN
    },
    "2022-03-31": {
        "Diluted EPS": -0.2,
        "Total Revenue": 70,
        "Gross Profit": 49,
        "Operating Income": -15,
        "EBIT": -6,
        "Net Income": -25
    },
    "2021-12-31": {
        "Diluted EPS": 0.03,
        "Total Revenue": 72,
        "Gross Profit": 50,
        "Operating Income": 3,
        "EBIT": 11,
        "Net Income": 1
    },
    "2021-09-30": {
        "Diluted EPS": 0.08,
        "Total Revenue": 71,
        "Gross Profit": 48,
        "Operating Income": -1,
        "EBIT": 7,
        "Net Income": 11
    },
    "2021-06-30": {
        "Diluted EPS": -0.07,
        "Total Revenue": 71,
        "Gross Profit": 48,
        "Operating Income": -13,
        "EBIT": -6,
        "Net Income": -7
    },
    "2021-03-31": {
        "Diluted EPS": 0.05,
        "Total Revenue": 74,
        "Gross Profit": 50,
        "Operating Income": 8,
        "EBIT": 14,
        "Net Income": 6
    },
    "2020-12-31": {
        "Diluted EPS": 0.0,
        "Total Revenue": NaN,
        "Gross Profit": NaN,
        "Operating Income": NaN,
        "EBIT": NaN,
        "Net Income": NaN
    },
    "2020-09-30": {
        "Diluted EPS": 0.05,
        "Total Revenue": 70,
        "Gross Profit": 46,
        "Operating Income": 6,
        "EBIT": 12,
        "Net Income": 5
    },
    "2020-06-30": {
        "Diluted EPS": 0.13,
        "Total Revenue": 78,
        "Gross Profit": 51,
        "Operating Income": 16,
        "EBIT": 16,
        "Net Income": 13
    },
    "2023-09-30": {
        "Tax Effect Of Unusual Items": NaN,
        "Tax Rate For Calcs": NaN,
        "Normalized EBITDA": NaN,
        "Total Unusual Items": NaN,
        "Total Unusual Items Excluding Goodwill": NaN,
        "Net Income From Continuing Operation Net Minority Interest": NaN,
        "Reconciled Depreciation": NaN,
        "Reconciled Cost Of Revenue": NaN,
        "EBITDA": NaN,
        "EBIT": NaN,
        "Net Interest Income": NaN,
        "Interest Income": NaN,
        "Normalized Income": NaN,
        "Net Income From Continuing And Discontinued Operation": NaN,
        "Total Expenses": NaN,
        "Total Operating Income As Reported": NaN,
        "Diluted Average Shares": NaN,
        "Basic Average Shares": NaN,
        "Diluted EPS": NaN,
        "Basic EPS": NaN,
        "Diluted NI Availto Com Stockholders": NaN,
        "Average Dilution Earnings": 0.0,
        "Net Income Common Stockholders": NaN,
        "Net Income": NaN,
        "Net Income Including Noncontrolling Interests": NaN,
        "Net Income Continuous Operations": NaN,
        "Tax Provision": NaN,
        "Pretax Income": NaN,
        "Other Income Expense": NaN,
        "Other Non Operating Income Expenses": NaN,
        "Special Income Charges": NaN,
        "Restructuring And Mergern Acquisition": NaN,
        "Gain On Sale Of Security": NaN,
        "Net Non Operating Interest Income Expense": NaN,
        "Total Other Finance Cost": -1364000.0,
        "Interest Income Non Operating": NaN,
        "Operating Income": NaN,
        "Operating Expense": NaN,
        "Depreciation Amortization Depletion Income Statement": NaN,
        "Depreciation And Amortization In Income Statement": NaN,
        "Research And Development": NaN,
        "Selling General And Administration": NaN,
        "Selling And Marketing Expense": NaN,
        "General And Administrative Expense": NaN,
        "Other Gand A": NaN,
        "Gross Profit": NaN,
        "Cost Of Revenue": NaN,
        "Total Revenue": NaN,
        "Operating Revenue": NaN
    },
    "2023-12-31": {
        "Tax Effect Of Unusual Items": NaN,
        "Tax Rate For Calcs": NaN,
        "Normalized EBITDA": NaN,
        "Total Unusual Items": NaN,
        "Total Unusual Items Excluding Goodwill": NaN,
        "Net Income From Continuing Operation Net Minority Interest": NaN,
        "Reconciled Depreciation": NaN,
        "Reconciled Cost Of Revenue": NaN,
        "EBITDA": NaN,
        "EBIT": NaN,
        "Net Interest Income": NaN,
        "Interest Income": NaN,
        "Normalized Income": NaN,
        "Net Income From Continuing And Discontinued Operation": NaN,
        "Total Expenses": NaN,
        "Total Operating Income As Reported": NaN,
        "Diluted Average Shares": NaN,
        "Basic Average Shares": NaN,
        "Diluted EPS": NaN,
        "Basic EPS": NaN,
        "Diluted NI Availto Com Stockholders": NaN,
        "Net Income Common Stockholders": NaN,
        "Net Income": NaN,
        "Net Income Including Noncontrolling Interests": NaN,
        "Net Income Continuous Operations": NaN,
        "Tax Provision": NaN,
        "Pretax Income": NaN,
        "Other Income Expense": NaN,
        "Other Non Operating Income Expenses": NaN,
        "Special Income Charges": NaN,
        "Restructuring And Mergern Acquisition": NaN,
        "Gain On Sale Of Security": NaN,
        "Net Non Operating Interest Income Expense": NaN,
        "Total Other Finance Cost": -1337000.0,
        "Interest Income Non Operating": NaN,
        "Operating Income": NaN,
        "Operating Expense": NaN,
        "Depreciation Amortization Depletion Income Statement": NaN,
        "Depreciation And Amortization In Income Statement": NaN,
        "Research And Development": NaN,
        "Selling General And Administration": NaN,
        "Selling And Marketing Expense": NaN,
        "General And Administrative Expense": NaN,
        "Other Gand A": NaN,
        "Gross Profit": NaN,
        "Cost Of Revenue": NaN,
        "Total Revenue": NaN,
        "Operating Revenue": NaN
    },
    "2024-03-31": {
        "Tax Effect Of Unusual Items": NaN,
        "Tax Rate For Calcs": NaN,
        "Normalized EBITDA": NaN,
        "Total Unusual Items": NaN,
        "Total Unusual Items Excluding Goodwill": NaN,
        "Net Income From Continuing Operation Net Minority Interest": NaN,
        "Reconciled Depreciation": NaN,
        "Reconciled Cost Of Revenue": NaN,
        "EBITDA": NaN,
        "EBIT": NaN,
        "Net Interest Income": NaN,
        "Interest Income": 1420000.0,
        "Normalized Income": NaN,
        "Net Income From Continuing And Discontinued Operation": NaN,
        "Total Expenses": NaN,
        "Total Operating Income As Reported": NaN,
        "Diluted Average Shares": NaN,
        "Basic Average Shares": NaN,
        "Diluted EPS": NaN,
        "Basic EPS": NaN,
        "Diluted NI Availto Com Stockholders": NaN,
        "Net Income Common Stockholders": NaN,
        "Net Income": NaN,
        "Net Income Including Noncontrolling Interests": NaN,
        "Net Income Continuous Operations": NaN,
        "Tax Provision": NaN,
        "Pretax Income": NaN,
        "Other Income Expense": NaN,
        "Other Non Operating Income Expenses": NaN,
        "Special Income Charges": NaN,
        "Restructuring And Mergern Acquisition": NaN,
        "Gain On Sale Of Security": NaN,
        "Net Non Operating Interest Income Expense": NaN,
        "Total Other Finance Cost": NaN,
        "Interest Income Non Operating": 1420000.0,
        "Operating Income": NaN,
        "Operating Expense": NaN,
        "Depreciation Amortization Depletion Income Statement": NaN,
        "Depreciation And Amortization In Income Statement": NaN,
        "Research And Development": NaN,
        "Selling General And Administration": NaN,
        "Selling And Marketing Expense": NaN,
        "General And Administrative Expense": NaN,
        "Other Gand A": NaN,
        "Gross Profit": NaN,
        "Cost Of Revenue": NaN,
        "Total Revenue": NaN,
        "Operating Revenue": NaN
    },
    "2024-06-30": {
        "Tax Effect Of Unusual Items": NaN,
        "Tax Rate For Calcs": NaN,
        "Normalized EBITDA": NaN,
        "Total Unusual Items": NaN,
        "Total Unusual Items Excluding Goodwill": NaN,
        "Net Income From Continuing Operation Net Minority Interest": NaN,
        "Reconciled Depreciation": NaN,
        "Reconciled Cost Of Revenue": NaN,
        "EBITDA": NaN,
        "EBIT": NaN,
        "Net Interest Income": NaN,
        "Interest Income": 1374000.0,
        "Normalized Income": NaN,
        "Net Income From Continuing And Discontinued Operation": NaN,
        "Total Expenses": NaN,
        "Total Operating Income As Reported": NaN,
        "Diluted Average Shares": NaN,
        "Basic Average Shares": NaN,
        "Diluted EPS": NaN,
        "Basic EPS": NaN,
        "Diluted NI Availto Com Stockholders": NaN,
        "Net Income Common Stockholders": NaN,
        "Net Income": NaN,
        "Net Income Including Noncontrolling Interests": NaN,
        "Net Income Continuous Operations": NaN,
        "Tax Provision": NaN,
        "Pretax Income": NaN,
        "Other Income Expense": NaN,
        "Other Non Operating Income Expenses": NaN,
        "Special Income Charges": NaN,
        "Restructuring And Mergern Acquisition": NaN,
        "Gain On Sale Of Security": NaN,
        "Net Non Operating Interest Income Expense": NaN,
        "Total Other Finance Cost": -1374000.0,
        "Interest Income Non Operating": 1374000.0,
        "Operating Income": NaN,
        "Operating Expense": NaN,
        "Depreciation Amortization Depletion Income Statement": NaN,
        "Depreciation And Amortization In Income Statement": NaN,
        "Research And Development": NaN,
        "Selling General And Administration": NaN,
        "Selling And Marketing Expense": NaN,
        "General And Administrative Expense": NaN,
        "Other Gand A": NaN,
        "Gross Profit": NaN,
        "Cost Of Revenue": NaN,
        "Total Revenue": NaN,
        "Operating Revenue": NaN
    },
    "2024-09-30": {
        "Tax Effect Of Unusual Items": -434385.0,
        "Tax Rate For Calcs": 0.147,
        "Normalized EBITDA": 13001000.0,
        "Total Unusual Items": -2955000.0,
        "Total Unusual Items Excluding Goodwill": -2955000.0,
        "Net Income From Continuing Operation Net Minority Interest": -3097000.0,
        "Reconciled Depreciation": 11593000.0,
        "Reconciled Cost Of Revenue": 17832000.0,
        "EBITDA": 10046000.0,
        "EBIT": -1547000.0,
        "Net Interest Income": 1127000.0,
        "Interest Income": 1127000.0,
        "Normalized Income": -576385.0,
        "Net Income From Continuing And Discontinued Operation": -3097000.0,
        "Total Expenses": 72776000.0,
        "Total Operating Income As Reported": -4778000.0,
        "Diluted Average Shares": 125007000.0,
        "Basic Average Shares": 125007000.0,
        "Diluted EPS": -0.02,
        "Basic EPS": -0.02,
        "Diluted NI Availto Com Stockholders": -3097000.0,
        "Net Income Common Stockholders": -3097000.0,
        "Net Income": -3097000.0,
        "Net Income Including Noncontrolling Interests": -3097000.0,
        "Net Income Continuous Operations": -3097000.0,
        "Tax Provision": -534000.0,
        "Pretax Income": -3631000.0,
        "Other Income Expense": -3211000.0,
        "Other Non Operating Income Expenses": -256000.0,
        "Special Income Charges": -3231000.0,
        "Restructuring And Mergern Acquisition": 3231000.0,
        "Gain On Sale Of Security": 276000.0,
        "Net Non Operating Interest Income Expense": 1127000.0,
        "Total Other Finance Cost": -1127000.0,
        "Interest Income Non Operating": 1127000.0,
        "Operating Income": -1547000.0,
        "Operating Expense": 54944000.0,
        "Depreciation Amortization Depletion Income Statement": 11593000.0,
        "Depreciation And Amortization In Income Statement": 11593000.0,
        "Research And Development": 16654000.0,
        "Selling General And Administration": 26697000.0,
        "Selling And Marketing Expense": 15116000.0,
        "General And Administrative Expense": 11581000.0,
        "Other Gand A": 11581000.0,
        "Gross Profit": 53397000.0,
        "Cost Of Revenue": 17832000.0,
        "Total Revenue": 71229000.0,
        "Operating Revenue": 71177000.0
    },
    "2024-12-31": {
        "Tax Effect Of Unusual Items": -4312350.0,
        "Tax Rate For Calcs": 0.21,
        "Normalized EBITDA": 29204000.0,
        "Total Unusual Items": -20535000.0,
        "Total Unusual Items Excluding Goodwill": -20535000.0,
        "Net Income From Continuing Operation Net Minority Interest": -22412000.0,
        "Reconciled Depreciation": 10627000.0,
        "Reconciled Cost Of Revenue": 17865000.0,
        "EBITDA": 8669000.0,
        "EBIT": -1958000.0,
        "Net Interest Income": 981000.0,
        "Interest Income": NaN,
        "Normalized Income": -6189350.0,
        "Net Income From Continuing And Discontinued Operation": -22412000.0,
        "Total Expenses": 69740000.0,
        "Total Operating Income As Reported": -22420000.0,
        "Diluted Average Shares": 124794000.0,
        "Basic Average Shares": 124794000.0,
        "Diluted EPS": -0.18,
        "Basic EPS": -0.18,
        "Diluted NI Availto Com Stockholders": -22412000.0,
        "Net Income Common Stockholders": -22412000.0,
        "Net Income": -22412000.0,
        "Net Income Including Noncontrolling Interests": -22412000.0,
        "Net Income Continuous Operations": -22412000.0,
        "Tax Provision": 1344000.0,
        "Pretax Income": -21068000.0,
        "Other Income Expense": -20091000.0,
        "Other Non Operating Income Expenses": 444000.0,
        "Special Income Charges": -20462000.0,
        "Restructuring And Mergern Acquisition": 20462000.0,
        "Gain On Sale Of Security": -73000.0,
        "Net Non Operating Interest Income Expense": 981000.0,
        "Total Other Finance Cost": NaN,
        "Interest Income Non Operating": NaN,
        "Operating Income": -1958000.0,
        "Operating Expense": 51875000.0,
        "Depreciation Amortization Depletion Income Statement": 10627000.0,
        "Depreciation And Amortization In Income Statement": 10627000.0,
        "Research And Development": 16265000.0,
        "Selling General And Administration": 24983000.0,
        "Selling And Marketing Expense": 13867000.0,
        "General And Administrative Expense": 11116000.0,
        "Other Gand A": 11116000.0,
        "Gross Profit": 49917000.0,
        "Cost Of Revenue": 17865000.0,
        "Total Revenue": 67782000.0,
        "Operating Revenue": 67480000.0
    },
    "2025-03-31": {
        "Tax Effect Of Unusual Items": -259140.0,
        "Tax Rate For Calcs": 0.21,
        "Normalized EBITDA": 9460000.0,
        "Total Unusual Items": -1234000.0,
        "Total Unusual Items Excluding Goodwill": -1234000.0,
        "Net Income From Continuing Operation Net Minority Interest": -2880000.0,
        "Reconciled Depreciation": 9632000.0,
        "Reconciled Cost Of Revenue": 15779000.0,
        "EBITDA": 8226000.0,
        "EBIT": -1406000.0,
        "Net Interest Income": 906000.0,
        "Interest Income": 906000.0,
        "Normalized Income": -1905140.0,
        "Net Income From Continuing And Discontinued Operation": -2880000.0,
        "Total Expenses": 64115000.0,
        "Total Operating Income As Reported": -2741000.0,
        "Diluted Average Shares": 125256000.0,
        "Basic Average Shares": 125256000.0,
        "Diluted EPS": -0.02,
        "Basic EPS": -0.02,
        "Diluted NI Availto Com Stockholders": -2880000.0,
        "Net Income Common Stockholders": -2880000.0,
        "Net Income": -2880000.0,
        "Net Income Including Noncontrolling Interests": -2880000.0,
        "Net Income Continuous Operations": -2880000.0,
        "Tax Provision": 348000.0,
        "Pretax Income": -2532000.0,
        "Other Income Expense": -2032000.0,
        "Other Non Operating Income Expenses": -798000.0,
        "Special Income Charges": -1335000.0,
        "Restructuring And Mergern Acquisition": 1335000.0,
        "Gain On Sale Of Security": 101000.0,
        "Net Non Operating Interest Income Expense": 906000.0,
        "Total Other Finance Cost": NaN,
        "Interest Income Non Operating": 906000.0,
        "Operating Income": -1406000.0,
        "Operating Expense": 48336000.0,
        "Depreciation Amortization Depletion Income Statement": 9632000.0,
        "Depreciation And Amortization In Income Statement": 9632000.0,
        "Research And Development": 13674000.0,
        "Selling General And Administration": 25030000.0,
        "Selling And Marketing Expense": 13169000.0,
        "General And Administrative Expense": 11861000.0,
        "Other Gand A": 11861000.0,
        "Gross Profit": 46930000.0,
        "Cost Of Revenue": 15779000.0,
        "Total Revenue": 62709000.0,
        "Operating Revenue": 62709000.0
    },
    "2025-06-30": {
        "Tax Effect Of Unusual Items": -10710.0,
        "Tax Rate For Calcs": 0.21,
        "Normalized EBITDA": 6159000.0,
        "Total Unusual Items": -51000.0,
        "Total Unusual Items Excluding Goodwill": -51000.0,
        "Net Income From Continuing Operation Net Minority Interest": -2948000.0,
        "Reconciled Depreciation": 9535000.0,
        "Reconciled Cost Of Revenue": 14563000.0,
        "EBITDA": 6108000.0,
        "EBIT": -3427000.0,
        "Net Interest Income": 946000.0,
        "Interest Income": 946000.0,
        "Normalized Income": -2907710.0,
        "Net Income From Continuing And Discontinued Operation": -2948000.0,
        "Total Expenses": 62765000.0,
        "Total Operating Income As Reported": -3487000.0,
        "Diluted Average Shares": 125448000.0,
        "Basic Average Shares": 125448000.0,
        "Diluted EPS": -0.02,
        "Basic EPS": -0.02,
        "Diluted NI Availto Com Stockholders": -2948000.0,
        "Net Income Common Stockholders": -2948000.0,
        "Net Income": -2948000.0,
        "Net Income Including Noncontrolling Interests": -2948000.0,
        "Net Income Continuous Operations": -2948000.0,
        "Tax Provision": 209000.0,
        "Pretax Income": -2739000.0,
        "Other Income Expense": -258000.0,
        "Other Non Operating Income Expenses": -207000.0,
        "Special Income Charges": -60000.0,
        "Restructuring And Mergern Acquisition": 60000.0,
        "Gain On Sale Of Security": 9000.0,
        "Net Non Operating Interest Income Expense": 946000.0,
        "Total Other Finance Cost": NaN,
        "Interest Income Non Operating": 946000.0,
        "Operating Income": -3427000.0,
        "Operating Expense": 48202000.0,
        "Depreciation Amortization Depletion Income Statement": 9535000.0,
        "Depreciation And Amortization In Income Statement": 9535000.0,
        "Research And Development": 14214000.0,
        "Selling General And Administration": 24453000.0,
        "Selling And Marketing Expense": 13108000.0,
        "General And Administrative Expense": 11345000.0,
        "Other Gand A": 11345000.0,
        "Gross Profit": 44775000.0,
        "Cost Of Revenue": 14563000.0,
        "Total Revenue": 59338000.0,
        "Operating Revenue": 59336000.0
    },
    "2025-09-30": {
        "Tax Effect Of Unusual Items": -278460.0,
        "Tax Rate For Calcs": 0.21,
        "Normalized EBITDA": 4289000.0,
        "Total Unusual Items": -1326000.0,
        "Total Unusual Items Excluding Goodwill": -1326000.0,
        "Net Income From Continuing Operation Net Minority Interest": -9118000.0,
        "Reconciled Depreciation": 9576000.0,
        "Reconciled Cost Of Revenue": 13629000.0,
        "EBITDA": 2963000.0,
        "EBIT": -6613000.0,
        "Net Interest Income": 917000.0,
        "Interest Income": 917000.0,
        "Normalized Income": -8070460.0,
        "Net Income From Continuing And Discontinued Operation": -9118000.0,
        "Total Expenses": 64261000.0,
        "Total Operating Income As Reported": -7866000.0,
        "Diluted Average Shares": 125695000.0,
        "Basic Average Shares": 125695000.0,
        "Diluted EPS": -0.07,
        "Basic EPS": -0.07,
        "Diluted NI Availto Com Stockholders": -9118000.0,
        "Net Income Common Stockholders": -9118000.0,
        "Net Income": -9118000.0,
        "Net Income Including Noncontrolling Interests": -9118000.0,
        "Net Income Continuous Operations": -9118000.0,
        "Tax Provision": 294000.0,
        "Pretax Income": -8824000.0,
        "Other Income Expense": -3128000.0,
        "Other Non Operating Income Expenses": -1802000.0,
        "Special Income Charges": -1253000.0,
        "Restructuring And Mergern Acquisition": 1253000.0,
        "Gain On Sale Of Security": -73000.0,
        "Net Non Operating Interest Income Expense": 917000.0,
        "Total Other Finance Cost": NaN,
        "Interest Income Non Operating": 917000.0,
        "Operating Income": -6613000.0,
        "Operating Expense": 50632000.0,
        "Depreciation Amortization Depletion Income Statement": 9576000.0,
        "Depreciation And Amortization In Income Statement": 9576000.0,
        "Research And Development": 14814000.0,
        "Selling General And Administration": 26242000.0,
        "Selling And Marketing Expense": 14186000.0,
        "General And Administrative Expense": 12056000.0,
        "Other Gand A": 12056000.0,
        "Gross Profit": 44019000.0,
        "Cost Of Revenue": 13629000.0,
        "Total Revenue": 57648000.0,
        "Operating Revenue": 57638000.0
    }
}