{
    "2023-06-30": {
        "Tax Effect Of Unusual Items": 388045.06757,
        "Tax Rate For Calcs": 0.295091,
        "Normalized EBITDA": 45942000.0,
        "Total Unusual Items": 1315000.0,
        "Total Unusual Items Excluding Goodwill": 1315000.0,
        "Net Income From Continuing Operation Net Minority Interest": 22273000.0,
        "Reconciled Depreciation": 14506000.0,
        "Reconciled Cost Of Revenue": 785212000.0,
        "EBITDA": 47257000.0,
        "EBIT": 32751000.0,
        "Net Interest Income": -961000.0,
        "Interest Expense": 1154000.0,
        "Interest Income": 193000.0,
        "Normalized Income": 21346045.06757,
        "Net Income From Continuing And Discontinued Operation": 22273000.0,
        "Total Expenses": 857493000.0,
        "Total Operating Income As Reported": 32438000.0,
        "Diluted Average Shares": 16809000.0,
        "Basic Average Shares": 16707000.0,
        "Diluted EPS": 1.33,
        "Basic EPS": 1.33,
        "Diluted NI Availto Com Stockholders": 22273000.0,
        "Net Income Common Stockholders": 22273000.0,
        "Net Income": 22273000.0,
        "Net Income Including Noncontrolling Interests": 22273000.0,
        "Net Income Continuous Operations": 22273000.0,
        "Tax Provision": 9324000.0,
        "Pretax Income": 31597000.0,
        "Other Income Expense": 1435000.0,
        "Other Non Operating Income Expenses": 120000.0,
        "Special Income Charges": 1315000.0,
        "Gain On Sale Of Ppe": 1315000.0,
        "Net Non Operating Interest Income Expense": -961000.0,
        "Interest Expense Non Operating": 1154000.0,
        "Interest Income Non Operating": 193000.0,
        "Operating Income": 31123000.0,
        "Operating Expense": 59004000.0,
        "Depreciation Amortization Depletion Income Statement": 1229000.0,
        "Depreciation And Amortization In Income Statement": 1229000.0,
        "Amortization": 1229000.0,
        "Amortization Of Intangibles Income Statement": 1229000.0,
        "Selling General And Administration": 57775000.0,
        "Gross Profit": 90127000.0,
        "Cost Of Revenue": 798489000.0,
        "Total Revenue": 888616000.0,
        "Operating Revenue": 888616000.0
    },
    "2023-03-31": {
        "Tax Effect Of Unusual Items": 176256.0,
        "Tax Rate For Calcs": 0.144,
        "Normalized EBITDA": 40422000.0,
        "Total Unusual Items": 1224000.0,
        "Total Unusual Items Excluding Goodwill": 1224000.0,
        "Net Income From Continuing Operation Net Minority Interest": 23163000.0,
        "Reconciled Depreciation": 13989000.0,
        "Reconciled Cost Of Revenue": 714461000.0,
        "EBITDA": 41646000.0,
        "EBIT": 27657000.0,
        "Net Interest Income": -265000.0,
        "Interest Expense": 586000.0,
        "Interest Income": 321000.0,
        "Normalized Income": 22115256.0,
        "Net Income From Continuing And Discontinued Operation": 23163000.0,
        "Total Expenses": 785414000.0,
        "Total Operating Income As Reported": 27426000.0,
        "Diluted Average Shares": 16824000.0,
        "Basic Average Shares": 16618000.0,
        "Diluted EPS": 1.38,
        "Basic EPS": 1.39,
        "Diluted NI Availto Com Stockholders": 23163000.0,
        "Net Income Common Stockholders": 23163000.0,
        "Net Income": 23163000.0,
        "Net Income Including Noncontrolling Interests": 23163000.0,
        "Net Income Continuous Operations": 23163000.0,
        "Tax Provision": 3908000.0,
        "Pretax Income": 27071000.0,
        "Other Income Expense": 1134000.0,
        "Other Non Operating Income Expenses": -90000.0,
        "Special Income Charges": 1224000.0,
        "Gain On Sale Of Ppe": 1224000.0,
        "Net Non Operating Interest Income Expense": -265000.0,
        "Interest Expense Non Operating": 586000.0,
        "Interest Income Non Operating": 321000.0,
        "Operating Income": 26202000.0,
        "Operating Expense": 58190000.0,
        "Depreciation Amortization Depletion Income Statement": 1226000.0,
        "Depreciation And Amortization In Income Statement": 1226000.0,
        "Amortization": 1226000.0,
        "Amortization Of Intangibles Income Statement": 1226000.0,
        "Selling General And Administration": 56964000.0,
        "Gross Profit": 84392000.0,
        "Cost Of Revenue": 727224000.0,
        "Total Revenue": 811616000.0,
        "Operating Revenue": 811616000.0
    },
    "2022-12-31": {
        "Tax Effect Of Unusual Items": 197568.932744,
        "Tax Rate For Calcs": 0.313104,
        "Normalized EBITDA": 51477000.0,
        "Total Unusual Items": 631000.0,
        "Total Unusual Items Excluding Goodwill": 631000.0,
        "Net Income From Continuing Operation Net Minority Interest": 24573000.0,
        "Reconciled Depreciation": 15006000.0,
        "Reconciled Cost Of Revenue": 754843000.0,
        "EBITDA": 52108000.0,
        "EBIT": 37102000.0,
        "Net Interest Income": -1199000.0,
        "Interest Expense": 1328000.0,
        "Interest Income": 129000.0,
        "Normalized Income": 24139568.932744,
        "Net Income From Continuing And Discontinued Operation": 24573000.0,
        "Total Expenses": 827802000.0,
        "Total Operating Income As Reported": 36785000.0,
        "Diluted Average Shares": 16787000.0,
        "Basic Average Shares": 16575000.0,
        "Diluted EPS": 1.46,
        "Basic EPS": 1.48,
        "Diluted NI Availto Com Stockholders": 24573000.0,
        "Net Income Common Stockholders": 24573000.0,
        "Net Income": 24573000.0,
        "Net Income Including Noncontrolling Interests": 24573000.0,
        "Net Income Continuous Operations": 24573000.0,
        "Tax Provision": 11201000.0,
        "Pretax Income": 35774000.0,
        "Other Income Expense": 819000.0,
        "Other Non Operating Income Expenses": 188000.0,
        "Special Income Charges": 631000.0,
        "Gain On Sale Of Ppe": 631000.0,
        "Net Non Operating Interest Income Expense": -1199000.0,
        "Interest Expense Non Operating": 1328000.0,
        "Interest Income Non Operating": 129000.0,
        "Operating Income": 36154000.0,
        "Operating Expense": 60115000.0,
        "Depreciation Amortization Depletion Income Statement": 2162000.0,
        "Depreciation And Amortization In Income Statement": 2162000.0,
        "Amortization": 2162000.0,
        "Amortization Of Intangibles Income Statement": 2162000.0,
        "Selling General And Administration": 57953000.0,
        "Gross Profit": 96269000.0,
        "Cost Of Revenue": 767687000.0,
        "Total Revenue": 863956000.0,
        "Operating Revenue": 863956000.0
    },
    "2022-09-30": {
        "Tax Effect Of Unusual Items": 102018.0,
        "Tax Rate For Calcs": 0.294,
        "Normalized EBITDA": 39996000.0,
        "Total Unusual Items": 347000.0,
        "Total Unusual Items Excluding Goodwill": 347000.0,
        "Net Income From Continuing Operation Net Minority Interest": 18436000.0,
        "Reconciled Depreciation": 13101000.0,
        "Reconciled Cost Of Revenue": 701228000.0,
        "EBITDA": 40343000.0,
        "EBIT": 27242000.0,
        "Net Interest Income": -1090000.0,
        "Interest Expense": 1134000.0,
        "Interest Income": 44000.0,
        "Normalized Income": 18191018.0,
        "Net Income From Continuing And Discontinued Operation": 18436000.0,
        "Total Expenses": 773220000.0,
        "Total Operating Income As Reported": 26975000.0,
        "Diluted Average Shares": 16853000.0,
        "Basic Average Shares": 16659000.0,
        "Diluted EPS": 1.09,
        "Basic EPS": 1.11,
        "Diluted NI Availto Com Stockholders": 18436000.0,
        "Net Income Common Stockholders": 18436000.0,
        "Net Income": 18436000.0,
        "Minority Interests": NaN,
        "Net Income Including Noncontrolling Interests": 18436000.0,
        "Net Income Continuous Operations": 18436000.0,
        "Tax Provision": 7672000.0,
        "Pretax Income": 26108000.0,
        "Other Income Expense": 570000.0,
        "Other Non Operating Income Expenses": 223000.0,
        "Special Income Charges": 347000.0,
        "Gain On Sale Of Ppe": 347000.0,
        "Net Non Operating Interest Income Expense": -1090000.0,
        "Interest Expense Non Operating": 1134000.0,
        "Interest Income Non Operating": 44000.0,
        "Operating Income": 26628000.0,
        "Operating Expense": 59718000.0,
        "Depreciation Amortization Depletion Income Statement": 827000.0,
        "Depreciation And Amortization In Income Statement": 827000.0,
        "Amortization": 827000.0,
        "Amortization Of Intangibles Income Statement": 827000.0,
        "Selling General And Administration": 58891000.0,
        "Gross Profit": 86346000.0,
        "Cost Of Revenue": 713502000.0,
        "Total Revenue": 799848000.0,
        "Operating Revenue": 799848000.0
    },
    "2022-06-30": {
        "Tax Effect Of Unusual Items": 191688.0,
        "Tax Rate For Calcs": 0.294,
        "Normalized EBITDA": 43268000.0,
        "Total Unusual Items": 652000.0,
        "Total Unusual Items Excluding Goodwill": 652000.0,
        "Net Income From Continuing Operation Net Minority Interest": 19684000.0,
        "Reconciled Depreciation": 15392000.0,
        "Reconciled Cost Of Revenue": 615113000.0,
        "EBITDA": 43920000.0,
        "EBIT": 28528000.0,
        "Net Interest Income": -644000.0,
        "Interest Expense": 650000.0,
        "Interest Income": 6000.0,
        "Normalized Income": 19223688.0,
        "Net Income From Continuing And Discontinued Operation": 19684000.0,
        "Total Expenses": 682521000.0,
        "Total Operating Income As Reported": 26245000.0,
        "Diluted Average Shares": 17070000.0,
        "Basic Average Shares": 16894000.0,
        "Diluted EPS": 1.15,
        "Basic EPS": 1.17,
        "Diluted NI Availto Com Stockholders": 19684000.0,
        "Net Income Common Stockholders": 19684000.0,
        "Net Income": 19684000.0,
        "Minority Interests": NaN,
        "Net Income Including Noncontrolling Interests": 19684000.0,
        "Net Income Continuous Operations": 19684000.0,
        "Tax Provision": 8194000.0,
        "Pretax Income": 27878000.0,
        "Other Income Expense": 2929000.0,
        "Other Non Operating Income Expenses": 2277000.0,
        "Special Income Charges": 652000.0,
        "Gain On Sale Of Ppe": 652000.0,
        "Net Non Operating Interest Income Expense": -644000.0,
        "Interest Expense Non Operating": 650000.0,
        "Interest Income Non Operating": 6000.0,
        "Operating Income": 25593000.0,
        "Operating Expense": 55269000.0,
        "Depreciation Amortization Depletion Income Statement": 3253000.0,
        "Depreciation And Amortization In Income Statement": 3253000.0,
        "Amortization": 3253000.0,
        "Amortization Of Intangibles Income Statement": 3253000.0,
        "Selling General And Administration": 52016000.0,
        "Gross Profit": 80862000.0,
        "Cost Of Revenue": 627252000.0,
        "Total Revenue": 708114000.0,
        "Operating Revenue": 708114000.0
    },
    "2022-03-31": {
        "Diluted EPS": 1.21,
        "Total Revenue": 637,
        "Gross Profit": 80,
        "Operating Income": 25,
        "EBIT": 40,
        "Net Income": 21
    },
    "2021-12-31": {
        "Diluted EPS": 1.19,
        "Total Revenue": 646,
        "Gross Profit": 83,
        "Operating Income": 31,
        "EBIT": 42,
        "Net Income": 21
    },
    "2021-09-30": {
        "Diluted EPS": 1.35,
        "Total Revenue": 610,
        "Gross Profit": 84,
        "Operating Income": 31,
        "EBIT": 42,
        "Net Income": 23
    },
    "2021-06-30": {
        "Diluted EPS": 1.24,
        "Total Revenue": 650,
        "Gross Profit": 81,
        "Operating Income": 30,
        "EBIT": 41,
        "Net Income": 21
    },
    "2021-03-31": {
        "Diluted EPS": 1.17,
        "Total Revenue": 592,
        "Gross Profit": 77,
        "Operating Income": 27,
        "EBIT": 39,
        "Net Income": 20
    },
    "2020-12-31": {
        "Diluted EPS": 1.07,
        "Total Revenue": 608,
        "Gross Profit": 76,
        "Operating Income": 26,
        "EBIT": 37,
        "Net Income": 18
    },
    "2020-09-30": {
        "Diluted EPS": 1.02,
        "Total Revenue": 608,
        "Gross Profit": 76,
        "Operating Income": 25,
        "EBIT": 36,
        "Net Income": 17
    },
    "2020-06-30": {
        "Diluted EPS": 0.8,
        "Total Revenue": 513,
        "Gross Profit": 61,
        "Operating Income": 19,
        "EBIT": 31,
        "Net Income": 13
    },
    "2020-03-31": {
        "Diluted EPS": 0.59,
        "Total Revenue": 518,
        "Gross Profit": 62,
        "Operating Income": 16,
        "EBIT": 28,
        "Net Income": 10
    },
    "2019-12-31": {
        "Diluted EPS": 0.77,
        "Total Revenue": 571,
        "Gross Profit": 69,
        "Operating Income": 21,
        "EBIT": 32,
        "Net Income": 13
    },
    "2019-09-30": {
        "Diluted EPS": 0.62,
        "Total Revenue": 583,
        "Gross Profit": 59,
        "Operating Income": 17,
        "EBIT": 29,
        "Net Income": 10
    },
    "2019-06-30": {
        "Diluted EPS": 0.43,
        "Total Revenue": 449,
        "Gross Profit": 43,
        "Operating Income": 9,
        "EBIT": 20,
        "Net Income": 7
    },
    "2019-03-31": {
        "Diluted EPS": 0.44,
        "Total Revenue": 468,
        "Gross Profit": 43,
        "Operating Income": 10,
        "EBIT": 20,
        "Net Income": 7
    },
    "2018-12-31": {
        "Diluted EPS": 0.64,
        "Total Revenue": 446,
        "Gross Profit": 47,
        "Operating Income": 17,
        "EBIT": 28,
        "Net Income": 11
    },
    "2018-09-30": {
        "Diluted EPS": 0.48,
        "Total Revenue": 400,
        "Gross Profit": 45,
        "Operating Income": 14,
        "EBIT": 24,
        "Net Income": 8
    },
    "2018-06-30": {
        "Diluted EPS": 0.41,
        "Total Revenue": 340,
        "Gross Profit": 39,
        "Operating Income": 10,
        "EBIT": 20,
        "Net Income": 7
    },
    "2018-03-31": {
        "Diluted EPS": 0.34,
        "Total Revenue": 346,
        "Gross Profit": 36,
        "Operating Income": 8,
        "EBIT": 18,
        "Net Income": 6
    },
    "2017-12-31": {
        "Diluted EPS": 0.83,
        "Total Revenue": 374,
        "Gross Profit": 37,
        "Operating Income": 14,
        "EBIT": 23,
        "Net Income": 14
    },
    "2017-09-30": {
        "Diluted EPS": 0.31,
        "Total Revenue": 374,
        "Gross Profit": 35,
        "Operating Income": 11,
        "EBIT": 21,
        "Net Income": 5
    },
    "2017-06-30": {
        "Diluted EPS": 0.07,
        "Total Revenue": 356,
        "Gross Profit": 28,
        "Operating Income": 4,
        "EBIT": 13,
        "Net Income": 1
    },
    "2017-03-31": {
        "Diluted EPS": 0.07,
        "Total Revenue": 300,
        "Gross Profit": 26,
        "Operating Income": 0,
        "EBIT": 10,
        "Net Income": 1
    },
    "2016-12-31": {
        "Diluted EPS": 0.44,
        "Total Revenue": 344,
        "Gross Profit": 42,
        "Operating Income": 15,
        "EBIT": 25,
        "Net Income": 8
    },
    "2016-09-30": {
        "Diluted EPS": 0.38,
        "Total Revenue": 283,
        "Gross Profit": 34,
        "Operating Income": 11,
        "EBIT": 21,
        "Net Income": 6
    },
    "2016-06-30": {
        "Diluted EPS": 0.31,
        "Total Revenue": 262,
        "Gross Profit": 31,
        "Operating Income": 9,
        "EBIT": 19,
        "Net Income": 6
    },
    "2016-03-31": {
        "Diluted EPS": 0.1,
        "Total Revenue": 254,
        "Gross Profit": 27,
        "Operating Income": 3,
        "EBIT": 13,
        "Net Income": 2
    },
    "2015-12-31": {
        "Diluted EPS": 0.29,
        "Total Revenue": 271,
        "Gross Profit": 33,
        "Operating Income": 10,
        "EBIT": 20,
        "Net Income": 6
    },
    "2015-09-30": {
        "Diluted EPS": 0.29,
        "Total Revenue": 270,
        "Gross Profit": 29,
        "Operating Income": 10,
        "EBIT": 20,
        "Net Income": 6
    },
    "2015-06-30": {
        "Diluted EPS": 0.38,
        "Total Revenue": 276,
        "Gross Profit": 32,
        "Operating Income": 13,
        "EBIT": 22,
        "Net Income": 8
    },
    "2015-03-31": {
        "Diluted EPS": 0.34,
        "Total Revenue": 244,
        "Gross Profit": 29,
        "Operating Income": 12,
        "EBIT": 21,
        "Net Income": 7
    },
    "2014-12-31": {
        "Diluted EPS": 0.65,
        "Total Revenue": 251,
        "Gross Profit": 42,
        "Operating Income": 22,
        "EBIT": 31,
        "Net Income": 14
    },
    "2014-09-30": {
        "Diluted EPS": 0.39,
        "Total Revenue": 248,
        "Gross Profit": 33,
        "Operating Income": 13,
        "EBIT": 22,
        "Net Income": 8
    },
    "2014-06-30": {
        "Diluted EPS": 0.36,
        "Total Revenue": 229,
        "Gross Profit": 31,
        "Operating Income": 12,
        "EBIT": 21,
        "Net Income": 8
    },
    "2014-03-31": {
        "Diluted EPS": 0.29,
        "Total Revenue": 216,
        "Gross Profit": 27,
        "Operating Income": 10,
        "EBIT": 18,
        "Net Income": 6
    },
    "2013-12-31": {
        "Diluted EPS": 0.47,
        "Total Revenue": 255,
        "Gross Profit": 34,
        "Operating Income": 16,
        "EBIT": 24,
        "Net Income": 10
    },
    "2013-09-30": {
        "Diluted EPS": 0.38,
        "Total Revenue": 233,
        "Gross Profit": 32,
        "Operating Income": 13,
        "EBIT": 20,
        "Net Income": 8
    },
    "2013-06-30": {
        "Diluted EPS": 0.44,
        "Total Revenue": 214,
        "Gross Profit": 31,
        "Operating Income": 15,
        "EBIT": 23,
        "Net Income": 9
    },
    "2013-03-31": {
        "Diluted EPS": 0.32,
        "Total Revenue": 201,
        "Gross Profit": 27,
        "Operating Income": 11,
        "EBIT": 18,
        "Net Income": 7
    },
    "2012-12-31": {
        "Diluted EPS": 0.45,
        "Total Revenue": 248,
        "Gross Profit": 33,
        "Operating Income": 16,
        "EBIT": 22,
        "Net Income": 10
    },
    "2012-09-30": {
        "Diluted EPS": 0.41,
        "Total Revenue": 251,
        "Gross Profit": 30,
        "Operating Income": 14,
        "EBIT": 21,
        "Net Income": 9
    },
    "2012-06-30": {
        "Diluted EPS": 0.45,
        "Total Revenue": 260,
        "Gross Profit": 30,
        "Operating Income": 16,
        "EBIT": 22,
        "Net Income": 9
    },
    "2012-03-31": {
        "Diluted EPS": 0.29,
        "Total Revenue": 240,
        "Gross Profit": 26,
        "Operating Income": 10,
        "EBIT": 16,
        "Net Income": 6
    },
    "2011-12-31": {
        "Diluted EPS": 0.28,
        "Total Revenue": 234,
        "Gross Profit": 25,
        "Operating Income": 9,
        "EBIT": 15,
        "Net Income": 6
    },
    "2011-09-30": {
        "Diluted EPS": 0.2,
        "Total Revenue": 210,
        "Gross Profit": 20,
        "Operating Income": 7,
        "EBIT": 12,
        "Net Income": 4
    },
    "2011-06-30": {
        "Diluted EPS": 0.18,
        "Total Revenue": 185,
        "Gross Profit": 20,
        "Operating Income": 6,
        "EBIT": 11,
        "Net Income": 4
    },
    "2011-03-31": {
        "Diluted EPS": 0.21,
        "Total Revenue": 150,
        "Gross Profit": 22,
        "Operating Income": 8,
        "EBIT": 12,
        "Net Income": 5
    },
    "2010-12-31": {
        "Diluted EPS": 0.3,
        "Total Revenue": 155,
        "Gross Profit": 22,
        "Operating Income": 10,
        "EBIT": 14,
        "Net Income": 6
    },
    "2010-09-30": {
        "Diluted EPS": 0.19,
        "Total Revenue": 153,
        "Gross Profit": 17,
        "Operating Income": 6,
        "EBIT": 10,
        "Net Income": 4
    },
    "2010-06-30": {
        "Diluted EPS": 0.16,
        "Total Revenue": 140,
        "Gross Profit": 17,
        "Operating Income": 6,
        "EBIT": 10,
        "Net Income": 3
    },
    "2010-03-31": {
        "Diluted EPS": 0.13,
        "Total Revenue": 149,
        "Gross Profit": 15,
        "Operating Income": 5,
        "EBIT": 9,
        "Net Income": 3
    },
    "2009-12-31": {
        "Diluted EPS": 0.2,
        "Total Revenue": 173,
        "Gross Profit": 19,
        "Operating Income": 7,
        "EBIT": 11,
        "Net Income": 4
    },
    "2009-09-30": {
        "Diluted EPS": 0.28,
        "Total Revenue": 162,
        "Gross Profit": 21,
        "Operating Income": 8,
        "EBIT": 12,
        "Net Income": 6
    },
    "2009-06-30": {
        "Diluted EPS": 0.21,
        "Total Revenue": 163,
        "Gross Profit": 19,
        "Operating Income": 7,
        "EBIT": 11,
        "Net Income": 4
    },
    "2009-03-31": {
        "Diluted EPS": 0.14,
        "Total Revenue": 133,
        "Gross Profit": 17,
        "Operating Income": 5,
        "EBIT": 8,
        "Net Income": 3
    },
    "2023-09-30": {
        "Tax Effect Of Unusual Items": 228462.0,
        "Tax Rate For Calcs": 0.303,
        "Normalized EBITDA": 46447000.0,
        "Total Unusual Items": 754000.0,
        "Total Unusual Items Excluding Goodwill": 754000.0,
        "Net Income From Continuing Operation Net Minority Interest": 21512000.0,
        "Reconciled Depreciation": 15039000.0,
        "Reconciled Cost Of Revenue": 833285000.0,
        "EBITDA": 47201000.0,
        "EBIT": 32162000.0,
        "Net Interest Income": -1093000.0,
        "Interest Expense": 1319000.0,
        "Interest Income": 226000.0,
        "Normalized Income": 20986462.0,
        "Net Income From Continuing And Discontinued Operation": 21512000.0,
        "Total Expenses": 908203000.0,
        "Total Operating Income As Reported": 32027000.0,
        "Diluted Average Shares": 16829000.0,
        "Basic Average Shares": 16710000.0,
        "Diluted EPS": 1.28,
        "Basic EPS": 1.29,
        "Diluted NI Availto Com Stockholders": 21512000.0,
        "Net Income Common Stockholders": 21512000.0,
        "Net Income": 21512000.0,
        "Net Income Including Noncontrolling Interests": 21512000.0,
        "Net Income Continuous Operations": 21512000.0,
        "Tax Provision": 9331000.0,
        "Pretax Income": 30843000.0,
        "Other Income Expense": 663000.0,
        "Other Non Operating Income Expenses": -91000.0,
        "Special Income Charges": 754000.0,
        "Gain On Sale Of Ppe": 754000.0,
        "Net Non Operating Interest Income Expense": -1093000.0,
        "Interest Expense Non Operating": 1319000.0,
        "Interest Income Non Operating": 226000.0,
        "Operating Income": 31273000.0,
        "Operating Expense": 61110000.0,
        "Depreciation Amortization Depletion Income Statement": 1231000.0,
        "Depreciation And Amortization In Income Statement": 1231000.0,
        "Amortization": 1231000.0,
        "Amortization Of Intangibles Income Statement": 1231000.0,
        "Selling General And Administration": 59879000.0,
        "Gross Profit": 92383000.0,
        "Cost Of Revenue": 847093000.0,
        "Total Revenue": 939476000.0,
        "Operating Revenue": 939476000.0
    },
    "2023-12-31": {
        "Tax Effect Of Unusual Items": 297139.46412,
        "Tax Rate For Calcs": 0.322627,
        "Normalized EBITDA": 52056000.0,
        "Total Unusual Items": 921000.0,
        "Total Unusual Items Excluding Goodwill": 921000.0,
        "Net Income From Continuing Operation Net Minority Interest": 24042000.0,
        "Reconciled Depreciation": 15604000.0,
        "Reconciled Cost Of Revenue": 892319000.0,
        "EBITDA": 52977000.0,
        "EBIT": 37373000.0,
        "Net Interest Income": -1732000.0,
        "Interest Expense": 1880000.0,
        "Interest Income": 148000.0,
        "Normalized Income": 23418139.46412,
        "Net Income From Continuing And Discontinued Operation": 24042000.0,
        "Total Expenses": 967916000.0,
        "Total Operating Income As Reported": 37202000.0,
        "Diluted Average Shares": 16838000.0,
        "Basic Average Shares": 16695000.0,
        "Diluted EPS": 1.43,
        "Basic EPS": 1.44,
        "Diluted NI Availto Com Stockholders": 24042000.0,
        "Net Income Common Stockholders": 24042000.0,
        "Net Income": 24042000.0,
        "Net Income Including Noncontrolling Interests": 24042000.0,
        "Net Income Continuous Operations": 24042000.0,
        "Tax Provision": 11451000.0,
        "Pretax Income": 35493000.0,
        "Other Income Expense": 944000.0,
        "Other Non Operating Income Expenses": 23000.0,
        "Special Income Charges": 921000.0,
        "Gain On Sale Of Ppe": 921000.0,
        "Net Non Operating Interest Income Expense": -1732000.0,
        "Interest Expense Non Operating": 1880000.0,
        "Interest Income Non Operating": 148000.0,
        "Operating Income": 36281000.0,
        "Operating Expense": 61214000.0,
        "Depreciation Amortization Depletion Income Statement": 1221000.0,
        "Depreciation And Amortization In Income Statement": 1221000.0,
        "Amortization": 1221000.0,
        "Amortization Of Intangibles Income Statement": 1221000.0,
        "Selling General And Administration": 59993000.0,
        "Gross Profit": 97495000.0,
        "Cost Of Revenue": 906702000.0,
        "Total Revenue": 1004197000.0,
        "Operating Revenue": 1004197000.0
    },
    "2024-03-31": {
        "Tax Effect Of Unusual Items": 268020.0,
        "Tax Rate For Calcs": 0.18,
        "Normalized EBITDA": 38491000.0,
        "Total Unusual Items": 1489000.0,
        "Total Unusual Items Excluding Goodwill": 1489000.0,
        "Net Income From Continuing Operation Net Minority Interest": 18939000.0,
        "Reconciled Depreciation": 15830000.0,
        "Reconciled Cost Of Revenue": 714717000.0,
        "EBITDA": 39980000.0,
        "EBIT": 24150000.0,
        "Net Interest Income": -912000.0,
        "Interest Expense": 1054000.0,
        "Interest Income": 142000.0,
        "Normalized Income": 17718020.0,
        "Net Income From Continuing And Discontinued Operation": 18939000.0,
        "Total Expenses": 792780000.0,
        "Total Operating Income As Reported": 24271000.0,
        "Diluted Average Shares": 16837000.0,
        "Basic Average Shares": 16711000.0,
        "Diluted EPS": 1.12,
        "Basic EPS": 1.13,
        "Diluted NI Availto Com Stockholders": 18939000.0,
        "Net Income Common Stockholders": 18939000.0,
        "Net Income": 18939000.0,
        "Net Income Including Noncontrolling Interests": 18939000.0,
        "Net Income Continuous Operations": 18939000.0,
        "Tax Provision": 4157000.0,
        "Pretax Income": 23096000.0,
        "Other Income Expense": 1226000.0,
        "Other Non Operating Income Expenses": -263000.0,
        "Special Income Charges": 1489000.0,
        "Gain On Sale Of Ppe": 1489000.0,
        "Net Non Operating Interest Income Expense": -912000.0,
        "Interest Expense Non Operating": 1054000.0,
        "Interest Income Non Operating": 142000.0,
        "Operating Income": 22782000.0,
        "Operating Expense": 63461000.0,
        "Depreciation Amortization Depletion Income Statement": 1228000.0,
        "Depreciation And Amortization In Income Statement": 1228000.0,
        "Amortization": 1228000.0,
        "Amortization Of Intangibles Income Statement": 1228000.0,
        "Selling General And Administration": 62233000.0,
        "Gross Profit": 86243000.0,
        "Cost Of Revenue": 729319000.0,
        "Total Revenue": 815562000.0,
        "Operating Revenue": 815562000.0
    },
    "2024-06-30": {
        "Tax Effect Of Unusual Items": 466860.0,
        "Tax Rate For Calcs": 0.31,
        "Normalized EBITDA": -6128000.0,
        "Total Unusual Items": 1506000.0,
        "Total Unusual Items Excluding Goodwill": 1506000.0,
        "Net Income From Continuing Operation Net Minority Interest": -15277000.0,
        "Reconciled Depreciation": 16274000.0,
        "Reconciled Cost Of Revenue": 772990000.0,
        "EBITDA": -4622000.0,
        "EBIT": -20896000.0,
        "Net Interest Income": -1160000.0,
        "Interest Expense": 1241000.0,
        "Interest Income": 81000.0,
        "Normalized Income": -16316140.0,
        "Net Income From Continuing And Discontinued Operation": -15277000.0,
        "Total Expenses": 851103000.0,
        "Total Operating Income As Reported": -20707000.0,
        "Diluted Average Shares": 16809000.0,
        "Basic Average Shares": 16756000.0,
        "Diluted EPS": -0.91,
        "Basic EPS": -0.91,
        "Diluted NI Availto Com Stockholders": -15277000.0,
        "Net Income Common Stockholders": -15277000.0,
        "Net Income": -15277000.0,
        "Net Income Including Noncontrolling Interests": -15277000.0,
        "Net Income Continuous Operations": -15277000.0,
        "Tax Provision": -6860000.0,
        "Pretax Income": -22137000.0,
        "Other Income Expense": 1236000.0,
        "Other Non Operating Income Expenses": -270000.0,
        "Special Income Charges": 1506000.0,
        "Gain On Sale Of Ppe": 1506000.0,
        "Net Non Operating Interest Income Expense": -1160000.0,
        "Interest Expense Non Operating": 1241000.0,
        "Interest Income Non Operating": 81000.0,
        "Operating Income": -22213000.0,
        "Operating Expense": 63056000.0,
        "Depreciation Amortization Depletion Income Statement": 1217000.0,
        "Depreciation And Amortization In Income Statement": 1217000.0,
        "Amortization": 1217000.0,
        "Amortization Of Intangibles Income Statement": 1217000.0,
        "Selling General And Administration": 61839000.0,
        "Gross Profit": 40843000.0,
        "Cost Of Revenue": 788047000.0,
        "Total Revenue": 828890000.0,
        "Operating Revenue": 828890000.0
    },
    "2024-09-30": {
        "Tax Effect Of Unusual Items": 367500.0,
        "Tax Rate For Calcs": 0.21,
        "Normalized EBITDA": 35489000.0,
        "Total Unusual Items": 1750000.0,
        "Total Unusual Items Excluding Goodwill": 1750000.0,
        "Net Income From Continuing Operation Net Minority Interest": 10649000.0,
        "Reconciled Depreciation": 16693000.0,
        "Reconciled Cost Of Revenue": 795283000.0,
        "EBITDA": 37239000.0,
        "EBIT": 20546000.0,
        "Net Interest Income": -1943000.0,
        "Interest Expense": 2016000.0,
        "Interest Income": 73000.0,
        "Normalized Income": 9266500.0,
        "Net Income From Continuing And Discontinued Operation": 10649000.0,
        "Total Expenses": 869432000.0,
        "Total Operating Income As Reported": 20361000.0,
        "Diluted Average Shares": 16324000.0,
        "Basic Average Shares": 16283000.0,
        "Diluted EPS": 0.65,
        "Basic EPS": 0.65,
        "Diluted NI Availto Com Stockholders": 10649000.0,
        "Net Income Common Stockholders": 10649000.0,
        "Net Income": 10649000.0,
        "Net Income Including Noncontrolling Interests": 10649000.0,
        "Net Income Continuous Operations": 10649000.0,
        "Tax Provision": 7881000.0,
        "Pretax Income": 18530000.0,
        "Other Income Expense": 1862000.0,
        "Other Non Operating Income Expenses": 112000.0,
        "Special Income Charges": 1750000.0,
        "Gain On Sale Of Ppe": 1750000.0,
        "Net Non Operating Interest Income Expense": -1943000.0,
        "Interest Expense Non Operating": 2016000.0,
        "Interest Income Non Operating": 73000.0,
        "Operating Income": 18611000.0,
        "Operating Expense": 58677000.0,
        "Depreciation Amortization Depletion Income Statement": 1221000.0,
        "Depreciation And Amortization In Income Statement": 1221000.0,
        "Amortization": 1221000.0,
        "Amortization Of Intangibles Income Statement": 1221000.0,
        "Selling General And Administration": 57456000.0,
        "Gross Profit": 77288000.0,
        "Cost Of Revenue": 810755000.0,
        "Total Revenue": 888043000.0,
        "Operating Revenue": 888043000.0
    },
    "2024-12-31": {
        "Tax Effect Of Unusual Items": 442890.0,
        "Tax Rate For Calcs": 0.21,
        "Normalized EBITDA": 43501000.0,
        "Total Unusual Items": 2109000.0,
        "Total Unusual Items Excluding Goodwill": 2109000.0,
        "Net Income From Continuing Operation Net Minority Interest": 15952000.0,
        "Reconciled Depreciation": 16392000.0,
        "Reconciled Cost Of Revenue": 728661000.0,
        "EBITDA": 45610000.0,
        "EBIT": 29218000.0,
        "Net Interest Income": -2095000.0,
        "Interest Expense": 2214000.0,
        "Interest Income": 119000.0,
        "Normalized Income": 14285890.0,
        "Net Income From Continuing And Discontinued Operation": 15952000.0,
        "Total Expenses": 801747000.0,
        "Total Operating Income As Reported": 30157000.0,
        "Diluted Average Shares": 16185000.0,
        "Basic Average Shares": 16125000.0,
        "Diluted EPS": 0.99,
        "Basic EPS": 0.99,
        "Diluted NI Availto Com Stockholders": 15952000.0,
        "Net Income Common Stockholders": 15952000.0,
        "Net Income": 15952000.0,
        "Net Income Including Noncontrolling Interests": 15952000.0,
        "Net Income Continuous Operations": 15952000.0,
        "Tax Provision": 11052000.0,
        "Pretax Income": 27004000.0,
        "Other Income Expense": 1051000.0,
        "Other Non Operating Income Expenses": -1058000.0,
        "Special Income Charges": 2109000.0,
        "Gain On Sale Of Ppe": 2109000.0,
        "Net Non Operating Interest Income Expense": -2095000.0,
        "Interest Expense Non Operating": 2214000.0,
        "Interest Income Non Operating": 119000.0,
        "Operating Income": 28048000.0,
        "Operating Expense": 57897000.0,
        "Depreciation Amortization Depletion Income Statement": 1203000.0,
        "Depreciation And Amortization In Income Statement": 1203000.0,
        "Amortization": 1203000.0,
        "Amortization Of Intangibles Income Statement": 1203000.0,
        "Selling General And Administration": 56694000.0,
        "Gross Profit": 85945000.0,
        "Cost Of Revenue": 743850000.0,
        "Total Revenue": 829795000.0,
        "Operating Revenue": 829795000.0
    }
}