{
    "2024-12-31": {
        "Tax Effect Of Unusual Items": 0.0,
        "Tax Rate For Calcs": 0.21,
        "Normalized EBITDA": 7469000.0,
        "Net Income From Continuing Operation Net Minority Interest": 7179000.0,
        "Reconciled Depreciation": 358000.0,
        "Reconciled Cost Of Revenue": 10928000.0,
        "EBITDA": 7469000.0,
        "EBIT": 7111000.0,
        "Net Interest Income": 373000.0,
        "Interest Income": 373000.0,
        "Normalized Income": 7179000.0,
        "Net Income From Continuing And Discontinued Operation": 7179000.0,
        "Total Expenses": 22014000.0,
        "Total Operating Income As Reported": 7111000.0,
        "Diluted Average Shares": 81681000.0,
        "Basic Average Shares": 76945000.0,
        "Diluted EPS": 0.09,
        "Basic EPS": 0.09,
        "Diluted NI Availto Com Stockholders": 7179000.0,
        "Net Income Common Stockholders": 7179000.0,
        "Net Income": 7179000.0,
        "Net Income Including Noncontrolling Interests": 7179000.0,
        "Net Income Continuous Operations": 7179000.0,
        "Tax Provision": NaN,
        "Pretax Income": 7484000.0,
        "Net Non Operating Interest Income Expense": 373000.0,
        "Interest Income Non Operating": 373000.0,
        "Operating Income": 7111000.0,
        "Operating Expense": 11086000.0,
        "Research And Development": 1315000.0,
        "Selling General And Administration": 9771000.0,
        "Selling And Marketing Expense": 8716000.0,
        "General And Administrative Expense": 1055000.0,
        "Other Gand A": 1055000.0,
        "Gross Profit": 18197000.0,
        "Cost Of Revenue": 10928000.0,
        "Total Revenue": 29125000.0,
        "Operating Revenue": 29125000.0
    },
    "2024-09-30": {
        "Tax Effect Of Unusual Items": 0.0,
        "Tax Rate For Calcs": 0.0,
        "Normalized EBITDA": 1968000.0,
        "Net Income From Continuing Operation Net Minority Interest": 1878000.0,
        "Reconciled Depreciation": 366000.0,
        "Reconciled Cost Of Revenue": 9340000.0,
        "EBITDA": 1968000.0,
        "EBIT": 1602000.0,
        "Net Interest Income": 276000.0,
        "Interest Income": 276000.0,
        "Normalized Income": 1878000.0,
        "Net Income From Continuing And Discontinued Operation": 1878000.0,
        "Total Expenses": 23978000.0,
        "Total Operating Income As Reported": 1602000.0,
        "Diluted Average Shares": 77768000.0,
        "Basic Average Shares": 75972000.0,
        "Diluted EPS": 0.02,
        "Basic EPS": 0.02,
        "Diluted NI Availto Com Stockholders": 1878000.0,
        "Net Income Common Stockholders": 1878000.0,
        "Net Income": 1878000.0,
        "Net Income Including Noncontrolling Interests": 1878000.0,
        "Net Income Continuous Operations": 1878000.0,
        "Tax Provision": NaN,
        "Pretax Income": 1878000.0,
        "Net Non Operating Interest Income Expense": 276000.0,
        "Interest Income Non Operating": 276000.0,
        "Operating Income": 1602000.0,
        "Operating Expense": 14638000.0,
        "Research And Development": 1290000.0,
        "Selling General And Administration": 13348000.0,
        "Selling And Marketing Expense": 7044000.0,
        "General And Administrative Expense": 6304000.0,
        "Other Gand A": 6304000.0,
        "Gross Profit": 16240000.0,
        "Cost Of Revenue": 9340000.0,
        "Total Revenue": 25580000.0,
        "Operating Revenue": 25580000.0
    },
    "2024-06-30": {
        "Tax Effect Of Unusual Items": 0.0,
        "Tax Rate For Calcs": 0.0,
        "Normalized EBITDA": 114000.0,
        "Net Income From Continuing Operation Net Minority Interest": -15000.0,
        "Reconciled Depreciation": 370000.0,
        "Reconciled Cost Of Revenue": 9046000.0,
        "EBITDA": 114000.0,
        "EBIT": -256000.0,
        "Net Interest Income": 241000.0,
        "Interest Income": 241000.0,
        "Normalized Income": -15000.0,
        "Net Income From Continuing And Discontinued Operation": -15000.0,
        "Total Expenses": 22995000.0,
        "Total Operating Income As Reported": -256000.0,
        "Diluted Average Shares": 75559000.0,
        "Basic Average Shares": 75559000.0,
        "Diluted EPS": 0.0,
        "Basic EPS": 0.0,
        "Diluted NI Availto Com Stockholders": -15000.0,
        "Net Income Common Stockholders": -15000.0,
        "Net Income": -15000.0,
        "Net Income Including Noncontrolling Interests": -15000.0,
        "Net Income Continuous Operations": -15000.0,
        "Tax Provision": NaN,
        "Pretax Income": -15000.0,
        "Net Non Operating Interest Income Expense": 241000.0,
        "Interest Income Non Operating": 241000.0,
        "Operating Income": -256000.0,
        "Operating Expense": 13949000.0,
        "Research And Development": 1316000.0,
        "Selling General And Administration": 12633000.0,
        "Selling And Marketing Expense": 6969000.0,
        "General And Administrative Expense": 5664000.0,
        "Other Gand A": 5664000.0,
        "Gross Profit": 13693000.0,
        "Cost Of Revenue": 9046000.0,
        "Total Revenue": 22739000.0,
        "Operating Revenue": 22739000.0
    },
    "2024-03-31": {
        "Tax Effect Of Unusual Items": NaN,
        "Tax Rate For Calcs": NaN,
        "Normalized EBITDA": NaN,
        "Net Income From Continuing Operation Net Minority Interest": NaN,
        "Reconciled Depreciation": NaN,
        "Reconciled Cost Of Revenue": NaN,
        "EBITDA": NaN,
        "EBIT": NaN,
        "Net Interest Income": NaN,
        "Interest Income": NaN,
        "Normalized Income": NaN,
        "Net Income From Continuing And Discontinued Operation": NaN,
        "Total Expenses": NaN,
        "Total Operating Income As Reported": NaN,
        "Diluted Average Shares": NaN,
        "Basic Average Shares": NaN,
        "Diluted EPS": NaN,
        "Basic EPS": NaN,
        "Diluted NI Availto Com Stockholders": NaN,
        "Net Income Common Stockholders": NaN,
        "Net Income": NaN,
        "Net Income Including Noncontrolling Interests": NaN,
        "Net Income Continuous Operations": NaN,
        "Tax Provision": 0.0,
        "Pretax Income": NaN,
        "Net Non Operating Interest Income Expense": NaN,
        "Interest Income Non Operating": NaN,
        "Operating Income": NaN,
        "Operating Expense": NaN,
        "Research And Development": NaN,
        "Selling General And Administration": NaN,
        "Selling And Marketing Expense": NaN,
        "General And Administrative Expense": NaN,
        "Other Gand A": NaN,
        "Gross Profit": NaN,
        "Cost Of Revenue": NaN,
        "Total Revenue": NaN,
        "Operating Revenue": NaN
    },
    "2023-12-31": {
        "Tax Effect Of Unusual Items": 0.0,
        "Tax Rate For Calcs": 0.21,
        "Normalized EBITDA": 205000.0,
        "Net Income From Continuing Operation Net Minority Interest": 114000.0,
        "Reconciled Depreciation": 373000.0,
        "Reconciled Cost Of Revenue": 8259000.0,
        "EBITDA": 205000.0,
        "EBIT": -168000.0,
        "Net Interest Income": 282000.0,
        "Interest Income": NaN,
        "Normalized Income": 114000.0,
        "Net Income From Continuing And Discontinued Operation": 114000.0,
        "Total Expenses": 21364000.0,
        "Total Operating Income As Reported": -168000.0,
        "Diluted Average Shares": NaN,
        "Basic Average Shares": NaN,
        "Diluted EPS": NaN,
        "Basic EPS": NaN,
        "Diluted NI Availto Com Stockholders": 114000.0,
        "Net Income Common Stockholders": 114000.0,
        "Net Income": 114000.0,
        "Net Income Including Noncontrolling Interests": 114000.0,
        "Net Income Continuous Operations": 114000.0,
        "Pretax Income": 114000.0,
        "Net Non Operating Interest Income Expense": 282000.0,
        "Total Other Finance Cost": NaN,
        "Interest Income Non Operating": NaN,
        "Operating Income": -168000.0,
        "Operating Expense": 13105000.0,
        "Research And Development": 1159000.0,
        "Selling General And Administration": 11946000.0,
        "Selling And Marketing Expense": 6520000.0,
        "General And Administrative Expense": 5426000.0,
        "Other Gand A": 5426000.0,
        "Gross Profit": 12937000.0,
        "Cost Of Revenue": 8259000.0,
        "Total Revenue": 21196000.0,
        "Operating Revenue": 21196000.0
    },
    "2023-09-30": {
        "Tax Effect Of Unusual Items": NaN,
        "Tax Rate For Calcs": NaN,
        "Normalized EBITDA": NaN,
        "Net Income From Continuing Operation Net Minority Interest": NaN,
        "Reconciled Depreciation": NaN,
        "Reconciled Cost Of Revenue": NaN,
        "EBITDA": NaN,
        "EBIT": NaN,
        "Net Interest Income": NaN,
        "Interest Income": NaN,
        "Normalized Income": NaN,
        "Net Income From Continuing And Discontinued Operation": NaN,
        "Total Expenses": NaN,
        "Total Operating Income As Reported": NaN,
        "Diluted Average Shares": NaN,
        "Basic Average Shares": NaN,
        "Diluted EPS": NaN,
        "Basic EPS": NaN,
        "Diluted NI Availto Com Stockholders": NaN,
        "Net Income Common Stockholders": NaN,
        "Net Income": NaN,
        "Net Income Including Noncontrolling Interests": NaN,
        "Net Income Continuous Operations": NaN,
        "Tax Provision": NaN,
        "Pretax Income": NaN,
        "Net Non Operating Interest Income Expense": NaN,
        "Total Other Finance Cost": -188000.0,
        "Interest Income Non Operating": NaN,
        "Operating Income": NaN,
        "Operating Expense": NaN,
        "Research And Development": NaN,
        "Selling General And Administration": NaN,
        "Selling And Marketing Expense": NaN,
        "General And Administrative Expense": NaN,
        "Other Gand A": NaN,
        "Gross Profit": NaN,
        "Cost Of Revenue": NaN,
        "Total Revenue": NaN,
        "Operating Revenue": NaN
    },
    "2023-06-30": {
        "Tax Effect Of Unusual Items": NaN,
        "Tax Rate For Calcs": NaN,
        "Normalized EBITDA": NaN,
        "Net Income From Continuing Operation Net Minority Interest": NaN,
        "Reconciled Depreciation": NaN,
        "Reconciled Cost Of Revenue": NaN,
        "EBITDA": NaN,
        "EBIT": NaN,
        "Net Interest Income": NaN,
        "Interest Income": NaN,
        "Normalized Income": NaN,
        "Net Income From Continuing And Discontinued Operation": NaN,
        "Total Expenses": NaN,
        "Total Operating Income As Reported": NaN,
        "Diluted Average Shares": NaN,
        "Basic Average Shares": NaN,
        "Diluted EPS": NaN,
        "Basic EPS": NaN,
        "Diluted NI Availto Com Stockholders": NaN,
        "Net Income Common Stockholders": NaN,
        "Net Income": NaN,
        "Net Income Including Noncontrolling Interests": NaN,
        "Net Income Continuous Operations": NaN,
        "Pretax Income": NaN,
        "Net Non Operating Interest Income Expense": NaN,
        "Total Other Finance Cost": -125000.0,
        "Interest Income Non Operating": NaN,
        "Operating Income": NaN,
        "Operating Expense": NaN,
        "Research And Development": NaN,
        "Selling General And Administration": NaN,
        "Selling And Marketing Expense": NaN,
        "General And Administrative Expense": NaN,
        "Other Gand A": NaN,
        "Gross Profit": NaN,
        "Cost Of Revenue": NaN,
        "Total Revenue": NaN,
        "Operating Revenue": NaN
    },
    "2025-03-31": {
        "Tax Effect Of Unusual Items": 0.0,
        "Tax Rate For Calcs": 0.032116,
        "Normalized EBITDA": 5140000.0,
        "Net Income From Continuing Operation Net Minority Interest": 5063000.0,
        "Reconciled Depreciation": 368000.0,
        "Reconciled Cost Of Revenue": 11150000.0,
        "EBITDA": 5140000.0,
        "EBIT": 4772000.0,
        "Net Interest Income": 459000.0,
        "Interest Income": 459000.0,
        "Normalized Income": 5063000.0,
        "Net Income From Continuing And Discontinued Operation": 5063000.0,
        "Total Expenses": 25709000.0,
        "Total Operating Income As Reported": 4772000.0,
        "Diluted Average Shares": 83232000.0,
        "Basic Average Shares": 77810000.0,
        "Diluted EPS": 0.06,
        "Basic EPS": 0.07,
        "Diluted NI Availto Com Stockholders": 5063000.0,
        "Net Income Common Stockholders": 5063000.0,
        "Net Income": 5063000.0,
        "Net Income Including Noncontrolling Interests": 5063000.0,
        "Net Income Continuous Operations": 5063000.0,
        "Tax Provision": 168000.0,
        "Pretax Income": 5231000.0,
        "Net Non Operating Interest Income Expense": 459000.0,
        "Interest Income Non Operating": 459000.0,
        "Operating Income": 4772000.0,
        "Operating Expense": 14559000.0,
        "Research And Development": 1258000.0,
        "Selling General And Administration": 13301000.0,
        "Selling And Marketing Expense": 8117000.0,
        "General And Administrative Expense": 5184000.0,
        "Other Gand A": 5184000.0,
        "Gross Profit": 19331000.0,
        "Cost Of Revenue": 11150000.0,
        "Total Revenue": 30481000.0,
        "Operating Revenue": 30481000.0
    },
    "2025-06-30": {
        "Tax Effect Of Unusual Items": 0.0,
        "Tax Rate For Calcs": 0.034252,
        "Normalized EBITDA": 3540000.0,
        "Net Income From Continuing Operation Net Minority Interest": 3609000.0,
        "Reconciled Depreciation": 355000.0,
        "Reconciled Cost Of Revenue": 10891000.0,
        "EBITDA": 3540000.0,
        "EBIT": 3185000.0,
        "Net Interest Income": 552000.0,
        "Interest Income": 552000.0,
        "Normalized Income": 3609000.0,
        "Net Income From Continuing And Discontinued Operation": 3609000.0,
        "Total Expenses": 27932000.0,
        "Total Operating Income As Reported": 3185000.0,
        "Diluted Average Shares": 86241000.0,
        "Basic Average Shares": 79249000.0,
        "Diluted EPS": 0.04,
        "Basic EPS": 0.05,
        "Diluted NI Availto Com Stockholders": 3609000.0,
        "Net Income Common Stockholders": 3609000.0,
        "Net Income": 3609000.0,
        "Net Income Including Noncontrolling Interests": 3609000.0,
        "Net Income Continuous Operations": 3609000.0,
        "Tax Provision": 128000.0,
        "Pretax Income": 3737000.0,
        "Net Non Operating Interest Income Expense": 552000.0,
        "Interest Income Non Operating": 552000.0,
        "Operating Income": 3185000.0,
        "Operating Expense": 17041000.0,
        "Research And Development": 1567000.0,
        "Selling General And Administration": 15474000.0,
        "Selling And Marketing Expense": 8207000.0,
        "General And Administrative Expense": 7267000.0,
        "Other Gand A": 7267000.0,
        "Gross Profit": 20226000.0,
        "Cost Of Revenue": 10891000.0,
        "Total Revenue": 31117000.0,
        "Operating Revenue": 31117000.0
    },
    "2025-09-30": {
        "Tax Effect Of Unusual Items": 0.0,
        "Tax Rate For Calcs": 0.046,
        "Normalized EBITDA": 4595000.0,
        "Net Income From Continuing Operation Net Minority Interest": 4578000.0,
        "Reconciled Depreciation": 359000.0,
        "Reconciled Cost Of Revenue": 12058000.0,
        "EBITDA": 4595000.0,
        "EBIT": 4236000.0,
        "Net Interest Income": 564000.0,
        "Interest Income": 564000.0,
        "Normalized Income": 4578000.0,
        "Net Income From Continuing And Discontinued Operation": 4578000.0,
        "Total Expenses": 29750000.0,
        "Total Operating Income As Reported": 4236000.0,
        "Diluted Average Shares": 86619000.0,
        "Basic Average Shares": 79779000.0,
        "Diluted EPS": 0.05,
        "Basic EPS": 0.06,
        "Diluted NI Availto Com Stockholders": 4578000.0,
        "Net Income Common Stockholders": 4578000.0,
        "Net Income": 4578000.0,
        "Net Income Including Noncontrolling Interests": 4578000.0,
        "Net Income Continuous Operations": 4578000.0,
        "Tax Provision": 222000.0,
        "Pretax Income": 4800000.0,
        "Net Non Operating Interest Income Expense": 564000.0,
        "Interest Income Non Operating": 564000.0,
        "Operating Income": 4236000.0,
        "Operating Expense": 17692000.0,
        "Research And Development": 1795000.0,
        "Selling General And Administration": 15897000.0,
        "Selling And Marketing Expense": 8768000.0,
        "General And Administrative Expense": 7129000.0,
        "Other Gand A": 7129000.0,
        "Gross Profit": 21928000.0,
        "Cost Of Revenue": 12058000.0,
        "Total Revenue": 33986000.0,
        "Operating Revenue": 33986000.0
    }
}