{
    "2023-03-31": {
        "Tax Effect Of Unusual Items": NaN,
        "Tax Rate For Calcs": NaN,
        "Normalized EBITDA": NaN,
        "Total Unusual Items": NaN,
        "Total Unusual Items Excluding Goodwill": NaN,
        "Net Income From Continuing Operation Net Minority Interest": NaN,
        "Reconciled Depreciation": NaN,
        "Reconciled Cost Of Revenue": NaN,
        "EBITDA": NaN,
        "EBIT": NaN,
        "Net Interest Income": NaN,
        "Interest Expense": NaN,
        "Interest Income": NaN,
        "Normalized Income": NaN,
        "Net Income From Continuing And Discontinued Operation": NaN,
        "Total Expenses": NaN,
        "Total Operating Income As Reported": NaN,
        "Diluted Average Shares": 5816058.0,
        "Basic Average Shares": 5816058.0,
        "Diluted EPS": -0.41,
        "Basic EPS": -0.41,
        "Diluted NI Availto Com Stockholders": NaN,
        "Net Income Common Stockholders": NaN,
        "Net Income": NaN,
        "Net Income Including Noncontrolling Interests": NaN,
        "Net Income Continuous Operations": NaN,
        "Tax Provision": NaN,
        "Pretax Income": NaN,
        "Other Income Expense": NaN,
        "Other Non Operating Income Expenses": NaN,
        "Gain On Sale Of Security": NaN,
        "Net Non Operating Interest Income Expense": NaN,
        "Interest Expense Non Operating": NaN,
        "Interest Income Non Operating": NaN,
        "Operating Income": NaN,
        "Operating Expense": NaN,
        "Selling General And Administration": NaN,
        "Gross Profit": NaN,
        "Cost Of Revenue": NaN,
        "Total Revenue": NaN,
        "Operating Revenue": NaN
    },
    "2022-12-31": {
        "Tax Effect Of Unusual Items": NaN,
        "Tax Rate For Calcs": NaN,
        "Normalized EBITDA": NaN,
        "Total Unusual Items": NaN,
        "Total Unusual Items Excluding Goodwill": NaN,
        "Net Income From Continuing Operation Net Minority Interest": NaN,
        "Reconciled Depreciation": NaN,
        "Reconciled Cost Of Revenue": NaN,
        "EBITDA": NaN,
        "EBIT": NaN,
        "Net Interest Income": NaN,
        "Interest Expense": NaN,
        "Interest Income": NaN,
        "Normalized Income": NaN,
        "Net Income From Continuing And Discontinued Operation": NaN,
        "Total Expenses": NaN,
        "Total Operating Income As Reported": NaN,
        "Diluted Average Shares": 5873129.0,
        "Basic Average Shares": 5866494.0,
        "Diluted EPS": 0.31,
        "Basic EPS": 0.31,
        "Diluted NI Availto Com Stockholders": NaN,
        "Net Income Common Stockholders": NaN,
        "Net Income": NaN,
        "Net Income Including Noncontrolling Interests": NaN,
        "Net Income Continuous Operations": NaN,
        "Tax Provision": NaN,
        "Pretax Income": NaN,
        "Other Income Expense": NaN,
        "Other Non Operating Income Expenses": NaN,
        "Gain On Sale Of Security": NaN,
        "Net Non Operating Interest Income Expense": NaN,
        "Interest Expense Non Operating": NaN,
        "Interest Income Non Operating": NaN,
        "Operating Income": NaN,
        "Operating Expense": NaN,
        "Selling General And Administration": NaN,
        "Gross Profit": NaN,
        "Cost Of Revenue": NaN,
        "Total Revenue": NaN,
        "Operating Revenue": NaN
    },
    "2022-09-30": {
        "Tax Effect Of Unusual Items": -29547.0,
        "Tax Rate For Calcs": 0.201,
        "Normalized EBITDA": 2496000.0,
        "Total Unusual Items": -147000.0,
        "Total Unusual Items Excluding Goodwill": -147000.0,
        "Net Income From Continuing Operation Net Minority Interest": 1053000.0,
        "Reconciled Depreciation": 956000.0,
        "Reconciled Cost Of Revenue": 37756000.0,
        "EBITDA": 2349000.0,
        "EBIT": 1393000.0,
        "Net Interest Income": -71000.0,
        "Interest Expense": 75000.0,
        "Interest Income": 4000.0,
        "Normalized Income": 1170453.0,
        "Net Income From Continuing And Discontinued Operation": 1053000.0,
        "Total Expenses": 41585000.0,
        "Total Operating Income As Reported": 1542000.0,
        "Diluted Average Shares": 5943446.0,
        "Basic Average Shares": 5919649.0,
        "Diluted EPS": 0.18,
        "Basic EPS": 0.18,
        "Diluted NI Availto Com Stockholders": 1053000.0,
        "Net Income Common Stockholders": 1053000.0,
        "Net Income": 1053000.0,
        "Net Income Including Noncontrolling Interests": 1053000.0,
        "Net Income Continuous Operations": 1053000.0,
        "Tax Provision": 265000.0,
        "Pretax Income": 1318000.0,
        "Other Income Expense": -153000.0,
        "Other Non Operating Income Expenses": -6000.0,
        "Gain On Sale Of Security": -147000.0,
        "Net Non Operating Interest Income Expense": -71000.0,
        "Interest Expense Non Operating": 75000.0,
        "Interest Income Non Operating": 4000.0,
        "Operating Income": 1542000.0,
        "Operating Expense": 3829000.0,
        "Selling General And Administration": 3829000.0,
        "Gross Profit": 5371000.0,
        "Cost Of Revenue": 37756000.0,
        "Total Revenue": 43127000.0,
        "Operating Revenue": 43127000.0
    },
    "2022-06-30": {
        "Tax Effect Of Unusual Items": 30529.00232,
        "Tax Rate For Calcs": 0.199536,
        "Normalized EBITDA": 4611000.0,
        "Total Unusual Items": 153000.0,
        "Total Unusual Items Excluding Goodwill": 153000.0,
        "Net Income From Continuing Operation Net Minority Interest": 3105000.0,
        "Reconciled Depreciation": 847000.0,
        "Reconciled Cost Of Revenue": 44237000.0,
        "EBITDA": 4764000.0,
        "EBIT": 3917000.0,
        "Net Interest Income": -38000.0,
        "Interest Expense": 38000.0,
        "Interest Income": 0.0,
        "Normalized Income": 2982529.00232,
        "Net Income From Continuing And Discontinued Operation": 3105000.0,
        "Total Expenses": 48750000.0,
        "Total Operating Income As Reported": 3776000.0,
        "Diluted Average Shares": 5971206.0,
        "Basic Average Shares": 5965559.0,
        "Diluted EPS": 0.52,
        "Basic EPS": 0.52,
        "Diluted NI Availto Com Stockholders": 3105000.0,
        "Net Income Common Stockholders": 3105000.0,
        "Net Income": 3105000.0,
        "Net Income Including Noncontrolling Interests": 3105000.0,
        "Net Income Continuous Operations": 3105000.0,
        "Tax Provision": 774000.0,
        "Pretax Income": 3879000.0,
        "Other Income Expense": 141000.0,
        "Other Non Operating Income Expenses": -12000.0,
        "Gain On Sale Of Security": 153000.0,
        "Net Non Operating Interest Income Expense": -38000.0,
        "Interest Expense Non Operating": 38000.0,
        "Interest Income Non Operating": 0.0,
        "Operating Income": 3776000.0,
        "Operating Expense": 4513000.0,
        "Selling General And Administration": 4633000.0,
        "Gross Profit": 8289000.0,
        "Cost Of Revenue": 44237000.0,
        "Total Revenue": 52526000.0,
        "Operating Revenue": 52526000.0
    },
    "2022-03-31": {
        "Diluted EPS": 0.41,
        "Total Revenue": 42,
        "Gross Profit": 7,
        "Operating Income": 3,
        "EBIT": 4,
        "Net Income": 3
    },
    "2021-12-31": {
        "Diluted EPS": 0.3,
        "Total Revenue": 38,
        "Gross Profit": 7,
        "Operating Income": 2,
        "EBIT": 3,
        "Net Income": 2
    },
    "2021-09-30": {
        "Diluted EPS": 0.51,
        "Total Revenue": 38,
        "Gross Profit": 8,
        "Operating Income": 4,
        "EBIT": 5,
        "Net Income": 3
    },
    "2021-06-30": {
        "Diluted EPS": 0.47,
        "Total Revenue": 44,
        "Gross Profit": 8,
        "Operating Income": 3,
        "EBIT": 5,
        "Net Income": 3
    },
    "2021-03-31": {
        "Diluted EPS": 0.3,
        "Total Revenue": 46,
        "Gross Profit": 7,
        "Operating Income": 3,
        "EBIT": 4,
        "Net Income": 2
    },
    "2020-12-31": {
        "Diluted EPS": 0.57,
        "Total Revenue": 48,
        "Gross Profit": 10,
        "Operating Income": 5,
        "EBIT": 7,
        "Net Income": 4
    },
    "2020-09-30": {
        "Diluted EPS": 0.35,
        "Total Revenue": 40,
        "Gross Profit": 6,
        "Operating Income": 2,
        "EBIT": 3,
        "Net Income": 2
    },
    "2020-06-30": {
        "Diluted EPS": 0.28,
        "Total Revenue": 35,
        "Gross Profit": 7,
        "Operating Income": 2,
        "EBIT": 3,
        "Net Income": 2
    },
    "2020-03-31": {
        "Diluted EPS": -0.61,
        "Total Revenue": 25,
        "Gross Profit": 3,
        "Operating Income": -4,
        "EBIT": -3,
        "Net Income": -4
    },
    "2019-12-31": {
        "Diluted EPS": 0.07,
        "Total Revenue": 29,
        "Gross Profit": 5,
        "Operating Income": 1,
        "EBIT": 2,
        "Net Income": 0
    },
    "2019-09-30": {
        "Diluted EPS": 0.01,
        "Total Revenue": 29,
        "Gross Profit": 4,
        "Operating Income": 0,
        "EBIT": 1,
        "Net Income": 0
    },
    "2019-06-30": {
        "Diluted EPS": -0.03,
        "Total Revenue": 30,
        "Gross Profit": 4,
        "Operating Income": -1,
        "EBIT": 0,
        "Net Income": 0
    },
    "2019-03-31": {
        "Diluted EPS": 0.27,
        "Total Revenue": 35,
        "Gross Profit": 6,
        "Operating Income": 2,
        "EBIT": 3,
        "Net Income": 2
    },
    "2018-12-31": {
        "Diluted EPS": 0.31,
        "Total Revenue": 36,
        "Gross Profit": 6,
        "Operating Income": 2,
        "EBIT": 3,
        "Net Income": 2
    },
    "2018-09-30": {
        "Diluted EPS": 0.37,
        "Total Revenue": 37,
        "Gross Profit": 7,
        "Operating Income": 3,
        "EBIT": 4,
        "Net Income": 3
    },
    "2018-06-30": {
        "Diluted EPS": 0.42,
        "Total Revenue": 39,
        "Gross Profit": 7,
        "Operating Income": 3,
        "EBIT": 4,
        "Net Income": 3
    },
    "2018-03-31": {
        "Diluted EPS": 0.3,
        "Total Revenue": 32,
        "Gross Profit": 7,
        "Operating Income": 3,
        "EBIT": 3,
        "Net Income": 2
    },
    "2017-12-31": {
        "Diluted EPS": -0.2,
        "Total Revenue": 33,
        "Gross Profit": 7,
        "Operating Income": 2,
        "EBIT": 3,
        "Net Income": -1
    },
    "2017-09-30": {
        "Diluted EPS": 0.21,
        "Total Revenue": 28,
        "Gross Profit": 6,
        "Operating Income": 2,
        "EBIT": 3,
        "Net Income": 1
    },
    "2017-06-30": {
        "Diluted EPS": 0.24,
        "Total Revenue": 32,
        "Gross Profit": 7,
        "Operating Income": 2,
        "EBIT": 3,
        "Net Income": 2
    },
    "2017-03-31": {
        "Diluted EPS": 0.11,
        "Total Revenue": 25,
        "Gross Profit": 5,
        "Operating Income": 1,
        "EBIT": 2,
        "Net Income": 1
    },
    "2016-12-31": {
        "Diluted EPS": 0.37,
        "Total Revenue": 31,
        "Gross Profit": 6,
        "Operating Income": 3,
        "EBIT": 4,
        "Net Income": 2
    },
    "2016-09-30": {
        "Diluted EPS": 0.37,
        "Total Revenue": 34,
        "Gross Profit": 8,
        "Operating Income": 4,
        "EBIT": 4,
        "Net Income": 2
    },
    "2016-06-30": {
        "Diluted EPS": 0.52,
        "Total Revenue": 36,
        "Gross Profit": 8,
        "Operating Income": 5,
        "EBIT": 5,
        "Net Income": 3
    },
    "2016-03-31": {
        "Diluted EPS": 0.46,
        "Total Revenue": 30,
        "Gross Profit": 6,
        "Operating Income": 3,
        "EBIT": 4,
        "Net Income": 3
    },
    "2015-12-31": {
        "Diluted EPS": 0.28,
        "Total Revenue": 27,
        "Gross Profit": 6,
        "Operating Income": 3,
        "EBIT": 3,
        "Net Income": 2
    },
    "2015-09-30": {
        "Diluted EPS": 0.18,
        "Total Revenue": 22,
        "Gross Profit": 5,
        "Operating Income": 2,
        "EBIT": 2,
        "Net Income": 1
    },
    "2015-06-30": {
        "Diluted EPS": 0.14,
        "Total Revenue": 23,
        "Gross Profit": 4,
        "Operating Income": 1,
        "EBIT": 2,
        "Net Income": 1
    },
    "2015-03-31": {
        "Diluted EPS": 0.12,
        "Total Revenue": 20,
        "Gross Profit": 4,
        "Operating Income": 1,
        "EBIT": 2,
        "Net Income": 1
    },
    "2014-12-31": {
        "Diluted EPS": 0.16,
        "Total Revenue": 19,
        "Gross Profit": 4,
        "Operating Income": 1,
        "EBIT": 2,
        "Net Income": 1
    },
    "2014-09-30": {
        "Diluted EPS": 0.07,
        "Total Revenue": 19,
        "Gross Profit": 3,
        "Operating Income": 1,
        "EBIT": 1,
        "Net Income": 0
    },
    "2014-06-30": {
        "Diluted EPS": 0.16,
        "Total Revenue": 21,
        "Gross Profit": 4,
        "Operating Income": 1,
        "EBIT": 2,
        "Net Income": 1
    },
    "2014-03-31": {
        "Diluted EPS": 0.09,
        "Total Revenue": 19,
        "Gross Profit": 3,
        "Operating Income": 1,
        "EBIT": 2,
        "Net Income": 1
    },
    "2013-12-31": {
        "Diluted EPS": 0.03,
        "Total Revenue": 16,
        "Gross Profit": 3,
        "Operating Income": 0,
        "EBIT": 1,
        "Net Income": 0
    },
    "2013-09-30": {
        "Diluted EPS": 0.01,
        "Total Revenue": 17,
        "Gross Profit": 3,
        "Operating Income": 0,
        "EBIT": 1,
        "Net Income": 0
    },
    "2013-06-30": {
        "Diluted EPS": 0.09,
        "Total Revenue": 17,
        "Gross Profit": 4,
        "Operating Income": 1,
        "EBIT": 2,
        "Net Income": 1
    },
    "2013-03-31": {
        "Diluted EPS": 0.03,
        "Total Revenue": 16,
        "Gross Profit": 3,
        "Operating Income": 1,
        "EBIT": 1,
        "Net Income": 0
    },
    "2012-12-31": {
        "Diluted EPS": 0.01,
        "Total Revenue": 14,
        "Gross Profit": 2,
        "Operating Income": 0,
        "EBIT": 0,
        "Net Income": 0
    },
    "2012-09-30": {
        "Diluted EPS": 0.1,
        "Total Revenue": 16,
        "Gross Profit": 4,
        "Operating Income": 1,
        "EBIT": 2,
        "Net Income": 1
    },
    "2012-06-30": {
        "Diluted EPS": 0.11,
        "Total Revenue": 21,
        "Gross Profit": 3,
        "Operating Income": 1,
        "EBIT": 2,
        "Net Income": 1
    },
    "2012-03-31": {
        "Diluted EPS": 0.15,
        "Total Revenue": 17,
        "Gross Profit": 4,
        "Operating Income": 2,
        "EBIT": 2,
        "Net Income": 1
    },
    "2011-12-31": {
        "Diluted EPS": 0.11,
        "Total Revenue": 16,
        "Gross Profit": 3,
        "Operating Income": 1,
        "EBIT": 2,
        "Net Income": 1
    },
    "2011-09-30": {
        "Diluted EPS": 0.22,
        "Total Revenue": 18,
        "Gross Profit": 5,
        "Operating Income": 2,
        "EBIT": 3,
        "Net Income": 2
    },
    "2023-06-30": {
        "Tax Effect Of Unusual Items": -44595.837897,
        "Tax Rate For Calcs": 0.256298,
        "Normalized EBITDA": 4318000.0,
        "Total Unusual Items": -174000.0,
        "Total Unusual Items Excluding Goodwill": -174000.0,
        "Net Income From Continuing Operation Net Minority Interest": 2037000.0,
        "Reconciled Depreciation": 1200000.0,
        "Reconciled Cost Of Revenue": 30697000.0,
        "EBITDA": 4144000.0,
        "EBIT": 2944000.0,
        "Net Interest Income": -197000.0,
        "Interest Expense": 205000.0,
        "Interest Income": 8000.0,
        "Normalized Income": 2166404.162103,
        "Net Income From Continuing And Discontinued Operation": 2037000.0,
        "Total Expenses": 32720000.0,
        "Total Operating Income As Reported": 3174000.0,
        "Diluted Average Shares": NaN,
        "Basic Average Shares": NaN,
        "Diluted EPS": NaN,
        "Basic EPS": NaN,
        "Diluted NI Availto Com Stockholders": 2037000.0,
        "Net Income Common Stockholders": 2037000.0,
        "Net Income": 2037000.0,
        "Net Income Including Noncontrolling Interests": 2037000.0,
        "Net Income Continuous Operations": 2037000.0,
        "Tax Provision": 702000.0,
        "Pretax Income": 2739000.0,
        "Other Income Expense": -238000.0,
        "Other Non Operating Income Expenses": -64000.0,
        "Gain On Sale Of Security": -174000.0,
        "Net Non Operating Interest Income Expense": -197000.0,
        "Interest Expense Non Operating": 205000.0,
        "Interest Income Non Operating": 8000.0,
        "Operating Income": 3174000.0,
        "Operating Expense": 2023000.0,
        "Selling General And Administration": 3447000.0,
        "Gross Profit": 5197000.0,
        "Cost Of Revenue": 30697000.0,
        "Total Revenue": 35894000.0,
        "Operating Revenue": 35894000.0
    },
    "2023-09-30": {
        "Tax Effect Of Unusual Items": NaN,
        "Tax Rate For Calcs": NaN,
        "Normalized EBITDA": NaN,
        "Total Unusual Items": NaN,
        "Total Unusual Items Excluding Goodwill": NaN,
        "Net Income From Continuing Operation Net Minority Interest": NaN,
        "Reconciled Depreciation": NaN,
        "Reconciled Cost Of Revenue": NaN,
        "EBITDA": NaN,
        "EBIT": NaN,
        "Net Interest Income": NaN,
        "Interest Expense": NaN,
        "Interest Income": NaN,
        "Normalized Income": NaN,
        "Net Income From Continuing And Discontinued Operation": NaN,
        "Total Expenses": NaN,
        "Total Operating Income As Reported": NaN,
        "Diluted Average Shares": 5850131.0,
        "Basic Average Shares": 5850131.0,
        "Diluted EPS": -0.12,
        "Basic EPS": -0.12,
        "Diluted NI Availto Com Stockholders": NaN,
        "Net Income Common Stockholders": NaN,
        "Net Income": NaN,
        "Net Income Including Noncontrolling Interests": NaN,
        "Net Income Continuous Operations": NaN,
        "Tax Provision": NaN,
        "Pretax Income": NaN,
        "Other Income Expense": NaN,
        "Other Non Operating Income Expenses": NaN,
        "Gain On Sale Of Security": NaN,
        "Net Non Operating Interest Income Expense": NaN,
        "Interest Expense Non Operating": NaN,
        "Interest Income Non Operating": NaN,
        "Operating Income": NaN,
        "Operating Expense": NaN,
        "Selling General And Administration": NaN,
        "Gross Profit": NaN,
        "Cost Of Revenue": NaN,
        "Total Revenue": NaN,
        "Operating Revenue": NaN
    },
    "2023-12-31": {
        "Tax Effect Of Unusual Items": NaN,
        "Tax Rate For Calcs": NaN,
        "Normalized EBITDA": NaN,
        "Total Unusual Items": NaN,
        "Total Unusual Items Excluding Goodwill": NaN,
        "Net Income From Continuing Operation Net Minority Interest": NaN,
        "Reconciled Depreciation": NaN,
        "Reconciled Cost Of Revenue": NaN,
        "EBITDA": NaN,
        "EBIT": NaN,
        "Net Interest Income": NaN,
        "Interest Expense": NaN,
        "Interest Income": NaN,
        "Normalized Income": NaN,
        "Net Income From Continuing And Discontinued Operation": NaN,
        "Total Expenses": NaN,
        "Total Operating Income As Reported": NaN,
        "Diluted Average Shares": 5850131.0,
        "Basic Average Shares": 5850131.0,
        "Diluted EPS": -0.52,
        "Basic EPS": -0.52,
        "Diluted NI Availto Com Stockholders": NaN,
        "Net Income Common Stockholders": NaN,
        "Net Income": NaN,
        "Net Income Including Noncontrolling Interests": NaN,
        "Net Income Continuous Operations": NaN,
        "Tax Provision": NaN,
        "Pretax Income": NaN,
        "Other Income Expense": NaN,
        "Other Non Operating Income Expenses": NaN,
        "Gain On Sale Of Security": NaN,
        "Net Non Operating Interest Income Expense": NaN,
        "Interest Expense Non Operating": NaN,
        "Interest Income Non Operating": NaN,
        "Operating Income": NaN,
        "Operating Expense": NaN,
        "Selling General And Administration": NaN,
        "Gross Profit": NaN,
        "Cost Of Revenue": NaN,
        "Total Revenue": NaN,
        "Operating Revenue": NaN
    },
    "2024-03-31": {
        "Tax Effect Of Unusual Items": -4557.926829,
        "Tax Rate For Calcs": 0.198171,
        "Normalized EBITDA": -773000.0,
        "Total Unusual Items": -23000.0,
        "Total Unusual Items Excluding Goodwill": -23000.0,
        "Net Income From Continuing Operation Net Minority Interest": -1578000.0,
        "Reconciled Depreciation": 1098000.0,
        "Reconciled Cost Of Revenue": 23214000.0,
        "EBITDA": -796000.0,
        "EBIT": -1894000.0,
        "Net Interest Income": 5000.0,
        "Interest Expense": 74000.0,
        "Interest Income": 79000.0,
        "Normalized Income": -1559557.926829,
        "Net Income From Continuing And Discontinued Operation": -1578000.0,
        "Total Expenses": 27088000.0,
        "Total Operating Income As Reported": -1952000.0,
        "Diluted Average Shares": 5867528.0,
        "Basic Average Shares": 5867528.0,
        "Diluted EPS": -0.27,
        "Basic EPS": -0.27,
        "Diluted NI Availto Com Stockholders": -1578000.0,
        "Net Income Common Stockholders": -1578000.0,
        "Net Income": -1578000.0,
        "Net Income Including Noncontrolling Interests": -1578000.0,
        "Net Income Continuous Operations": -1578000.0,
        "Tax Provision": -390000.0,
        "Pretax Income": -1968000.0,
        "Other Income Expense": -21000.0,
        "Other Non Operating Income Expenses": 2000.0,
        "Gain On Sale Of Security": -23000.0,
        "Net Non Operating Interest Income Expense": 5000.0,
        "Interest Expense Non Operating": 74000.0,
        "Interest Income Non Operating": 79000.0,
        "Operating Income": -1952000.0,
        "Operating Expense": 3874000.0,
        "Selling General And Administration": 3874000.0,
        "Gross Profit": 1922000.0,
        "Cost Of Revenue": 23214000.0,
        "Total Revenue": 25136000.0,
        "Operating Revenue": 25136000.0
    },
    "2024-06-30": {
        "Tax Effect Of Unusual Items": -36527.867673,
        "Tax Rate For Calcs": 0.326142,
        "Normalized EBITDA": -1337000.0,
        "Total Unusual Items": -112000.0,
        "Total Unusual Items Excluding Goodwill": -112000.0,
        "Net Income From Continuing Operation Net Minority Interest": -1874000.0,
        "Reconciled Depreciation": 1208000.0,
        "Reconciled Cost Of Revenue": 28070000.0,
        "EBITDA": -1449000.0,
        "EBIT": -2657000.0,
        "Net Interest Income": -48000.0,
        "Interest Expense": 124000.0,
        "Interest Income": 76000.0,
        "Normalized Income": -1798527.867673,
        "Net Income From Continuing And Discontinued Operation": -1874000.0,
        "Total Expenses": 32014000.0,
        "Total Operating Income As Reported": -2525000.0,
        "Diluted Average Shares": NaN,
        "Basic Average Shares": NaN,
        "Diluted EPS": NaN,
        "Basic EPS": NaN,
        "Diluted NI Availto Com Stockholders": -1874000.0,
        "Net Income Common Stockholders": -1874000.0,
        "Net Income": -1874000.0,
        "Net Income Including Noncontrolling Interests": -1874000.0,
        "Net Income Continuous Operations": -1874000.0,
        "Tax Provision": -907000.0,
        "Pretax Income": -2781000.0,
        "Other Income Expense": -208000.0,
        "Other Non Operating Income Expenses": -96000.0,
        "Gain On Sale Of Security": -112000.0,
        "Net Non Operating Interest Income Expense": -48000.0,
        "Interest Expense Non Operating": 124000.0,
        "Interest Income Non Operating": 76000.0,
        "Operating Income": -2525000.0,
        "Operating Expense": 3944000.0,
        "Selling General And Administration": 3944000.0,
        "Gross Profit": 1419000.0,
        "Cost Of Revenue": 28070000.0,
        "Total Revenue": 29489000.0,
        "Operating Revenue": 29489000.0
    },
    "2024-09-30": {
        "Tax Effect Of Unusual Items": -77149.0,
        "Tax Rate For Calcs": 0.179,
        "Normalized EBITDA": -677000.0,
        "Total Unusual Items": -431000.0,
        "Total Unusual Items Excluding Goodwill": -431000.0,
        "Net Income From Continuing Operation Net Minority Interest": -1982000.0,
        "Reconciled Depreciation": 1127000.0,
        "Reconciled Cost Of Revenue": 30891000.0,
        "EBITDA": -1108000.0,
        "EBIT": -2235000.0,
        "Net Interest Income": -145000.0,
        "Interest Expense": 178000.0,
        "Interest Income": 33000.0,
        "Normalized Income": -1628149.0,
        "Net Income From Continuing And Discontinued Operation": -1982000.0,
        "Total Expenses": 34986000.0,
        "Total Operating Income As Reported": -1836000.0,
        "Diluted Average Shares": 5919460.0,
        "Basic Average Shares": 5919460.0,
        "Diluted EPS": -0.33,
        "Basic EPS": -0.33,
        "Diluted NI Availto Com Stockholders": -1982000.0,
        "Net Income Common Stockholders": -1982000.0,
        "Net Income": -1982000.0,
        "Net Income Including Noncontrolling Interests": -1982000.0,
        "Net Income Continuous Operations": -1982000.0,
        "Tax Provision": -431000.0,
        "Pretax Income": -2413000.0,
        "Other Income Expense": -432000.0,
        "Other Non Operating Income Expenses": -1000.0,
        "Gain On Sale Of Security": -431000.0,
        "Net Non Operating Interest Income Expense": -145000.0,
        "Interest Expense Non Operating": 178000.0,
        "Interest Income Non Operating": 33000.0,
        "Operating Income": -1836000.0,
        "Operating Expense": 4095000.0,
        "Selling General And Administration": 4095000.0,
        "Gross Profit": 2259000.0,
        "Cost Of Revenue": 30891000.0,
        "Total Revenue": 33150000.0,
        "Operating Revenue": 33150000.0
    },
    "2024-12-31": {
        "Tax Effect Of Unusual Items": 36344.0,
        "Tax Rate For Calcs": 0.236,
        "Normalized EBITDA": -1608000.0,
        "Total Unusual Items": 154000.0,
        "Total Unusual Items Excluding Goodwill": 154000.0,
        "Net Income From Continuing Operation Net Minority Interest": -2191000.0,
        "Reconciled Depreciation": 1134000.0,
        "Reconciled Cost Of Revenue": 32409000.0,
        "EBITDA": -1454000.0,
        "EBIT": -2588000.0,
        "Net Interest Income": -237000.0,
        "Interest Expense": 278000.0,
        "Interest Income": 41000.0,
        "Normalized Income": -2308656.0,
        "Net Income From Continuing And Discontinued Operation": -2191000.0,
        "Total Expenses": 36858000.0,
        "Total Operating Income As Reported": -2780000.0,
        "Diluted Average Shares": 5920671.0,
        "Basic Average Shares": 5920671.0,
        "Diluted EPS": -0.37,
        "Basic EPS": -0.37,
        "Diluted NI Availto Com Stockholders": -2191000.0,
        "Net Income Common Stockholders": -2191000.0,
        "Net Income": -2191000.0,
        "Net Income Including Noncontrolling Interests": -2191000.0,
        "Net Income Continuous Operations": -2191000.0,
        "Tax Provision": -675000.0,
        "Pretax Income": -2866000.0,
        "Other Income Expense": 151000.0,
        "Other Non Operating Income Expenses": -3000.0,
        "Gain On Sale Of Security": 154000.0,
        "Net Non Operating Interest Income Expense": -237000.0,
        "Interest Expense Non Operating": 278000.0,
        "Interest Income Non Operating": 41000.0,
        "Operating Income": -2780000.0,
        "Operating Expense": 4449000.0,
        "Selling General And Administration": 4449000.0,
        "Gross Profit": 1669000.0,
        "Cost Of Revenue": 32409000.0,
        "Total Revenue": 34078000.0,
        "Operating Revenue": 34078000.0
    },
    "2025-03-31": {
        "Tax Effect Of Unusual Items": -58647.0,
        "Tax Rate For Calcs": 0.173,
        "Normalized EBITDA": -918000.0,
        "Total Unusual Items": -339000.0,
        "Total Unusual Items Excluding Goodwill": -339000.0,
        "Net Income From Continuing Operation Net Minority Interest": -2186000.0,
        "Reconciled Depreciation": 1139000.0,
        "Reconciled Cost Of Revenue": 26940000.0,
        "EBITDA": -1257000.0,
        "EBIT": -2396000.0,
        "Net Interest Income": -195000.0,
        "Interest Expense": 246000.0,
        "Interest Income": 51000.0,
        "Normalized Income": -1905647.0,
        "Net Income From Continuing And Discontinued Operation": -2186000.0,
        "Total Expenses": 30866000.0,
        "Total Operating Income As Reported": -2100000.0,
        "Diluted Average Shares": 5942691.0,
        "Basic Average Shares": 5942691.0,
        "Diluted EPS": -0.37,
        "Basic EPS": -0.37,
        "Diluted NI Availto Com Stockholders": -2186000.0,
        "Net Income Common Stockholders": -2186000.0,
        "Net Income": -2186000.0,
        "Net Income Including Noncontrolling Interests": -2186000.0,
        "Net Income Continuous Operations": -2186000.0,
        "Tax Provision": -456000.0,
        "Pretax Income": -2642000.0,
        "Other Income Expense": -347000.0,
        "Other Non Operating Income Expenses": -8000.0,
        "Gain On Sale Of Security": -339000.0,
        "Net Non Operating Interest Income Expense": -195000.0,
        "Interest Expense Non Operating": 246000.0,
        "Interest Income Non Operating": 51000.0,
        "Operating Income": -2100000.0,
        "Operating Expense": 3926000.0,
        "Selling General And Administration": 3926000.0,
        "Gross Profit": 1826000.0,
        "Cost Of Revenue": 26940000.0,
        "Total Revenue": 28766000.0,
        "Operating Revenue": 28766000.0
    }
}