{
    "2023-03-31": {
        "Tax Effect Of Unusual Items": NaN,
        "Tax Rate For Calcs": NaN,
        "Normalized EBITDA": NaN,
        "Total Unusual Items": 0.0,
        "Total Unusual Items Excluding Goodwill": 0.0,
        "Net Income From Continuing Operation Net Minority Interest": NaN,
        "Reconciled Cost Of Revenue": NaN,
        "EBITDA": NaN,
        "EBIT": NaN,
        "Net Interest Income": NaN,
        "Interest Expense": NaN,
        "Interest Income": NaN,
        "Normalized Income": NaN,
        "Net Income From Continuing And Discontinued Operation": NaN,
        "Total Expenses": NaN,
        "Total Operating Income As Reported": NaN,
        "Diluted Average Shares": 208796444.0,
        "Basic Average Shares": 208796444.0,
        "Diluted EPS": 0.22,
        "Basic EPS": 0.22,
        "Diluted NI Availto Com Stockholders": NaN,
        "Net Income Common Stockholders": NaN,
        "Net Income": NaN,
        "Net Income Including Noncontrolling Interests": NaN,
        "Net Income Continuous Operations": NaN,
        "Pretax Income": NaN,
        "Special Income Charges": 0.0,
        "Gain On Sale Of Ppe": NaN,
        "Write Off": 0.0,
        "Impairment Of Capital Assets": NaN,
        "Net Non Operating Interest Income Expense": NaN,
        "Total Other Finance Cost": NaN,
        "Interest Expense Non Operating": NaN,
        "Interest Income Non Operating": NaN,
        "Operating Income": NaN,
        "Operating Expense": NaN,
        "Selling General And Administration": NaN,
        "General And Administrative Expense": NaN,
        "Other Gand A": NaN,
        "Gross Profit": NaN,
        "Cost Of Revenue": NaN,
        "Total Revenue": NaN,
        "Operating Revenue": NaN
    },
    "2022-12-31": {
        "Tax Effect Of Unusual Items": NaN,
        "Tax Rate For Calcs": NaN,
        "Normalized EBITDA": NaN,
        "Total Unusual Items": 5663000.0,
        "Total Unusual Items Excluding Goodwill": 5663000.0,
        "Net Income From Continuing Operation Net Minority Interest": NaN,
        "Reconciled Cost Of Revenue": NaN,
        "EBITDA": NaN,
        "EBIT": NaN,
        "Net Interest Income": NaN,
        "Interest Expense": NaN,
        "Interest Income": NaN,
        "Normalized Income": NaN,
        "Net Income From Continuing And Discontinued Operation": NaN,
        "Total Expenses": NaN,
        "Total Operating Income As Reported": NaN,
        "Diluted Average Shares": 208796444.0,
        "Basic Average Shares": 208796444.0,
        "Diluted EPS": 0.17,
        "Basic EPS": 0.17,
        "Diluted NI Availto Com Stockholders": NaN,
        "Net Income Common Stockholders": NaN,
        "Net Income": NaN,
        "Net Income Including Noncontrolling Interests": NaN,
        "Net Income Continuous Operations": NaN,
        "Pretax Income": NaN,
        "Other Income Expense": 5663000.0,
        "Special Income Charges": 5663000.0,
        "Gain On Sale Of Ppe": NaN,
        "Write Off": NaN,
        "Impairment Of Capital Assets": 342000.0,
        "Net Non Operating Interest Income Expense": NaN,
        "Total Other Finance Cost": NaN,
        "Interest Expense Non Operating": NaN,
        "Interest Income Non Operating": NaN,
        "Operating Income": NaN,
        "Operating Expense": NaN,
        "Selling General And Administration": NaN,
        "General And Administrative Expense": NaN,
        "Other Gand A": NaN,
        "Gross Profit": NaN,
        "Cost Of Revenue": NaN,
        "Total Revenue": NaN,
        "Operating Revenue": NaN
    },
    "2022-09-30": {
        "Tax Effect Of Unusual Items": NaN,
        "Tax Rate For Calcs": NaN,
        "Normalized EBITDA": NaN,
        "Total Unusual Items": NaN,
        "Total Unusual Items Excluding Goodwill": NaN,
        "Net Income From Continuing Operation Net Minority Interest": NaN,
        "Reconciled Cost Of Revenue": NaN,
        "EBITDA": NaN,
        "EBIT": NaN,
        "Net Interest Income": NaN,
        "Interest Expense": NaN,
        "Interest Income": 98000.0,
        "Normalized Income": NaN,
        "Net Income From Continuing And Discontinued Operation": NaN,
        "Total Expenses": NaN,
        "Total Operating Income As Reported": NaN,
        "Diluted Average Shares": NaN,
        "Basic Average Shares": NaN,
        "Diluted EPS": NaN,
        "Basic EPS": NaN,
        "Diluted NI Availto Com Stockholders": NaN,
        "Net Income Common Stockholders": NaN,
        "Net Income": NaN,
        "Net Income Including Noncontrolling Interests": NaN,
        "Net Income Continuous Operations": NaN,
        "Pretax Income": NaN,
        "Other Income Expense": 1173000.0,
        "Special Income Charges": NaN,
        "Gain On Sale Of Ppe": 1173000.0,
        "Write Off": NaN,
        "Impairment Of Capital Assets": -1173000.0,
        "Net Non Operating Interest Income Expense": NaN,
        "Total Other Finance Cost": NaN,
        "Interest Expense Non Operating": NaN,
        "Interest Income Non Operating": 98000.0,
        "Operating Income": NaN,
        "Operating Expense": NaN,
        "Selling General And Administration": NaN,
        "General And Administrative Expense": NaN,
        "Other Gand A": NaN,
        "Gross Profit": NaN,
        "Cost Of Revenue": NaN,
        "Total Revenue": NaN,
        "Operating Revenue": NaN
    },
    "2022-06-30": {
        "Tax Effect Of Unusual Items": 0.0,
        "Tax Rate For Calcs": 0.0,
        "Normalized EBITDA": 1551000.0,
        "Total Unusual Items": 127000.0,
        "Total Unusual Items Excluding Goodwill": 127000.0,
        "Net Income From Continuing Operation Net Minority Interest": -3954000.0,
        "Reconciled Cost Of Revenue": 29228000.0,
        "EBITDA": 1678000.0,
        "EBIT": 1678000.0,
        "Net Interest Income": -5870000.0,
        "Interest Expense": 5633000.0,
        "Normalized Income": -4081000.0,
        "Net Income From Continuing And Discontinued Operation": -3954000.0,
        "Total Expenses": 32962000.0,
        "Total Operating Income As Reported": 1916000.0,
        "Diluted Average Shares": 201038067.0,
        "Basic Average Shares": 201038067.0,
        "Diluted EPS": -0.02,
        "Basic EPS": -0.02,
        "Diluted NI Availto Com Stockholders": -3954000.0,
        "Net Income Common Stockholders": -3954000.0,
        "Net Income": -3954000.0,
        "Net Income Including Noncontrolling Interests": -3955000.0,
        "Net Income Continuous Operations": -3955000.0,
        "Pretax Income": -3955000.0,
        "Other Income Expense": 127000.0,
        "Special Income Charges": 127000.0,
        "Gain On Sale Of Ppe": NaN,
        "Write Off": NaN,
        "Impairment Of Capital Assets": -127000.0,
        "Net Non Operating Interest Income Expense": -5870000.0,
        "Total Other Finance Cost": 237000.0,
        "Interest Expense Non Operating": 5633000.0,
        "Operating Income": 1788000.0,
        "Operating Expense": 3734000.0,
        "Selling General And Administration": 3734000.0,
        "General And Administrative Expense": 3734000.0,
        "Other Gand A": 3734000.0,
        "Gross Profit": 5522000.0,
        "Cost Of Revenue": 29228000.0,
        "Total Revenue": 34750000.0,
        "Operating Revenue": 34750000.0
    },
    "2022-03-31": {
        "Diluted EPS": -0.14,
        "Total Revenue": 16,
        "Gross Profit": -1,
        "Operating Income": -21,
        "EBIT": -21,
        "Net Income": -27
    },
    "2021-12-31": {
        "Diluted EPS": -0.44,
        "Total Revenue": 151,
        "Gross Profit": 6,
        "Operating Income": -66,
        "EBIT": -66,
        "Net Income": -73
    },
    "2021-09-30": {
        "Diluted EPS": -0.27,
        "Total Revenue": 9,
        "Gross Profit": -8,
        "Operating Income": -38,
        "EBIT": -38,
        "Net Income": -45
    },
    "2021-06-30": {
        "Diluted EPS": -0.18,
        "Total Revenue": 17,
        "Gross Profit": -1,
        "Operating Income": -22,
        "EBIT": -22,
        "Net Income": -29
    },
    "2021-03-31": {
        "Diluted EPS": -0.16,
        "Total Revenue": 19,
        "Gross Profit": 2,
        "Operating Income": -18,
        "EBIT": -18,
        "Net Income": -25
    },
    "2020-12-31": {
        "Diluted EPS": -0.19,
        "Total Revenue": 137,
        "Gross Profit": 0,
        "Operating Income": -22,
        "EBIT": -22,
        "Net Income": -29
    },
    "2020-09-30": {
        "Diluted EPS": -0.07,
        "Total Revenue": 37,
        "Gross Profit": 20,
        "Operating Income": -2,
        "EBIT": -2,
        "Net Income": -10
    },
    "2020-06-30": {
        "Diluted EPS": 0.0,
        "Total Revenue": NaN,
        "Gross Profit": NaN,
        "Operating Income": NaN,
        "Net Income": NaN
    },
    "2020-03-31": {
        "Diluted EPS": 0.27,
        "Total Revenue": 86,
        "Gross Profit": 69,
        "Operating Income": 48,
        "EBIT": 48,
        "Net Income": 40
    },
    "2019-12-31": {
        "Diluted EPS": 0.1,
        "Total Revenue": 201,
        "Gross Profit": 41,
        "Operating Income": 21,
        "EBIT": 21,
        "Net Income": 13
    },
    "2019-09-30": {
        "Diluted EPS": -0.1,
        "Total Revenue": 32,
        "Gross Profit": 16,
        "Operating Income": -3,
        "EBIT": -3,
        "Net Income": -14
    },
    "2019-06-30": {
        "Diluted EPS": -0.11,
        "Total Revenue": 31,
        "Gross Profit": 15,
        "Operating Income": -5,
        "EBIT": -5,
        "Net Income": -15
    },
    "2019-03-31": {
        "Diluted EPS": 0.04,
        "Total Revenue": 54,
        "Gross Profit": 38,
        "Operating Income": 18,
        "EBIT": 18,
        "Net Income": 6
    },
    "2018-12-31": {
        "Diluted EPS": -0.07,
        "Total Revenue": 209,
        "Gross Profit": 26,
        "Operating Income": 4,
        "EBIT": 4,
        "Net Income": -10
    },
    "2018-09-30": {
        "Diluted EPS": -0.27,
        "Total Revenue": 23,
        "Gross Profit": 6,
        "Operating Income": -15,
        "EBIT": -15,
        "Net Income": -38
    },
    "2018-06-30": {
        "Diluted EPS": -0.19,
        "Total Revenue": 27,
        "Gross Profit": 4,
        "Operating Income": -16,
        "EBIT": -16,
        "Net Income": -27
    },
    "2018-03-31": {
        "Diluted EPS": -0.14,
        "Total Revenue": 30,
        "Gross Profit": 8,
        "Operating Income": -11,
        "EBIT": -11,
        "Net Income": -20
    },
    "2017-06-30": {
        "Diluted EPS": -0.16,
        "Total Revenue": 39,
        "Gross Profit": 18,
        "Operating Income": -10,
        "EBIT": -10,
        "Net Income": -16
    },
    "2017-03-31": {
        "Diluted EPS": -0.03,
        "Total Revenue": 55,
        "Gross Profit": 33,
        "Operating Income": 5,
        "EBIT": 5,
        "Net Income": -3
    },
    "2016-12-31": {
        "Diluted EPS": -0.45,
        "Total Revenue": 173,
        "Gross Profit": 26,
        "Operating Income": 4,
        "EBIT": 4,
        "Net Income": -39
    },
    "2016-09-30": {
        "Diluted EPS": -0.08,
        "Total Revenue": 46,
        "Gross Profit": 24,
        "Operating Income": -2,
        "EBIT": -2,
        "Net Income": -8
    },
    "2016-06-30": {
        "Diluted EPS": 0.15,
        "Total Revenue": 62,
        "Gross Profit": 43,
        "Operating Income": 18,
        "EBIT": 18,
        "Net Income": 13
    },
    "2016-03-31": {
        "Diluted EPS": 0.33,
        "Total Revenue": 77,
        "Gross Profit": 59,
        "Operating Income": 34,
        "EBIT": 34,
        "Net Income": 29
    },
    "2015-12-31": {
        "Diluted EPS": 0.34,
        "Total Revenue": 236,
        "Gross Profit": 60,
        "Operating Income": 34,
        "EBIT": 34,
        "Net Income": 30
    },
    "2015-09-30": {
        "Diluted EPS": 0.29,
        "Total Revenue": 67,
        "Gross Profit": 51,
        "Operating Income": 29,
        "EBIT": 29,
        "Net Income": 26
    },
    "2015-06-30": {
        "Diluted EPS": 0.35,
        "Total Revenue": 73,
        "Gross Profit": 57,
        "Operating Income": 34,
        "EBIT": 34,
        "Net Income": 31
    },
    "2015-03-31": {
        "Diluted EPS": 0.31,
        "Total Revenue": 70,
        "Gross Profit": 53,
        "Operating Income": 31,
        "EBIT": 31,
        "Net Income": 28
    },
    "2014-12-31": {
        "Diluted EPS": 0.0,
        "Total Revenue": NaN,
        "Gross Profit": NaN,
        "Operating Income": NaN,
        "EBIT": NaN,
        "Net Income": NaN
    },
    "2014-09-30": {
        "Diluted EPS": 0.01,
        "Total Revenue": 41,
        "Gross Profit": 25,
        "Operating Income": 1,
        "EBIT": 1,
        "Net Income": 0
    },
    "2014-06-30": {
        "Diluted EPS": -0.19,
        "Total Revenue": 23,
        "Gross Profit": 7,
        "Operating Income": -16,
        "EBIT": -16,
        "Net Income": -17
    },
    "2014-03-31": {
        "Diluted EPS": 0.0,
        "Total Revenue": NaN,
        "Gross Profit": NaN,
        "Operating Income": NaN,
        "EBIT": NaN,
        "Net Income": NaN
    },
    "2013-12-31": {
        "Diluted EPS": 0.0,
        "Total Revenue": NaN,
        "Gross Profit": NaN,
        "Operating Income": NaN,
        "EBIT": NaN,
        "Net Income": NaN
    },
    "2013-09-30": {
        "Diluted EPS": 0.0,
        "Total Revenue": NaN,
        "Gross Profit": NaN,
        "Operating Income": NaN,
        "EBIT": NaN,
        "Net Income": NaN
    },
    "2013-06-30": {
        "Diluted EPS": 0.0,
        "Total Revenue": 10,
        "Gross Profit": -7,
        "Operating Income": -29,
        "EBIT": -29,
        "Net Income": -32
    },
    "2013-03-31": {
        "Diluted EPS": 0.0,
        "Total Revenue": 17,
        "Gross Profit": 1,
        "Operating Income": -29,
        "EBIT": -29,
        "Net Income": -32
    },
    "2012-12-31": {
        "Diluted EPS": 0.0,
        "Total Revenue": 56,
        "Gross Profit": 2,
        "Operating Income": -30,
        "EBIT": -30,
        "Net Income": -33
    },
    "2012-09-30": {
        "Diluted EPS": 0.0,
        "Total Revenue": 15,
        "Gross Profit": -1,
        "Operating Income": -22,
        "EBIT": -22,
        "Net Income": -23
    },
    "2012-06-30": {
        "Diluted EPS": 0.0,
        "Total Revenue": 29,
        "Gross Profit": 13,
        "Operating Income": -7,
        "EBIT": -7,
        "Net Income": -8
    },
    "2012-03-31": {
        "Diluted EPS": 0.0,
        "Total Revenue": 30,
        "Gross Profit": 14,
        "Operating Income": -9,
        "EBIT": -9,
        "Net Income": -9
    },
    "2011-12-31": {
        "Diluted EPS": 0.0,
        "Total Revenue": 34,
        "Gross Profit": 4,
        "Operating Income": -18,
        "EBIT": -18,
        "Net Income": -18
    },
    "2011-09-30": {
        "Diluted EPS": 0.0,
        "Total Revenue": 11,
        "Gross Profit": -3,
        "Operating Income": -37,
        "EBIT": -37,
        "Net Income": -38
    },
    "2011-06-30": {
        "Diluted EPS": 0.0,
        "Total Revenue": 24,
        "Gross Profit": 11,
        "Operating Income": -10,
        "EBIT": -10,
        "Net Income": -10
    },
    "2011-03-31": {
        "Diluted EPS": 0.0,
        "Total Revenue": 26,
        "Gross Profit": 13,
        "Operating Income": -7,
        "EBIT": -7,
        "Net Income": -7
    },
    "2010-12-31": {
        "Diluted EPS": 0.0,
        "Total Revenue": 20,
        "Gross Profit": 9,
        "Operating Income": -12,
        "EBIT": -12,
        "Net Income": -13
    },
    "2010-09-30": {
        "Diluted EPS": 0.0,
        "Total Revenue": 26,
        "Gross Profit": 14,
        "Operating Income": -5,
        "EBIT": -5,
        "Net Income": -5
    },
    "2010-06-30": {
        "Diluted EPS": 0.0,
        "Total Revenue": 39,
        "Gross Profit": 27,
        "Operating Income": 8,
        "EBIT": 8,
        "Net Income": 8
    },
    "2010-03-31": {
        "Diluted EPS": 0.0,
        "Total Revenue": 42,
        "Gross Profit": 30,
        "Operating Income": 10,
        "EBIT": 10,
        "Net Income": 10
    },
    "2009-12-31": {
        "Diluted EPS": 0.0,
        "Total Revenue": NaN,
        "Gross Profit": NaN,
        "Operating Income": NaN,
        "EBIT": NaN,
        "Net Income": NaN
    },
    "2009-09-30": {
        "Diluted EPS": 0.0,
        "Total Revenue": 18,
        "Gross Profit": 6,
        "Operating Income": -11,
        "EBIT": -11,
        "Net Income": -12
    },
    "2009-06-30": {
        "Diluted EPS": 0.0,
        "Total Revenue": NaN,
        "Gross Profit": NaN,
        "Operating Income": NaN,
        "EBIT": NaN,
        "Net Income": NaN
    },
    "2009-03-31": {
        "Diluted EPS": 0.0,
        "Total Revenue": 44,
        "Gross Profit": 35,
        "Operating Income": 18,
        "EBIT": 18,
        "Net Income": 17
    },
    "2023-06-30": {
        "Tax Effect Of Unusual Items": NaN,
        "Tax Rate For Calcs": NaN,
        "Normalized EBITDA": NaN,
        "Total Unusual Items": 0.0,
        "Total Unusual Items Excluding Goodwill": 0.0,
        "Net Income From Continuing Operation Net Minority Interest": NaN,
        "Reconciled Cost Of Revenue": NaN,
        "EBITDA": NaN,
        "EBIT": NaN,
        "Net Interest Income": NaN,
        "Interest Expense": NaN,
        "Interest Income": NaN,
        "Normalized Income": NaN,
        "Net Income From Continuing And Discontinued Operation": NaN,
        "Total Expenses": NaN,
        "Total Operating Income As Reported": NaN,
        "Diluted Average Shares": NaN,
        "Basic Average Shares": NaN,
        "Diluted EPS": NaN,
        "Basic EPS": NaN,
        "Diluted NI Availto Com Stockholders": NaN,
        "Net Income Common Stockholders": NaN,
        "Net Income": NaN,
        "Net Income Including Noncontrolling Interests": NaN,
        "Net Income Continuous Operations": NaN,
        "Pretax Income": NaN,
        "Special Income Charges": 0.0,
        "Gain On Sale Of Ppe": NaN,
        "Impairment Of Capital Assets": 0.0,
        "Net Non Operating Interest Income Expense": NaN,
        "Total Other Finance Cost": NaN,
        "Interest Expense Non Operating": NaN,
        "Interest Income Non Operating": NaN,
        "Operating Income": NaN,
        "Operating Expense": NaN,
        "Selling General And Administration": NaN,
        "General And Administrative Expense": NaN,
        "Other Gand A": NaN,
        "Gross Profit": NaN,
        "Cost Of Revenue": NaN,
        "Total Revenue": NaN,
        "Operating Revenue": NaN
    },
    "2023-09-30": {
        "Tax Effect Of Unusual Items": NaN,
        "Tax Rate For Calcs": NaN,
        "Normalized EBITDA": NaN,
        "Total Unusual Items": 0.0,
        "Total Unusual Items Excluding Goodwill": 0.0,
        "Net Income From Continuing Operation Net Minority Interest": NaN,
        "Reconciled Cost Of Revenue": NaN,
        "EBITDA": NaN,
        "EBIT": NaN,
        "Net Interest Income": NaN,
        "Interest Expense": NaN,
        "Interest Income": NaN,
        "Normalized Income": NaN,
        "Net Income From Continuing And Discontinued Operation": NaN,
        "Total Expenses": NaN,
        "Total Operating Income As Reported": NaN,
        "Diluted Average Shares": NaN,
        "Basic Average Shares": NaN,
        "Diluted EPS": NaN,
        "Basic EPS": NaN,
        "Diluted NI Availto Com Stockholders": NaN,
        "Net Income Common Stockholders": NaN,
        "Net Income": NaN,
        "Net Income Including Noncontrolling Interests": NaN,
        "Net Income Continuous Operations": NaN,
        "Pretax Income": NaN,
        "Other Income Expense": NaN,
        "Special Income Charges": 0.0,
        "Gain On Sale Of Ppe": 0.0,
        "Net Non Operating Interest Income Expense": NaN,
        "Total Other Finance Cost": NaN,
        "Interest Expense Non Operating": NaN,
        "Interest Income Non Operating": NaN,
        "Operating Income": NaN,
        "Operating Expense": NaN,
        "Selling General And Administration": NaN,
        "General And Administrative Expense": NaN,
        "Other Gand A": NaN,
        "Gross Profit": NaN,
        "Cost Of Revenue": NaN,
        "Total Revenue": NaN,
        "Operating Revenue": NaN
    },
    "2023-12-31": {
        "Tax Effect Of Unusual Items": NaN,
        "Tax Rate For Calcs": NaN,
        "Normalized EBITDA": NaN,
        "Total Unusual Items": 0.0,
        "Total Unusual Items Excluding Goodwill": 0.0,
        "Net Income From Continuing Operation Net Minority Interest": NaN,
        "Reconciled Cost Of Revenue": NaN,
        "EBITDA": NaN,
        "EBIT": NaN,
        "Net Interest Income": NaN,
        "Interest Expense": NaN,
        "Interest Income": NaN,
        "Normalized Income": NaN,
        "Net Income From Continuing And Discontinued Operation": NaN,
        "Total Expenses": NaN,
        "Total Operating Income As Reported": NaN,
        "Diluted Average Shares": NaN,
        "Basic Average Shares": NaN,
        "Diluted EPS": NaN,
        "Basic EPS": NaN,
        "Diluted NI Availto Com Stockholders": NaN,
        "Net Income Common Stockholders": NaN,
        "Net Income": NaN,
        "Net Income Including Noncontrolling Interests": NaN,
        "Net Income Continuous Operations": NaN,
        "Pretax Income": NaN,
        "Other Income Expense": NaN,
        "Special Income Charges": 0.0,
        "Gain On Sale Of Ppe": 0.0,
        "Net Non Operating Interest Income Expense": NaN,
        "Total Other Finance Cost": NaN,
        "Interest Expense Non Operating": NaN,
        "Interest Income Non Operating": NaN,
        "Operating Income": NaN,
        "Operating Expense": NaN,
        "Selling General And Administration": NaN,
        "General And Administrative Expense": NaN,
        "Other Gand A": NaN,
        "Gross Profit": NaN,
        "Cost Of Revenue": NaN,
        "Total Revenue": NaN,
        "Operating Revenue": NaN
    },
    "2024-03-31": {
        "Tax Effect Of Unusual Items": NaN,
        "Tax Rate For Calcs": NaN,
        "Normalized EBITDA": NaN,
        "Total Unusual Items": 0.0,
        "Total Unusual Items Excluding Goodwill": 0.0,
        "Net Income From Continuing Operation Net Minority Interest": NaN,
        "Reconciled Cost Of Revenue": NaN,
        "EBITDA": NaN,
        "EBIT": NaN,
        "Net Interest Income": NaN,
        "Interest Expense": NaN,
        "Interest Income": NaN,
        "Normalized Income": NaN,
        "Net Income From Continuing And Discontinued Operation": NaN,
        "Total Expenses": NaN,
        "Total Operating Income As Reported": NaN,
        "Diluted Average Shares": NaN,
        "Basic Average Shares": NaN,
        "Diluted EPS": NaN,
        "Basic EPS": NaN,
        "Diluted NI Availto Com Stockholders": NaN,
        "Net Income Common Stockholders": NaN,
        "Net Income": NaN,
        "Net Income Including Noncontrolling Interests": NaN,
        "Net Income Continuous Operations": NaN,
        "Pretax Income": NaN,
        "Other Income Expense": NaN,
        "Special Income Charges": 0.0,
        "Gain On Sale Of Ppe": 0.0,
        "Net Non Operating Interest Income Expense": NaN,
        "Total Other Finance Cost": NaN,
        "Interest Expense Non Operating": NaN,
        "Interest Income Non Operating": NaN,
        "Operating Income": NaN,
        "Operating Expense": NaN,
        "Selling General And Administration": NaN,
        "General And Administrative Expense": NaN,
        "Other Gand A": NaN,
        "Gross Profit": NaN,
        "Cost Of Revenue": NaN,
        "Total Revenue": NaN,
        "Operating Revenue": NaN
    },
    "2024-06-30": {
        "Tax Effect Of Unusual Items": NaN,
        "Tax Rate For Calcs": NaN,
        "Normalized EBITDA": NaN,
        "Total Unusual Items": 0.0,
        "Total Unusual Items Excluding Goodwill": 0.0,
        "Net Income From Continuing Operation Net Minority Interest": NaN,
        "Reconciled Cost Of Revenue": NaN,
        "EBITDA": NaN,
        "EBIT": NaN,
        "Net Interest Income": NaN,
        "Interest Expense": NaN,
        "Interest Income": NaN,
        "Normalized Income": NaN,
        "Net Income From Continuing And Discontinued Operation": NaN,
        "Total Expenses": NaN,
        "Total Operating Income As Reported": NaN,
        "Diluted Average Shares": NaN,
        "Basic Average Shares": NaN,
        "Diluted EPS": NaN,
        "Basic EPS": NaN,
        "Diluted NI Availto Com Stockholders": NaN,
        "Net Income Common Stockholders": NaN,
        "Net Income": NaN,
        "Net Income Including Noncontrolling Interests": NaN,
        "Net Income Continuous Operations": NaN,
        "Pretax Income": NaN,
        "Other Income Expense": NaN,
        "Special Income Charges": 0.0,
        "Gain On Sale Of Ppe": 0.0,
        "Net Non Operating Interest Income Expense": NaN,
        "Total Other Finance Cost": NaN,
        "Interest Expense Non Operating": NaN,
        "Interest Income Non Operating": NaN,
        "Operating Income": NaN,
        "Operating Expense": NaN,
        "Selling General And Administration": NaN,
        "General And Administrative Expense": NaN,
        "Other Gand A": NaN,
        "Gross Profit": NaN,
        "Cost Of Revenue": NaN,
        "Total Revenue": NaN,
        "Operating Revenue": NaN
    },
    "2024-09-30": {
        "Tax Effect Of Unusual Items": 0.0,
        "Tax Rate For Calcs": 0.21,
        "Normalized EBITDA": 16412000.0,
        "Total Unusual Items": 0.0,
        "Total Unusual Items Excluding Goodwill": 0.0,
        "Net Income From Continuing Operation Net Minority Interest": 8686000.0,
        "Reconciled Cost Of Revenue": 29982000.0,
        "EBITDA": 16412000.0,
        "EBIT": 16412000.0,
        "Net Interest Income": -7534000.0,
        "Interest Expense": 7726000.0,
        "Interest Income": 173000.0,
        "Normalized Income": 8686000.0,
        "Net Income From Continuing And Discontinued Operation": 8686000.0,
        "Total Expenses": 35816000.0,
        "Total Operating Income As Reported": 16220000.0,
        "Diluted Average Shares": 208796444.0,
        "Basic Average Shares": 208796444.0,
        "Diluted EPS": 0.04,
        "Basic EPS": 0.04,
        "Diluted NI Availto Com Stockholders": 8686000.0,
        "Net Income Common Stockholders": 8686000.0,
        "Net Income": 8686000.0,
        "Net Income Including Noncontrolling Interests": 8686000.0,
        "Net Income Continuous Operations": 8686000.0,
        "Pretax Income": 8686000.0,
        "Other Income Expense": NaN,
        "Special Income Charges": 0.0,
        "Gain On Sale Of Ppe": 0.0,
        "Net Non Operating Interest Income Expense": -7534000.0,
        "Total Other Finance Cost": -19000.0,
        "Interest Expense Non Operating": 7726000.0,
        "Interest Income Non Operating": 173000.0,
        "Operating Income": 16220000.0,
        "Operating Expense": 5834000.0,
        "Selling General And Administration": 5834000.0,
        "General And Administrative Expense": 5834000.0,
        "Other Gand A": 5834000.0,
        "Gross Profit": 22054000.0,
        "Cost Of Revenue": 29982000.0,
        "Total Revenue": 52036000.0,
        "Operating Revenue": 52036000.0
    },
    "2024-12-31": {
        "Tax Effect Of Unusual Items": 0.0,
        "Tax Rate For Calcs": 0.21,
        "Normalized EBITDA": 7532000.0,
        "Total Unusual Items": NaN,
        "Total Unusual Items Excluding Goodwill": NaN,
        "Net Income From Continuing Operation Net Minority Interest": 1295000.0,
        "Reconciled Cost Of Revenue": 153224000.0,
        "EBITDA": 7532000.0,
        "EBIT": 7532000.0,
        "Net Interest Income": -7469000.0,
        "Interest Expense": 6247000.0,
        "Interest Income": 131000.0,
        "Normalized Income": 1295000.0,
        "Net Income From Continuing And Discontinued Operation": 1295000.0,
        "Total Expenses": 162281000.0,
        "Total Operating Income As Reported": 8754000.0,
        "Diluted Average Shares": 210505764.0,
        "Basic Average Shares": 210505764.0,
        "Diluted EPS": 0.01,
        "Basic EPS": 0.01,
        "Diluted NI Availto Com Stockholders": 1295000.0,
        "Net Income Common Stockholders": 1295000.0,
        "Net Income": 1295000.0,
        "Net Income Including Noncontrolling Interests": 1295000.0,
        "Net Income Continuous Operations": 1295000.0,
        "Pretax Income": 1285000.0,
        "Other Income Expense": NaN,
        "Special Income Charges": NaN,
        "Gain On Sale Of Ppe": NaN,
        "Net Non Operating Interest Income Expense": -7469000.0,
        "Total Other Finance Cost": 1353000.0,
        "Interest Expense Non Operating": 6247000.0,
        "Interest Income Non Operating": 131000.0,
        "Operating Income": 8754000.0,
        "Operating Expense": 9057000.0,
        "Selling General And Administration": 9057000.0,
        "General And Administrative Expense": 9057000.0,
        "Other Gand A": 9057000.0,
        "Gross Profit": 17811000.0,
        "Cost Of Revenue": 153224000.0,
        "Total Revenue": 171035000.0,
        "Operating Revenue": 171035000.0
    },
    "2025-03-31": {
        "Tax Effect Of Unusual Items": 1995840.0,
        "Tax Rate For Calcs": 0.21,
        "Normalized EBITDA": 2101000.0,
        "Total Unusual Items": 9504000.0,
        "Total Unusual Items Excluding Goodwill": 9504000.0,
        "Net Income From Continuing Operation Net Minority Interest": 4246000.0,
        "Reconciled Cost Of Revenue": 29749000.0,
        "EBITDA": 11605000.0,
        "EBIT": 11605000.0,
        "Net Interest Income": -6606000.0,
        "Interest Expense": 7359000.0,
        "Interest Income": 489000.0,
        "Normalized Income": -3262160.0,
        "Net Income From Continuing And Discontinued Operation": 4246000.0,
        "Total Expenses": 36597000.0,
        "Total Operating Income As Reported": 10852000.0,
        "Diluted Average Shares": 211750663.0,
        "Basic Average Shares": 211750663.0,
        "Diluted EPS": 0.02,
        "Basic EPS": 0.02,
        "Diluted NI Availto Com Stockholders": 4246000.0,
        "Net Income Common Stockholders": 4246000.0,
        "Net Income": 4246000.0,
        "Net Income Including Noncontrolling Interests": 4246000.0,
        "Net Income Continuous Operations": 4246000.0,
        "Pretax Income": 4246000.0,
        "Other Income Expense": 9504000.0,
        "Special Income Charges": 9504000.0,
        "Gain On Sale Of Ppe": 9504000.0,
        "Net Non Operating Interest Income Expense": -6606000.0,
        "Total Other Finance Cost": -264000.0,
        "Interest Expense Non Operating": 7359000.0,
        "Interest Income Non Operating": 489000.0,
        "Operating Income": 1348000.0,
        "Operating Expense": 6848000.0,
        "Selling General And Administration": 6848000.0,
        "General And Administrative Expense": 6848000.0,
        "Other Gand A": 6848000.0,
        "Gross Profit": 8196000.0,
        "Cost Of Revenue": 29749000.0,
        "Total Revenue": 37945000.0,
        "Operating Revenue": 37945000.0
    },
    "2025-06-30": {
        "Tax Effect Of Unusual Items": 0.0,
        "Tax Rate For Calcs": 0.0,
        "Normalized EBITDA": 1270000.0,
        "Total Unusual Items": 7117000.0,
        "Total Unusual Items Excluding Goodwill": 7117000.0,
        "Net Income From Continuing Operation Net Minority Interest": -852000.0,
        "Reconciled Cost Of Revenue": 33344000.0,
        "EBITDA": 8387000.0,
        "EBIT": 8387000.0,
        "Net Interest Income": -8403000.0,
        "Interest Expense": 9239000.0,
        "Interest Income": 400000.0,
        "Normalized Income": -7969000.0,
        "Net Income From Continuing And Discontinued Operation": -852000.0,
        "Total Expenses": 39719000.0,
        "Total Operating Income As Reported": 7551000.0,
        "Diluted Average Shares": 211750663.0,
        "Basic Average Shares": 211750663.0,
        "Diluted EPS": 0.0,
        "Basic EPS": 0.0,
        "Diluted NI Availto Com Stockholders": -852000.0,
        "Net Income Common Stockholders": -852000.0,
        "Net Income": -852000.0,
        "Net Income Including Noncontrolling Interests": -852000.0,
        "Net Income Continuous Operations": -852000.0,
        "Pretax Income": -852000.0,
        "Other Income Expense": 7117000.0,
        "Special Income Charges": 7117000.0,
        "Gain On Sale Of Ppe": 7117000.0,
        "Net Non Operating Interest Income Expense": -8403000.0,
        "Total Other Finance Cost": -436000.0,
        "Interest Expense Non Operating": 9239000.0,
        "Interest Income Non Operating": 400000.0,
        "Operating Income": 434000.0,
        "Operating Expense": 6375000.0,
        "Selling General And Administration": 6375000.0,
        "General And Administrative Expense": 6375000.0,
        "Other Gand A": 6375000.0,
        "Gross Profit": 6809000.0,
        "Cost Of Revenue": 33344000.0,
        "Total Revenue": 40153000.0,
        "Operating Revenue": 40153000.0
    },
    "2025-09-30": {
        "Tax Effect Of Unusual Items": 0.0,
        "Tax Rate For Calcs": 0.0,
        "Normalized EBITDA": 7042000.0,
        "Total Unusual Items": 0.0,
        "Total Unusual Items Excluding Goodwill": 0.0,
        "Net Income From Continuing Operation Net Minority Interest": -2781000.0,
        "Reconciled Cost Of Revenue": 31866000.0,
        "EBITDA": 7042000.0,
        "EBIT": 7042000.0,
        "Net Interest Income": -9565000.0,
        "Interest Expense": 9823000.0,
        "Interest Income": 396000.0,
        "Normalized Income": -2781000.0,
        "Net Income From Continuing And Discontinued Operation": -2781000.0,
        "Total Expenses": 38903000.0,
        "Total Operating Income As Reported": 6784000.0,
        "Diluted Average Shares": 211750663.0,
        "Basic Average Shares": 211750663.0,
        "Diluted EPS": -0.01,
        "Basic EPS": -0.01,
        "Diluted NI Availto Com Stockholders": -2781000.0,
        "Net Income Common Stockholders": -2781000.0,
        "Net Income": -2781000.0,
        "Net Income Including Noncontrolling Interests": -2781000.0,
        "Net Income Continuous Operations": -2781000.0,
        "Pretax Income": -2781000.0,
        "Other Income Expense": NaN,
        "Special Income Charges": 0.0,
        "Gain On Sale Of Ppe": 0.0,
        "Net Non Operating Interest Income Expense": -9565000.0,
        "Total Other Finance Cost": 138000.0,
        "Interest Expense Non Operating": 9823000.0,
        "Interest Income Non Operating": 396000.0,
        "Operating Income": 6784000.0,
        "Operating Expense": 7037000.0,
        "Selling General And Administration": 7037000.0,
        "General And Administrative Expense": 7037000.0,
        "Other Gand A": 7037000.0,
        "Gross Profit": 13821000.0,
        "Cost Of Revenue": 31866000.0,
        "Total Revenue": 45687000.0,
        "Operating Revenue": 45687000.0
    }
}