{
    "2023-03-31": {
        "Tax Effect Of Unusual Items": 0.0,
        "Tax Rate For Calcs": 0.249943,
        "Normalized EBITDA": 6943000.0,
        "Total Unusual Items": NaN,
        "Total Unusual Items Excluding Goodwill": NaN,
        "Net Income From Continuing Operation Net Minority Interest": 3265000.0,
        "Reconciled Depreciation": 298000.0,
        "Reconciled Cost Of Revenue": 18437000.0,
        "EBITDA": 6943000.0,
        "EBIT": 6645000.0,
        "Net Interest Income": -1731000.0,
        "Interest Expense": 2292000.0,
        "Interest Income": 180000.0,
        "Normalized Income": 3265000.0,
        "Net Income From Continuing And Discontinued Operation": 3265000.0,
        "Total Expenses": 20995000.0,
        "Total Operating Income As Reported": 6419000.0,
        "Diluted Average Shares": NaN,
        "Basic Average Shares": NaN,
        "Diluted EPS": NaN,
        "Basic EPS": NaN,
        "Diluted NI Availto Com Stockholders": 3265000.0,
        "Net Income Common Stockholders": 3265000.0,
        "Net Income": 3265000.0,
        "Net Income Including Noncontrolling Interests": 3265000.0,
        "Net Income Continuous Operations": 3265000.0,
        "Tax Provision": 1088000.0,
        "Pretax Income": 4353000.0,
        "Other Income Expense": -335000.0,
        "Other Non Operating Income Expenses": 22000.0,
        "Special Income Charges": NaN,
        "Other Special Charges": NaN,
        "Net Non Operating Interest Income Expense": -1731000.0,
        "Total Other Finance Cost": NaN,
        "Interest Expense Non Operating": 2292000.0,
        "Interest Income Non Operating": 180000.0,
        "Operating Income": 6419000.0,
        "Operating Expense": 2558000.0,
        "Depreciation Amortization Depletion Income Statement": 298000.0,
        "Depreciation And Amortization In Income Statement": 298000.0,
        "Selling General And Administration": 2260000.0,
        "Selling And Marketing Expense": NaN,
        "General And Administrative Expense": 3939000.0,
        "Other Gand A": 3939000.0,
        "Gross Profit": 8977000.0,
        "Cost Of Revenue": 18437000.0,
        "Total Revenue": 27414000.0,
        "Operating Revenue": 27414000.0
    },
    "2022-12-31": {
        "Tax Effect Of Unusual Items": NaN,
        "Tax Rate For Calcs": NaN,
        "Normalized EBITDA": NaN,
        "Total Unusual Items": 0.0,
        "Total Unusual Items Excluding Goodwill": 0.0,
        "Net Income From Continuing Operation Net Minority Interest": NaN,
        "Reconciled Depreciation": NaN,
        "Reconciled Cost Of Revenue": NaN,
        "EBITDA": NaN,
        "EBIT": NaN,
        "Net Interest Income": NaN,
        "Interest Expense": NaN,
        "Interest Income": NaN,
        "Normalized Income": NaN,
        "Net Income From Continuing And Discontinued Operation": NaN,
        "Total Expenses": NaN,
        "Total Operating Income As Reported": NaN,
        "Diluted Average Shares": 4116000.0,
        "Basic Average Shares": 4080000.0,
        "Diluted EPS": 0.79,
        "Basic EPS": 0.8,
        "Diluted NI Availto Com Stockholders": NaN,
        "Net Income Common Stockholders": NaN,
        "Net Income": NaN,
        "Net Income Including Noncontrolling Interests": NaN,
        "Net Income Continuous Operations": NaN,
        "Tax Provision": NaN,
        "Pretax Income": NaN,
        "Other Income Expense": NaN,
        "Other Non Operating Income Expenses": NaN,
        "Special Income Charges": 0.0,
        "Other Special Charges": NaN,
        "Net Non Operating Interest Income Expense": NaN,
        "Total Other Finance Cost": 127000.0,
        "Interest Expense Non Operating": NaN,
        "Interest Income Non Operating": NaN,
        "Operating Income": NaN,
        "Operating Expense": NaN,
        "Depreciation Amortization Depletion Income Statement": NaN,
        "Depreciation And Amortization In Income Statement": NaN,
        "Selling General And Administration": NaN,
        "Selling And Marketing Expense": 501000.0,
        "General And Administrative Expense": NaN,
        "Other Gand A": NaN,
        "Gross Profit": NaN,
        "Cost Of Revenue": NaN,
        "Total Revenue": NaN,
        "Operating Revenue": NaN
    },
    "2022-09-30": {
        "Tax Effect Of Unusual Items": NaN,
        "Tax Rate For Calcs": NaN,
        "Normalized EBITDA": NaN,
        "Total Unusual Items": NaN,
        "Total Unusual Items Excluding Goodwill": NaN,
        "Net Income From Continuing Operation Net Minority Interest": NaN,
        "Reconciled Depreciation": NaN,
        "Reconciled Cost Of Revenue": NaN,
        "EBITDA": NaN,
        "EBIT": NaN,
        "Net Interest Income": NaN,
        "Interest Expense": NaN,
        "Interest Income": NaN,
        "Normalized Income": NaN,
        "Net Income From Continuing And Discontinued Operation": NaN,
        "Total Expenses": NaN,
        "Total Operating Income As Reported": NaN,
        "Diluted Average Shares": 4083000.0,
        "Basic Average Shares": 4083000.0,
        "Diluted EPS": 1.459221,
        "Basic EPS": 1.459221,
        "Diluted NI Availto Com Stockholders": NaN,
        "Net Income Common Stockholders": NaN,
        "Net Income": NaN,
        "Net Income Including Noncontrolling Interests": NaN,
        "Net Income Continuous Operations": NaN,
        "Tax Provision": NaN,
        "Pretax Income": NaN,
        "Other Income Expense": NaN,
        "Other Non Operating Income Expenses": NaN,
        "Special Income Charges": NaN,
        "Other Special Charges": NaN,
        "Net Non Operating Interest Income Expense": NaN,
        "Total Other Finance Cost": 127000.0,
        "Interest Expense Non Operating": NaN,
        "Interest Income Non Operating": NaN,
        "Operating Income": NaN,
        "Operating Expense": NaN,
        "Depreciation Amortization Depletion Income Statement": NaN,
        "Depreciation And Amortization In Income Statement": NaN,
        "Selling General And Administration": NaN,
        "Selling And Marketing Expense": NaN,
        "General And Administrative Expense": NaN,
        "Other Gand A": NaN,
        "Gross Profit": NaN,
        "Cost Of Revenue": NaN,
        "Total Revenue": NaN,
        "Operating Revenue": NaN
    },
    "2022-06-30": {
        "Tax Effect Of Unusual Items": 0.0,
        "Tax Rate For Calcs": 0.278,
        "Normalized EBITDA": 12057000.0,
        "Net Income From Continuing Operation Net Minority Interest": 7137000.0,
        "Reconciled Depreciation": 233000.0,
        "Reconciled Cost Of Revenue": 24118000.0,
        "EBITDA": 12057000.0,
        "EBIT": 11824000.0,
        "Net Interest Income": -1922000.0,
        "Interest Expense": 1944000.0,
        "Interest Income": 22000.0,
        "Normalized Income": 7137000.0,
        "Net Income From Continuing And Discontinued Operation": 7137000.0,
        "Total Expenses": 27940000.0,
        "Total Operating Income As Reported": 11780000.0,
        "Diluted Average Shares": 4113000.0,
        "Basic Average Shares": 4113000.0,
        "Diluted EPS": 1.74,
        "Basic EPS": 1.74,
        "Diluted NI Availto Com Stockholders": 7137000.0,
        "Net Income Common Stockholders": 7137000.0,
        "Net Income": 7137000.0,
        "Net Income Including Noncontrolling Interests": 7137000.0,
        "Net Income Continuous Operations": 7137000.0,
        "Tax Provision": 2743000.0,
        "Pretax Income": 9880000.0,
        "Other Income Expense": 22000.0,
        "Other Non Operating Income Expenses": 22000.0,
        "Net Non Operating Interest Income Expense": -1922000.0,
        "Total Other Finance Cost": NaN,
        "Interest Expense Non Operating": 1944000.0,
        "Interest Income Non Operating": 22000.0,
        "Operating Income": 11780000.0,
        "Operating Expense": 3822000.0,
        "Depreciation Amortization Depletion Income Statement": 233000.0,
        "Depreciation And Amortization In Income Statement": 233000.0,
        "Selling General And Administration": 3589000.0,
        "Selling And Marketing Expense": NaN,
        "General And Administrative Expense": 3589000.0,
        "Other Gand A": 3589000.0,
        "Gross Profit": 15602000.0,
        "Cost Of Revenue": 24118000.0,
        "Total Revenue": 39720000.0,
        "Operating Revenue": 39301000.0
    },
    "2022-03-31": {
        "Diluted EPS": 0.52,
        "Total Revenue": 25,
        "Gross Profit": 10,
        "Operating Income": 6,
        "EBIT": 6,
        "Net Income": 2
    },
    "2021-12-31": {
        "Diluted EPS": 0.52,
        "Total Revenue": 26,
        "Gross Profit": 9,
        "Operating Income": 6,
        "EBIT": 6,
        "Net Income": 2
    },
    "2021-09-30": {
        "Diluted EPS": 0.86,
        "Total Revenue": 33,
        "Gross Profit": 12,
        "Operating Income": 7,
        "EBIT": 8,
        "Net Income": 4
    },
    "2021-06-30": {
        "Diluted EPS": 1.4,
        "Total Revenue": 31,
        "Gross Profit": 15,
        "Operating Income": 11,
        "EBIT": 11,
        "Net Income": 6
    },
    "2021-03-31": {
        "Diluted EPS": 0.5,
        "Total Revenue": 18,
        "Gross Profit": 9,
        "Operating Income": 5,
        "EBIT": 6,
        "Net Income": 2
    },
    "2020-12-31": {
        "Diluted EPS": 0.33,
        "Total Revenue": 18,
        "Gross Profit": 8,
        "Operating Income": 4,
        "EBIT": 5,
        "Net Income": 1
    },
    "2020-09-30": {
        "Diluted EPS": 0.89,
        "Total Revenue": 22,
        "Gross Profit": 11,
        "Operating Income": 8,
        "EBIT": 8,
        "Net Income": 4
    },
    "2020-06-30": {
        "Diluted EPS": 0.97,
        "Total Revenue": 18,
        "Gross Profit": 12,
        "Operating Income": 8,
        "EBIT": 9,
        "Net Income": 4
    },
    "2020-03-31": {
        "Diluted EPS": 0.75,
        "Total Revenue": 22,
        "Gross Profit": 11,
        "Operating Income": 6,
        "EBIT": 7,
        "Net Income": 3
    },
    "2019-12-31": {
        "Diluted EPS": 0.29,
        "Total Revenue": 21,
        "Gross Profit": 8,
        "Operating Income": 4,
        "EBIT": 4,
        "Net Income": 1
    },
    "2019-09-30": {
        "Diluted EPS": 0.87,
        "Total Revenue": 30,
        "Gross Profit": 12,
        "Operating Income": 7,
        "EBIT": 8,
        "Net Income": 4
    },
    "2019-06-30": {
        "Diluted EPS": 1.28,
        "Total Revenue": 31,
        "Gross Profit": 14,
        "Operating Income": 9,
        "EBIT": 10,
        "Net Income": 5
    },
    "2019-03-31": {
        "Diluted EPS": 0.6,
        "Total Revenue": 22,
        "Gross Profit": 10,
        "Operating Income": 6,
        "EBIT": 6,
        "Net Income": 2
    },
    "2018-12-31": {
        "Diluted EPS": 2.3,
        "Total Revenue": 20,
        "Gross Profit": 9,
        "Operating Income": 5,
        "EBIT": 5,
        "Net Income": 10
    },
    "2018-09-30": {
        "Diluted EPS": 1.06,
        "Total Revenue": 29,
        "Gross Profit": 13,
        "Operating Income": 8,
        "EBIT": 9,
        "Net Income": 4
    },
    "2018-06-30": {
        "Diluted EPS": 1.13,
        "Total Revenue": 30,
        "Gross Profit": 14,
        "Operating Income": 9,
        "EBIT": 10,
        "Net Income": 5
    },
    "2018-03-31": {
        "Diluted EPS": 0.09,
        "Total Revenue": 20,
        "Gross Profit": 8,
        "Operating Income": 5,
        "EBIT": 5,
        "Net Income": 0
    },
    "2017-12-31": {
        "Diluted EPS": -0.9,
        "Total Revenue": 22,
        "Gross Profit": 9,
        "Operating Income": 5,
        "EBIT": 6,
        "Net Income": -4
    },
    "2017-09-30": {
        "Diluted EPS": 0.74,
        "Total Revenue": 31,
        "Gross Profit": 12,
        "Operating Income": 9,
        "EBIT": 9,
        "Net Income": 3
    },
    "2017-06-30": {
        "Diluted EPS": 0.69,
        "Total Revenue": 31,
        "Gross Profit": 12,
        "Operating Income": 8,
        "EBIT": 9,
        "Net Income": 3
    },
    "2017-03-31": {
        "Diluted EPS": 0.16,
        "Total Revenue": 19,
        "Gross Profit": 8,
        "Operating Income": 5,
        "EBIT": 5,
        "Net Income": 1
    },
    "2016-12-31": {
        "Diluted EPS": 0.17,
        "Total Revenue": 20,
        "Gross Profit": 8,
        "Operating Income": 5,
        "EBIT": 5,
        "Net Income": 1
    },
    "2016-09-30": {
        "Diluted EPS": 0.6,
        "Total Revenue": 28,
        "Gross Profit": 11,
        "Operating Income": 8,
        "EBIT": 9,
        "Net Income": 3
    },
    "2016-06-30": {
        "Diluted EPS": 0.85,
        "Total Revenue": 29,
        "Gross Profit": 13,
        "Operating Income": 9,
        "EBIT": 9,
        "Net Income": 4
    },
    "2016-03-31": {
        "Diluted EPS": 0.13,
        "Total Revenue": 19,
        "Gross Profit": 8,
        "Operating Income": 4,
        "EBIT": 5,
        "Net Income": 1
    },
    "2015-12-31": {
        "Diluted EPS": 0.1,
        "Total Revenue": 21,
        "Gross Profit": 8,
        "Operating Income": 4,
        "EBIT": 5,
        "Net Income": 0
    },
    "2015-09-30": {
        "Diluted EPS": 0.64,
        "Total Revenue": 31,
        "Gross Profit": 12,
        "Operating Income": 8,
        "EBIT": 9,
        "Net Income": 3
    },
    "2015-06-30": {
        "Diluted EPS": 0.5,
        "Total Revenue": 31,
        "Gross Profit": 12,
        "Operating Income": 8,
        "EBIT": 8,
        "Net Income": 2
    },
    "2015-03-31": {
        "Diluted EPS": 0.33,
        "Total Revenue": 20,
        "Gross Profit": 7,
        "Operating Income": 3,
        "EBIT": 3,
        "Net Income": 2
    },
    "2014-12-31": {
        "Diluted EPS": 0.49,
        "Total Revenue": 22,
        "Gross Profit": 7,
        "Operating Income": 4,
        "EBIT": 4,
        "Net Income": 2
    },
    "2014-09-30": {
        "Diluted EPS": 0.84,
        "Total Revenue": 29,
        "Gross Profit": 9,
        "Operating Income": 6,
        "EBIT": 7,
        "Net Income": 4
    },
    "2014-06-30": {
        "Diluted EPS": 0.89,
        "Total Revenue": 28,
        "Gross Profit": 10,
        "Operating Income": 7,
        "EBIT": 7,
        "Net Income": 4
    },
    "2014-03-31": {
        "Diluted EPS": 0.27,
        "Total Revenue": 14,
        "Gross Profit": 2,
        "Operating Income": -1,
        "EBIT": -1,
        "Net Income": 1
    },
    "2013-12-31": {
        "Diluted EPS": 0.24,
        "Total Revenue": 19,
        "Gross Profit": 5,
        "Operating Income": 2,
        "EBIT": 2,
        "Net Income": 1
    },
    "2013-09-30": {
        "Diluted EPS": 0.57,
        "Total Revenue": 24,
        "Gross Profit": 7,
        "Operating Income": 4,
        "EBIT": 5,
        "Net Income": 3
    },
    "2013-06-30": {
        "Diluted EPS": 0.73,
        "Total Revenue": 23,
        "Gross Profit": 9,
        "Operating Income": 6,
        "EBIT": 6,
        "Net Income": 3
    },
    "2013-03-31": {
        "Diluted EPS": 0.34,
        "Total Revenue": 15,
        "Gross Profit": 5,
        "Operating Income": 2,
        "EBIT": 2,
        "Net Income": 2
    },
    "2012-12-31": {
        "Diluted EPS": 0.23,
        "Total Revenue": 15,
        "Gross Profit": 5,
        "Operating Income": 2,
        "EBIT": 2,
        "Net Income": 1
    },
    "2012-09-30": {
        "Diluted EPS": 0.62,
        "Total Revenue": 21,
        "Gross Profit": 7,
        "Operating Income": 5,
        "EBIT": 5,
        "Net Income": 3
    },
    "2012-06-30": {
        "Diluted EPS": 0.44,
        "Total Revenue": 20,
        "Gross Profit": 6,
        "Operating Income": 3,
        "EBIT": 4,
        "Net Income": 2
    },
    "2012-03-31": {
        "Diluted EPS": 0.23,
        "Total Revenue": 14,
        "Gross Profit": 5,
        "Operating Income": 2,
        "EBIT": 2,
        "Net Income": 1
    },
    "2011-12-31": {
        "Diluted EPS": 0.24,
        "Total Revenue": 15,
        "Gross Profit": 5,
        "Operating Income": 2,
        "EBIT": 2,
        "Net Income": 1
    },
    "2011-09-30": {
        "Diluted EPS": 0.44,
        "Total Revenue": 19,
        "Gross Profit": 6,
        "Operating Income": 4,
        "EBIT": 4,
        "Net Income": 2
    },
    "2011-06-30": {
        "Diluted EPS": 0.31,
        "Total Revenue": 18,
        "Gross Profit": 5,
        "Operating Income": 3,
        "EBIT": 3,
        "Net Income": 2
    },
    "2011-03-31": {
        "Diluted EPS": 0.11,
        "Total Revenue": 12,
        "Gross Profit": 4,
        "Operating Income": 1,
        "EBIT": 1,
        "Net Income": 1
    },
    "2010-12-31": {
        "Diluted EPS": -0.03,
        "Total Revenue": 13,
        "Gross Profit": 4,
        "Operating Income": 0,
        "EBIT": 0,
        "Net Income": 0
    },
    "2010-09-30": {
        "Diluted EPS": 0.03,
        "Total Revenue": 16,
        "Gross Profit": 6,
        "Operating Income": 0,
        "EBIT": 0,
        "Net Income": 0
    },
    "2010-06-30": {
        "Diluted EPS": 0.29,
        "Total Revenue": 16,
        "Gross Profit": 5,
        "Operating Income": 3,
        "EBIT": 3,
        "Net Income": 2
    },
    "2010-03-31": {
        "Diluted EPS": 0.12,
        "Total Revenue": 11,
        "Gross Profit": 4,
        "Operating Income": 1,
        "EBIT": 1,
        "Net Income": 1
    },
    "2009-12-31": {
        "Diluted EPS": 0.19,
        "Total Revenue": 11,
        "Gross Profit": 4,
        "Operating Income": 2,
        "EBIT": 2,
        "Net Income": 1
    },
    "2009-09-30": {
        "Diluted EPS": 0.39,
        "Total Revenue": 15,
        "Gross Profit": 6,
        "Operating Income": 3,
        "EBIT": 4,
        "Net Income": 2
    },
    "2009-06-30": {
        "Diluted EPS": 0.27,
        "Total Revenue": 14,
        "Gross Profit": 5,
        "Operating Income": 2,
        "EBIT": 3,
        "Net Income": 2
    },
    "2009-03-31": {
        "Diluted EPS": 0.19,
        "Total Revenue": 10,
        "Gross Profit": 4,
        "Operating Income": 1,
        "EBIT": 1,
        "Net Income": 1
    },
    "2023-06-30": {
        "Tax Effect Of Unusual Items": NaN,
        "Tax Rate For Calcs": NaN,
        "Normalized EBITDA": NaN,
        "Total Unusual Items": NaN,
        "Total Unusual Items Excluding Goodwill": NaN,
        "Net Income From Continuing Operation Net Minority Interest": NaN,
        "Reconciled Depreciation": NaN,
        "Reconciled Cost Of Revenue": NaN,
        "EBITDA": NaN,
        "EBIT": NaN,
        "Net Interest Income": NaN,
        "Interest Expense": NaN,
        "Interest Income": NaN,
        "Normalized Income": NaN,
        "Net Income From Continuing And Discontinued Operation": NaN,
        "Total Expenses": NaN,
        "Total Operating Income As Reported": NaN,
        "Diluted Average Shares": NaN,
        "Basic Average Shares": NaN,
        "Diluted EPS": NaN,
        "Basic EPS": NaN,
        "Diluted NI Availto Com Stockholders": NaN,
        "Net Income Common Stockholders": NaN,
        "Net Income": NaN,
        "Net Income Including Noncontrolling Interests": NaN,
        "Net Income Continuous Operations": NaN,
        "Tax Provision": NaN,
        "Pretax Income": NaN,
        "Other Income Expense": NaN,
        "Other Non Operating Income Expenses": NaN,
        "Special Income Charges": NaN,
        "Other Special Charges": NaN,
        "Net Non Operating Interest Income Expense": NaN,
        "Total Other Finance Cost": 92000.0,
        "Interest Expense Non Operating": NaN,
        "Interest Income Non Operating": NaN,
        "Operating Income": NaN,
        "Operating Expense": NaN,
        "Depreciation Amortization Depletion Income Statement": NaN,
        "Depreciation And Amortization In Income Statement": NaN,
        "Selling General And Administration": NaN,
        "Selling And Marketing Expense": NaN,
        "General And Administrative Expense": NaN,
        "Other Gand A": NaN,
        "Gross Profit": NaN,
        "Cost Of Revenue": NaN,
        "Total Revenue": NaN,
        "Operating Revenue": NaN
    },
    "2023-09-30": {
        "Tax Effect Of Unusual Items": NaN,
        "Tax Rate For Calcs": NaN,
        "Normalized EBITDA": NaN,
        "Total Unusual Items": NaN,
        "Total Unusual Items Excluding Goodwill": NaN,
        "Net Income From Continuing Operation Net Minority Interest": NaN,
        "Reconciled Depreciation": NaN,
        "Reconciled Cost Of Revenue": NaN,
        "EBITDA": NaN,
        "EBIT": NaN,
        "Net Interest Income": NaN,
        "Interest Expense": NaN,
        "Interest Income": NaN,
        "Normalized Income": NaN,
        "Net Income From Continuing And Discontinued Operation": NaN,
        "Total Expenses": NaN,
        "Total Operating Income As Reported": NaN,
        "Diluted Average Shares": 4092000.0,
        "Basic Average Shares": 4080000.0,
        "Diluted EPS": 1.4,
        "Basic EPS": 1.4,
        "Diluted NI Availto Com Stockholders": NaN,
        "Net Income Common Stockholders": NaN,
        "Net Income": NaN,
        "Net Income Including Noncontrolling Interests": NaN,
        "Net Income Continuous Operations": NaN,
        "Tax Provision": NaN,
        "Pretax Income": NaN,
        "Other Income Expense": NaN,
        "Other Non Operating Income Expenses": NaN,
        "Special Income Charges": NaN,
        "Other Special Charges": NaN,
        "Net Non Operating Interest Income Expense": NaN,
        "Total Other Finance Cost": 92000.0,
        "Interest Expense Non Operating": NaN,
        "Interest Income Non Operating": NaN,
        "Operating Income": NaN,
        "Operating Expense": NaN,
        "Depreciation Amortization Depletion Income Statement": NaN,
        "Depreciation And Amortization In Income Statement": NaN,
        "Selling General And Administration": NaN,
        "Selling And Marketing Expense": 569000.0,
        "General And Administrative Expense": NaN,
        "Other Gand A": NaN,
        "Gross Profit": NaN,
        "Cost Of Revenue": NaN,
        "Total Revenue": NaN,
        "Operating Revenue": NaN
    },
    "2023-12-31": {
        "Tax Effect Of Unusual Items": NaN,
        "Tax Rate For Calcs": NaN,
        "Normalized EBITDA": NaN,
        "Total Unusual Items": -169000.0,
        "Total Unusual Items Excluding Goodwill": -169000.0,
        "Net Income From Continuing Operation Net Minority Interest": NaN,
        "Reconciled Depreciation": NaN,
        "Reconciled Cost Of Revenue": NaN,
        "EBITDA": NaN,
        "EBIT": NaN,
        "Net Interest Income": NaN,
        "Interest Expense": NaN,
        "Interest Income": NaN,
        "Normalized Income": NaN,
        "Net Income From Continuing And Discontinued Operation": NaN,
        "Total Expenses": NaN,
        "Total Operating Income As Reported": NaN,
        "Diluted Average Shares": 4080000.0,
        "Basic Average Shares": 4080000.0,
        "Diluted EPS": 0.64,
        "Basic EPS": 0.64,
        "Diluted NI Availto Com Stockholders": NaN,
        "Net Income Common Stockholders": NaN,
        "Net Income": NaN,
        "Net Income Including Noncontrolling Interests": NaN,
        "Net Income Continuous Operations": NaN,
        "Tax Provision": NaN,
        "Pretax Income": NaN,
        "Other Income Expense": NaN,
        "Other Non Operating Income Expenses": NaN,
        "Special Income Charges": -169000.0,
        "Other Special Charges": 169000.0,
        "Net Non Operating Interest Income Expense": NaN,
        "Total Other Finance Cost": 92000.0,
        "Interest Expense Non Operating": NaN,
        "Interest Income Non Operating": NaN,
        "Operating Income": NaN,
        "Operating Expense": NaN,
        "Depreciation Amortization Depletion Income Statement": NaN,
        "Depreciation And Amortization In Income Statement": NaN,
        "Selling General And Administration": NaN,
        "Selling And Marketing Expense": 508000.0,
        "General And Administrative Expense": NaN,
        "Other Gand A": NaN,
        "Gross Profit": NaN,
        "Cost Of Revenue": NaN,
        "Total Revenue": NaN,
        "Operating Revenue": NaN
    },
    "2024-03-31": {
        "Tax Effect Of Unusual Items": NaN,
        "Tax Rate For Calcs": NaN,
        "Normalized EBITDA": NaN,
        "Total Unusual Items": 0.0,
        "Total Unusual Items Excluding Goodwill": 0.0,
        "Net Income From Continuing Operation Net Minority Interest": NaN,
        "Reconciled Depreciation": NaN,
        "Reconciled Cost Of Revenue": NaN,
        "EBITDA": NaN,
        "EBIT": NaN,
        "Net Interest Income": NaN,
        "Interest Expense": NaN,
        "Interest Income": NaN,
        "Normalized Income": NaN,
        "Net Income From Continuing And Discontinued Operation": NaN,
        "Total Expenses": NaN,
        "Total Operating Income As Reported": NaN,
        "Diluted Average Shares": NaN,
        "Basic Average Shares": NaN,
        "Diluted EPS": NaN,
        "Basic EPS": NaN,
        "Diluted NI Availto Com Stockholders": NaN,
        "Net Income Common Stockholders": NaN,
        "Net Income": NaN,
        "Net Income Including Noncontrolling Interests": NaN,
        "Net Income Continuous Operations": NaN,
        "Tax Provision": NaN,
        "Pretax Income": NaN,
        "Other Income Expense": NaN,
        "Other Non Operating Income Expenses": NaN,
        "Special Income Charges": 0.0,
        "Other Special Charges": 0.0,
        "Net Non Operating Interest Income Expense": NaN,
        "Total Other Finance Cost": NaN,
        "Interest Expense Non Operating": NaN,
        "Interest Income Non Operating": NaN,
        "Operating Income": NaN,
        "Operating Expense": NaN,
        "Depreciation Amortization Depletion Income Statement": NaN,
        "Depreciation And Amortization In Income Statement": NaN,
        "Selling General And Administration": NaN,
        "Selling And Marketing Expense": NaN,
        "General And Administrative Expense": NaN,
        "Other Gand A": NaN,
        "Gross Profit": NaN,
        "Cost Of Revenue": NaN,
        "Total Revenue": NaN,
        "Operating Revenue": NaN
    },
    "2024-06-30": {
        "Tax Effect Of Unusual Items": NaN,
        "Tax Rate For Calcs": NaN,
        "Normalized EBITDA": NaN,
        "Total Unusual Items": NaN,
        "Total Unusual Items Excluding Goodwill": NaN,
        "Net Income From Continuing Operation Net Minority Interest": NaN,
        "Reconciled Depreciation": NaN,
        "Reconciled Cost Of Revenue": NaN,
        "EBITDA": NaN,
        "EBIT": NaN,
        "Net Interest Income": NaN,
        "Interest Expense": NaN,
        "Interest Income": NaN,
        "Normalized Income": NaN,
        "Net Income From Continuing And Discontinued Operation": NaN,
        "Total Expenses": NaN,
        "Total Operating Income As Reported": NaN,
        "Diluted Average Shares": 4089000.0,
        "Basic Average Shares": 4085000.0,
        "Diluted EPS": 2.27,
        "Basic EPS": 2.27,
        "Diluted NI Availto Com Stockholders": NaN,
        "Net Income Common Stockholders": NaN,
        "Net Income": NaN,
        "Net Income Including Noncontrolling Interests": NaN,
        "Net Income Continuous Operations": NaN,
        "Tax Provision": NaN,
        "Pretax Income": NaN,
        "Other Income Expense": NaN,
        "Other Non Operating Income Expenses": NaN,
        "Special Income Charges": NaN,
        "Other Special Charges": NaN,
        "Net Non Operating Interest Income Expense": NaN,
        "Total Other Finance Cost": 69000.0,
        "Interest Expense Non Operating": NaN,
        "Interest Income Non Operating": NaN,
        "Operating Income": NaN,
        "Operating Expense": NaN,
        "Depreciation Amortization Depletion Income Statement": NaN,
        "Depreciation And Amortization In Income Statement": NaN,
        "Selling General And Administration": NaN,
        "Selling And Marketing Expense": 428000.0,
        "General And Administrative Expense": NaN,
        "Other Gand A": NaN,
        "Gross Profit": NaN,
        "Cost Of Revenue": NaN,
        "Total Revenue": NaN,
        "Operating Revenue": NaN
    },
    "2024-09-30": {
        "Tax Effect Of Unusual Items": -85324.85492,
        "Tax Rate For Calcs": 0.255464,
        "Normalized EBITDA": 10068000.0,
        "Total Unusual Items": -334000.0,
        "Total Unusual Items Excluding Goodwill": -334000.0,
        "Net Income From Continuing Operation Net Minority Interest": 6030000.0,
        "Reconciled Depreciation": 247000.0,
        "Reconciled Cost Of Revenue": 27418000.0,
        "EBITDA": 9734000.0,
        "EBIT": 9487000.0,
        "Net Interest Income": -1222000.0,
        "Interest Expense": 1388000.0,
        "Interest Income": 219000.0,
        "Normalized Income": 6278675.14508,
        "Net Income From Continuing And Discontinued Operation": 6030000.0,
        "Total Expenses": 31477000.0,
        "Total Operating Income As Reported": 9632000.0,
        "Diluted Average Shares": 4095000.0,
        "Basic Average Shares": 4085000.0,
        "Diluted EPS": 1.47,
        "Basic EPS": 1.48,
        "Diluted NI Availto Com Stockholders": 6030000.0,
        "Net Income Common Stockholders": 6030000.0,
        "Net Income": 6030000.0,
        "Net Income Including Noncontrolling Interests": 6030000.0,
        "Net Income Continuous Operations": 6030000.0,
        "Tax Provision": 2069000.0,
        "Pretax Income": 8099000.0,
        "Other Income Expense": -311000.0,
        "Other Non Operating Income Expenses": 23000.0,
        "Special Income Charges": -334000.0,
        "Other Special Charges": 334000.0,
        "Net Non Operating Interest Income Expense": -1222000.0,
        "Total Other Finance Cost": 53000.0,
        "Interest Expense Non Operating": 1388000.0,
        "Interest Income Non Operating": 219000.0,
        "Operating Income": 9632000.0,
        "Operating Expense": 4059000.0,
        "Depreciation Amortization Depletion Income Statement": 247000.0,
        "Depreciation And Amortization In Income Statement": 247000.0,
        "Selling General And Administration": 3812000.0,
        "Selling And Marketing Expense": 560000.0,
        "General And Administrative Expense": 3252000.0,
        "Other Gand A": 3252000.0,
        "Gross Profit": 13691000.0,
        "Cost Of Revenue": 27418000.0,
        "Total Revenue": 41109000.0,
        "Operating Revenue": 41109000.0
    },
    "2024-12-31": {
        "Tax Effect Of Unusual Items": -14300.0,
        "Tax Rate For Calcs": 0.26,
        "Normalized EBITDA": 7174000.0,
        "Total Unusual Items": -55000.0,
        "Total Unusual Items Excluding Goodwill": -55000.0,
        "Net Income From Continuing Operation Net Minority Interest": 4484000.0,
        "Reconciled Depreciation": 235000.0,
        "Reconciled Cost Of Revenue": 20562000.0,
        "EBITDA": 7119000.0,
        "EBIT": 6884000.0,
        "Net Interest Income": -659000.0,
        "Interest Expense": 825000.0,
        "Interest Income": 183000.0,
        "Normalized Income": 4524700.0,
        "Net Income From Continuing And Discontinued Operation": 4484000.0,
        "Total Expenses": 24767000.0,
        "Total Operating Income As Reported": 6752000.0,
        "Diluted Average Shares": 4093000.0,
        "Basic Average Shares": 4086000.0,
        "Diluted EPS": 1.1,
        "Basic EPS": 1.1,
        "Diluted NI Availto Com Stockholders": 4484000.0,
        "Net Income Common Stockholders": 4484000.0,
        "Net Income": 4484000.0,
        "Net Income Including Noncontrolling Interests": 4484000.0,
        "Net Income Continuous Operations": 4484000.0,
        "Tax Provision": 1575000.0,
        "Pretax Income": 6059000.0,
        "Other Income Expense": -34000.0,
        "Other Non Operating Income Expenses": 21000.0,
        "Special Income Charges": -55000.0,
        "Other Special Charges": 55000.0,
        "Net Non Operating Interest Income Expense": -659000.0,
        "Total Other Finance Cost": 17000.0,
        "Interest Expense Non Operating": 825000.0,
        "Interest Income Non Operating": 183000.0,
        "Operating Income": 6752000.0,
        "Operating Expense": 4205000.0,
        "Depreciation Amortization Depletion Income Statement": 235000.0,
        "Depreciation And Amortization In Income Statement": 235000.0,
        "Selling General And Administration": 3970000.0,
        "Selling And Marketing Expense": 520000.0,
        "General And Administrative Expense": 3450000.0,
        "Other Gand A": 3450000.0,
        "Gross Profit": 10957000.0,
        "Cost Of Revenue": 20562000.0,
        "Total Revenue": 31519000.0,
        "Operating Revenue": 31519000.0
    },
    "2025-03-31": {
        "Tax Effect Of Unusual Items": 0.0,
        "Tax Rate For Calcs": 0.272212,
        "Normalized EBITDA": 6947000.0,
        "Total Unusual Items": 0.0,
        "Total Unusual Items Excluding Goodwill": 0.0,
        "Net Income From Continuing Operation Net Minority Interest": 4235000.0,
        "Reconciled Depreciation": 226000.0,
        "Reconciled Cost Of Revenue": 21848000.0,
        "EBITDA": 6947000.0,
        "EBIT": 6721000.0,
        "Net Interest Income": -571000.0,
        "Interest Expense": 902000.0,
        "Interest Income": 192000.0,
        "Normalized Income": 4235000.0,
        "Net Income From Continuing And Discontinued Operation": 4235000.0,
        "Total Expenses": 24419000.0,
        "Total Operating Income As Reported": 6368000.0,
        "Diluted Average Shares": NaN,
        "Basic Average Shares": NaN,
        "Diluted EPS": NaN,
        "Basic EPS": NaN,
        "Diluted NI Availto Com Stockholders": 4235000.0,
        "Net Income Common Stockholders": 4235000.0,
        "Net Income": 4235000.0,
        "Net Income Including Noncontrolling Interests": 4235000.0,
        "Net Income Continuous Operations": 4235000.0,
        "Tax Provision": 1584000.0,
        "Pretax Income": 5819000.0,
        "Other Income Expense": 22000.0,
        "Other Non Operating Income Expenses": 22000.0,
        "Special Income Charges": 0.0,
        "Other Special Charges": 0.0,
        "Net Non Operating Interest Income Expense": -571000.0,
        "Total Other Finance Cost": NaN,
        "Interest Expense Non Operating": 902000.0,
        "Interest Income Non Operating": 192000.0,
        "Operating Income": 6368000.0,
        "Operating Expense": 2571000.0,
        "Depreciation Amortization Depletion Income Statement": 226000.0,
        "Depreciation And Amortization In Income Statement": 226000.0,
        "Selling General And Administration": 2345000.0,
        "Selling And Marketing Expense": NaN,
        "General And Administrative Expense": 3853000.0,
        "Other Gand A": 3853000.0,
        "Gross Profit": 8939000.0,
        "Cost Of Revenue": 21848000.0,
        "Total Revenue": 30787000.0,
        "Operating Revenue": 30787000.0
    },
    "2025-06-30": {
        "Tax Effect Of Unusual Items": 0.0,
        "Tax Rate For Calcs": 0.2716,
        "Normalized EBITDA": 13224000.0,
        "Total Unusual Items": NaN,
        "Total Unusual Items Excluding Goodwill": NaN,
        "Net Income From Continuing Operation Net Minority Interest": 8928000.0,
        "Reconciled Depreciation": 228000.0,
        "Reconciled Cost Of Revenue": 29602000.0,
        "EBITDA": 13224000.0,
        "EBIT": 12996000.0,
        "Net Interest Income": -555000.0,
        "Interest Expense": 739000.0,
        "Interest Income": 203000.0,
        "Normalized Income": 8928000.0,
        "Net Income From Continuing And Discontinued Operation": 8928000.0,
        "Total Expenses": 34207000.0,
        "Total Operating Income As Reported": 12791000.0,
        "Diluted Average Shares": 4124000.0,
        "Basic Average Shares": 4089000.0,
        "Diluted EPS": 2.16,
        "Basic EPS": 2.18,
        "Diluted NI Availto Com Stockholders": 8928000.0,
        "Net Income Common Stockholders": 8928000.0,
        "Net Income": 8928000.0,
        "Net Income Including Noncontrolling Interests": 8928000.0,
        "Net Income Continuous Operations": 8928000.0,
        "Tax Provision": 3329000.0,
        "Pretax Income": 12257000.0,
        "Other Income Expense": 21000.0,
        "Other Non Operating Income Expenses": 21000.0,
        "Special Income Charges": NaN,
        "Other Special Charges": NaN,
        "Net Non Operating Interest Income Expense": -555000.0,
        "Total Other Finance Cost": 19000.0,
        "Interest Expense Non Operating": 739000.0,
        "Interest Income Non Operating": 203000.0,
        "Operating Income": 12791000.0,
        "Operating Expense": 4605000.0,
        "Depreciation Amortization Depletion Income Statement": 228000.0,
        "Depreciation And Amortization In Income Statement": 228000.0,
        "Selling General And Administration": 4377000.0,
        "Selling And Marketing Expense": 427000.0,
        "General And Administrative Expense": 3950000.0,
        "Other Gand A": 3950000.0,
        "Gross Profit": 17396000.0,
        "Cost Of Revenue": 29602000.0,
        "Total Revenue": 46998000.0,
        "Operating Revenue": 46998000.0
    },
    "2025-09-30": {
        "Tax Effect Of Unusual Items": 0.0,
        "Tax Rate For Calcs": 0.259507,
        "Normalized EBITDA": 7979000.0,
        "Total Unusual Items": 0.0,
        "Total Unusual Items Excluding Goodwill": 0.0,
        "Net Income From Continuing Operation Net Minority Interest": 5199000.0,
        "Reconciled Depreciation": 236000.0,
        "Reconciled Cost Of Revenue": 33810000.0,
        "EBITDA": 7979000.0,
        "EBIT": 7743000.0,
        "Net Interest Income": -503000.0,
        "Interest Expense": 722000.0,
        "Interest Income": 236000.0,
        "Normalized Income": 5199000.0,
        "Net Income From Continuing And Discontinued Operation": 5199000.0,
        "Total Expenses": 38185000.0,
        "Total Operating Income As Reported": 7502000.0,
        "Diluted Average Shares": 4130000.0,
        "Basic Average Shares": 4089000.0,
        "Diluted EPS": 1.26,
        "Basic EPS": 1.27,
        "Diluted NI Availto Com Stockholders": 5199000.0,
        "Net Income Common Stockholders": 5199000.0,
        "Net Income": 5199000.0,
        "Net Income Including Noncontrolling Interests": 5199000.0,
        "Net Income Continuous Operations": 5199000.0,
        "Tax Provision": 1822000.0,
        "Pretax Income": 7021000.0,
        "Other Income Expense": 22000.0,
        "Other Non Operating Income Expenses": 22000.0,
        "Special Income Charges": 0.0,
        "Other Special Charges": NaN,
        "Net Non Operating Interest Income Expense": -503000.0,
        "Total Other Finance Cost": 17000.0,
        "Interest Expense Non Operating": 722000.0,
        "Interest Income Non Operating": 236000.0,
        "Operating Income": 7502000.0,
        "Operating Expense": 4375000.0,
        "Depreciation Amortization Depletion Income Statement": 236000.0,
        "Depreciation And Amortization In Income Statement": 236000.0,
        "Selling General And Administration": 4139000.0,
        "Selling And Marketing Expense": 687000.0,
        "General And Administrative Expense": 3452000.0,
        "Other Gand A": 3452000.0,
        "Gross Profit": 11877000.0,
        "Cost Of Revenue": 33810000.0,
        "Total Revenue": 45687000.0,
        "Operating Revenue": 45687000.0
    }
}