{
    "2023-06-30": {
        "Tax Effect Of Unusual Items": 0.0,
        "Tax Rate For Calcs": 0.059208,
        "Normalized EBITDA": 64212000.0,
        "Total Unusual Items": 721000.0,
        "Total Unusual Items Excluding Goodwill": 721000.0,
        "Net Income From Continuing Operation Net Minority Interest": 30492000.0,
        "Reconciled Depreciation": 23301000.0,
        "Reconciled Cost Of Revenue": 118487000.0,
        "EBITDA": 64212000.0,
        "EBIT": 40911000.0,
        "Net Interest Income": -9315000.0,
        "Interest Expense": 9741000.0,
        "Interest Income": 426000.0,
        "Normalized Income": 30492000.0,
        "Net Income From Continuing And Discontinued Operation": 30492000.0,
        "Total Expenses": 375893000.0,
        "Total Operating Income As Reported": 40911000.0,
        "Diluted Average Shares": 134171000.0,
        "Basic Average Shares": 132369000.0,
        "Diluted EPS": 0.23,
        "Basic EPS": 0.23,
        "Diluted NI Availto Com Stockholders": 30492000.0,
        "Net Income Common Stockholders": 30492000.0,
        "Net Income": 30492000.0,
        "Net Income Including Noncontrolling Interests": 30492000.0,
        "Net Income Continuous Operations": 30492000.0,
        "Tax Provision": 1919000.0,
        "Pretax Income": 32411000.0,
        "Other Income Expense": -8500000.0,
        "Other Non Operating Income Expenses": -8500000.0,
        "Special Income Charges": NaN,
        "Gain On Sale Of Ppe": NaN,
        "Earnings From Equity Interest": 819000.0,
        "Gain On Sale Of Security": 721000.0,
        "Net Non Operating Interest Income Expense": -9315000.0,
        "Interest Expense Non Operating": 9741000.0,
        "Interest Income Non Operating": 426000.0,
        "Operating Income": 40911000.0,
        "Operating Expense": 257406000.0,
        "Research And Development": 83801000.0,
        "Selling General And Administration": 173605000.0,
        "Selling And Marketing Expense": 123101000.0,
        "General And Administrative Expense": 50504000.0,
        "Other Gand A": 50504000.0,
        "Gross Profit": 298317000.0,
        "Cost Of Revenue": 118487000.0,
        "Total Revenue": 416804000.0,
        "Operating Revenue": 416804000.0
    },
    "2023-03-31": {
        "Tax Effect Of Unusual Items": 0.0,
        "Tax Rate For Calcs": 0.129413,
        "Normalized EBITDA": 79165000.0,
        "Total Unusual Items": -302000.0,
        "Total Unusual Items Excluding Goodwill": -302000.0,
        "Net Income From Continuing Operation Net Minority Interest": 46929000.0,
        "Reconciled Depreciation": 22240000.0,
        "Reconciled Cost Of Revenue": 132707000.0,
        "EBITDA": 79165000.0,
        "EBIT": 56925000.0,
        "Net Interest Income": -8022000.0,
        "Interest Expense": 8348000.0,
        "Interest Income": 326000.0,
        "Normalized Income": 46929000.0,
        "Net Income From Continuing And Discontinued Operation": 46929000.0,
        "Total Expenses": 379900000.0,
        "Total Operating Income As Reported": 56925000.0,
        "Diluted Average Shares": 133210000.0,
        "Basic Average Shares": 131326000.0,
        "Diluted EPS": 0.35,
        "Basic EPS": 0.36,
        "Diluted NI Availto Com Stockholders": 46929000.0,
        "Net Income Common Stockholders": 46929000.0,
        "Net Income": 46929000.0,
        "Net Income Including Noncontrolling Interests": 46929000.0,
        "Net Income Continuous Operations": 46929000.0,
        "Tax Provision": 6976000.0,
        "Pretax Income": 53905000.0,
        "Other Income Expense": -3020000.0,
        "Other Non Operating Income Expenses": -3020000.0,
        "Special Income Charges": NaN,
        "Gain On Sale Of Ppe": NaN,
        "Earnings From Equity Interest": 4800000.0,
        "Gain On Sale Of Security": -302000.0,
        "Net Non Operating Interest Income Expense": -8022000.0,
        "Interest Expense Non Operating": 8348000.0,
        "Interest Income Non Operating": 326000.0,
        "Operating Income": 56925000.0,
        "Operating Expense": 247193000.0,
        "Research And Development": 86637000.0,
        "Selling General And Administration": 160556000.0,
        "Selling And Marketing Expense": 117342000.0,
        "General And Administrative Expense": 43214000.0,
        "Other Gand A": 43214000.0,
        "Gross Profit": 304118000.0,
        "Cost Of Revenue": 132707000.0,
        "Total Revenue": 436825000.0,
        "Operating Revenue": 436825000.0
    },
    "2022-12-31": {
        "Tax Effect Of Unusual Items": 0.0,
        "Tax Rate For Calcs": 0.178302,
        "Normalized EBITDA": 82210000.0,
        "Total Unusual Items": 0.0,
        "Total Unusual Items Excluding Goodwill": 0.0,
        "Net Income From Continuing Operation Net Minority Interest": 40066000.0,
        "Reconciled Depreciation": 21879000.0,
        "Reconciled Cost Of Revenue": 144321000.0,
        "EBITDA": 82210000.0,
        "EBIT": 60331000.0,
        "Net Interest Income": -7701000.0,
        "Interest Expense": 7948000.0,
        "Interest Income": 247000.0,
        "Normalized Income": 40066000.0,
        "Net Income From Continuing And Discontinued Operation": 40066000.0,
        "Total Expenses": 387945000.0,
        "Total Operating Income As Reported": 60331000.0,
        "Diluted Average Shares": 131129000.0,
        "Basic Average Shares": 130832000.0,
        "Diluted EPS": 0.3,
        "Basic EPS": 0.31,
        "Diluted NI Availto Com Stockholders": 40066000.0,
        "Net Income Common Stockholders": 40066000.0,
        "Net Income": 40066000.0,
        "Net Income Including Noncontrolling Interests": 40066000.0,
        "Net Income Continuous Operations": 40066000.0,
        "Tax Provision": 8694000.0,
        "Pretax Income": 48760000.0,
        "Other Income Expense": -11571000.0,
        "Other Non Operating Income Expenses": -11571000.0,
        "Special Income Charges": 0.0,
        "Gain On Sale Of Ppe": 0.0,
        "Earnings From Equity Interest": -646000.0,
        "Gain On Sale Of Security": -4610000.0,
        "Net Non Operating Interest Income Expense": -7701000.0,
        "Interest Expense Non Operating": 7948000.0,
        "Interest Income Non Operating": 247000.0,
        "Operating Income": 60331000.0,
        "Operating Expense": 243624000.0,
        "Research And Development": 81100000.0,
        "Selling General And Administration": 162524000.0,
        "Selling And Marketing Expense": 118252000.0,
        "General And Administrative Expense": 44272000.0,
        "Other Gand A": 44272000.0,
        "Gross Profit": 303955000.0,
        "Cost Of Revenue": 144321000.0,
        "Total Revenue": 448276000.0,
        "Operating Revenue": 448276000.0
    },
    "2022-09-30": {
        "Tax Effect Of Unusual Items": 5976317.840681,
        "Tax Rate For Calcs": 0.177676,
        "Normalized EBITDA": 36247000.0,
        "Total Unusual Items": 33636000.0,
        "Total Unusual Items Excluding Goodwill": 33636000.0,
        "Net Income From Continuing Operation Net Minority Interest": 61907000.0,
        "Reconciled Depreciation": 23086000.0,
        "Reconciled Cost Of Revenue": 143702000.0,
        "EBITDA": 69883000.0,
        "EBIT": 46797000.0,
        "Net Interest Income": -4748000.0,
        "Interest Expense": 4851000.0,
        "Interest Income": 103000.0,
        "Normalized Income": 34247317.840681,
        "Net Income From Continuing And Discontinued Operation": 61907000.0,
        "Total Expenses": 381131000.0,
        "Total Operating Income As Reported": 80433000.0,
        "Diluted Average Shares": 132581000.0,
        "Basic Average Shares": 132044000.0,
        "Diluted EPS": 0.47,
        "Basic EPS": 0.47,
        "Diluted NI Availto Com Stockholders": 61907000.0,
        "Net Income Common Stockholders": 61907000.0,
        "Net Income": 61907000.0,
        "Net Income Including Noncontrolling Interests": 61907000.0,
        "Net Income Continuous Operations": 61907000.0,
        "Tax Provision": 13376000.0,
        "Pretax Income": 75283000.0,
        "Other Income Expense": 28486000.0,
        "Other Non Operating Income Expenses": -5150000.0,
        "Special Income Charges": 33636000.0,
        "Gain On Sale Of Ppe": 33636000.0,
        "Earnings From Equity Interest": 353000.0,
        "Gain On Sale Of Security": -3625000.0,
        "Net Non Operating Interest Income Expense": -4748000.0,
        "Interest Expense Non Operating": 4851000.0,
        "Interest Income Non Operating": 103000.0,
        "Operating Income": 46797000.0,
        "Operating Expense": 237429000.0,
        "Research And Development": 82861000.0,
        "Selling General And Administration": 154568000.0,
        "Selling And Marketing Expense": 119951000.0,
        "General And Administrative Expense": 34617000.0,
        "Other Gand A": 34617000.0,
        "Gross Profit": 284226000.0,
        "Cost Of Revenue": 143702000.0,
        "Total Revenue": 427928000.0,
        "Operating Revenue": 427928000.0
    },
    "2022-06-30": {
        "Tax Effect Of Unusual Items": 0.0,
        "Tax Rate For Calcs": 0.279898,
        "Normalized EBITDA": 20772000.0,
        "Total Unusual Items": -769000.0,
        "Total Unusual Items Excluding Goodwill": -769000.0,
        "Net Income From Continuing Operation Net Minority Interest": 12434000.0,
        "Reconciled Depreciation": 24176000.0,
        "Reconciled Cost Of Revenue": 127474000.0,
        "EBITDA": 20772000.0,
        "EBIT": 20772000.0,
        "Net Interest Income": -2442000.0,
        "Interest Expense": 2500000.0,
        "Interest Income": 58000.0,
        "Normalized Income": 12434000.0,
        "Net Income From Continuing And Discontinued Operation": 12434000.0,
        "Total Expenses": 374743000.0,
        "Total Operating Income As Reported": 20772000.0,
        "Diluted Average Shares": 132708000.0,
        "Basic Average Shares": 131973000.0,
        "Diluted EPS": 0.09,
        "Basic EPS": 0.09,
        "Diluted NI Availto Com Stockholders": 12434000.0,
        "Net Income Common Stockholders": 12434000.0,
        "Net Income": 12434000.0,
        "Net Income Including Noncontrolling Interests": 12434000.0,
        "Net Income Continuous Operations": 12434000.0,
        "Tax Provision": 4833000.0,
        "Pretax Income": 17267000.0,
        "Other Income Expense": -3505000.0,
        "Other Non Operating Income Expenses": -3505000.0,
        "Special Income Charges": NaN,
        "Gain On Sale Of Ppe": NaN,
        "Earnings From Equity Interest": -471000.0,
        "Gain On Sale Of Security": -769000.0,
        "Net Non Operating Interest Income Expense": -2442000.0,
        "Interest Expense Non Operating": 2500000.0,
        "Interest Income Non Operating": 58000.0,
        "Operating Income": 20772000.0,
        "Operating Expense": 247269000.0,
        "Research And Development": 85589000.0,
        "Selling General And Administration": 161680000.0,
        "Selling And Marketing Expense": 124908000.0,
        "General And Administrative Expense": 36772000.0,
        "Other Gand A": 36772000.0,
        "Gross Profit": 268041000.0,
        "Cost Of Revenue": 127474000.0,
        "Total Revenue": 395515000.0,
        "Operating Revenue": 395515000.0
    },
    "2022-03-31": {
        "Diluted EPS": 0.19,
        "Total Revenue": 385,
        "Gross Profit": 266,
        "Operating Income": 31,
        "EBIT": 52,
        "Net Income": 25
    },
    "2021-12-31": {
        "Diluted EPS": 0.31,
        "Total Revenue": 421,
        "Gross Profit": 297,
        "Operating Income": 50,
        "EBIT": 76,
        "Net Income": 40
    },
    "2021-09-30": {
        "Diluted EPS": 0.2,
        "Total Revenue": 367,
        "Gross Profit": 264,
        "Operating Income": 34,
        "EBIT": 58,
        "Net Income": 27
    },
    "2021-06-30": {
        "Diluted EPS": 0.13,
        "Total Revenue": 347,
        "Gross Profit": 247,
        "Operating Income": 25,
        "EBIT": 51,
        "Net Income": 17
    },
    "2021-03-31": {
        "Diluted EPS": 0.03,
        "Total Revenue": 335,
        "Gross Profit": 240,
        "Operating Income": 10,
        "EBIT": 33,
        "Net Income": 4
    },
    "2020-12-31": {
        "Diluted EPS": 0.04,
        "Total Revenue": 368,
        "Gross Profit": 259,
        "Operating Income": 13,
        "EBIT": 39,
        "Net Income": 5
    },
    "2020-09-30": {
        "Diluted EPS": -0.04,
        "Total Revenue": 308,
        "Gross Profit": 216,
        "Operating Income": -2,
        "EBIT": 21,
        "Net Income": -5
    },
    "2020-06-30": {
        "Diluted EPS": 0.08,
        "Total Revenue": 301,
        "Gross Profit": 215,
        "Operating Income": 16,
        "EBIT": 35,
        "Net Income": 11
    },
    "2020-03-31": {
        "Diluted EPS": 1.01,
        "Total Revenue": 309,
        "Gross Profit": 226,
        "Operating Income": 172,
        "EBIT": 191,
        "Net Income": 133
    },
    "2019-12-31": {
        "Diluted EPS": 0.44,
        "Total Revenue": 367,
        "Gross Profit": 276,
        "Operating Income": 54,
        "EBIT": 73,
        "Net Income": 59
    },
    "2019-09-30": {
        "Diluted EPS": 0.39,
        "Total Revenue": 340,
        "Gross Profit": 255,
        "Operating Income": 65,
        "EBIT": 84,
        "Net Income": 52
    },
    "2019-06-30": {
        "Diluted EPS": 0.22,
        "Total Revenue": 334,
        "Gross Profit": 250,
        "Operating Income": 32,
        "EBIT": 50,
        "Net Income": 29
    },
    "2019-03-31": {
        "Diluted EPS": 0.17,
        "Total Revenue": 311,
        "Gross Profit": 235,
        "Operating Income": 23,
        "EBIT": 41,
        "Net Income": 23
    },
    "2018-12-31": {
        "Diluted EPS": 0.43,
        "Total Revenue": 360,
        "Gross Profit": 272,
        "Operating Income": 62,
        "EBIT": 79,
        "Net Income": 57
    },
    "2018-09-30": {
        "Diluted EPS": 0.32,
        "Total Revenue": 346,
        "Gross Profit": 257,
        "Operating Income": 46,
        "EBIT": 65,
        "Net Income": 43
    },
    "2018-06-30": {
        "Diluted EPS": 0.23,
        "Total Revenue": 341,
        "Gross Profit": 259,
        "Operating Income": 37,
        "EBIT": 55,
        "Net Income": 31
    },
    "2018-03-31": {
        "Diluted EPS": 0.18,
        "Total Revenue": 312,
        "Gross Profit": 237,
        "Operating Income": 28,
        "EBIT": 46,
        "Net Income": 24
    },
    "2017-12-31": {
        "Diluted EPS": -0.18,
        "Total Revenue": 350,
        "Gross Profit": 264,
        "Operating Income": 57,
        "EBIT": 75,
        "Net Income": -24
    },
    "2017-09-30": {
        "Diluted EPS": 0.25,
        "Total Revenue": 321,
        "Gross Profit": 237,
        "Operating Income": 38,
        "EBIT": 56,
        "Net Income": 33
    },
    "2017-06-30": {
        "Diluted EPS": 0.19,
        "Total Revenue": 319,
        "Gross Profit": 236,
        "Operating Income": 29,
        "EBIT": 46,
        "Net Income": 25
    },
    "2017-03-31": {
        "Diluted EPS": 0.14,
        "Total Revenue": 300,
        "Gross Profit": 224,
        "Operating Income": 22,
        "EBIT": 41,
        "Net Income": 18
    },
    "2016-12-31": {
        "Diluted EPS": 0.23,
        "Total Revenue": 329,
        "Gross Profit": 246,
        "Operating Income": 49,
        "EBIT": 67,
        "Net Income": 29
    },
    "2016-09-30": {
        "Diluted EPS": 0.19,
        "Total Revenue": 306,
        "Gross Profit": 230,
        "Operating Income": 29,
        "EBIT": 46,
        "Net Income": 24
    },
    "2016-06-30": {
        "Diluted EPS": 0.15,
        "Total Revenue": 306,
        "Gross Profit": 229,
        "Operating Income": 27,
        "EBIT": 46,
        "Net Income": 20
    },
    "2016-03-31": {
        "Diluted EPS": 0.07,
        "Total Revenue": 287,
        "Gross Profit": 211,
        "Operating Income": 14,
        "EBIT": 33,
        "Net Income": 9
    },
    "2015-12-31": {
        "Diluted EPS": 0.25,
        "Total Revenue": 334,
        "Gross Profit": 248,
        "Operating Income": 50,
        "EBIT": 68,
        "Net Income": 32
    },
    "2015-09-30": {
        "Diluted EPS": 0.18,
        "Total Revenue": 300,
        "Gross Profit": 223,
        "Operating Income": 32,
        "EBIT": 51,
        "Net Income": 23
    },
    "2015-06-30": {
        "Diluted EPS": 0.19,
        "Total Revenue": 302,
        "Gross Profit": 225,
        "Operating Income": 35,
        "EBIT": 53,
        "Net Income": 25
    },
    "2015-03-31": {
        "Diluted EPS": 0.12,
        "Total Revenue": 290,
        "Gross Profit": 213,
        "Operating Income": 20,
        "EBIT": 38,
        "Net Income": 15
    },
    "2014-12-31": {
        "Diluted EPS": 0.34,
        "Total Revenue": 333,
        "Gross Profit": 249,
        "Operating Income": 55,
        "EBIT": 74,
        "Net Income": 43
    },
    "2014-09-30": {
        "Diluted EPS": 0.31,
        "Total Revenue": 314,
        "Gross Profit": 233,
        "Operating Income": 34,
        "EBIT": 52,
        "Net Income": 40
    },
    "2014-06-30": {
        "Diluted EPS": 0.19,
        "Total Revenue": 313,
        "Gross Profit": 231,
        "Operating Income": 32,
        "EBIT": 48,
        "Net Income": 25
    },
    "2014-03-31": {
        "Diluted EPS": 0.15,
        "Total Revenue": 285,
        "Gross Profit": 213,
        "Operating Income": 24,
        "EBIT": 41,
        "Net Income": 19
    },
    "2013-12-31": {
        "Diluted EPS": 0.24,
        "Total Revenue": 301,
        "Gross Profit": 225,
        "Operating Income": 40,
        "EBIT": 57,
        "Net Income": 32
    },
    "2013-09-30": {
        "Diluted EPS": 0.13,
        "Total Revenue": 289,
        "Gross Profit": 214,
        "Operating Income": 21,
        "EBIT": 38,
        "Net Income": 16
    },
    "2013-06-30": {
        "Diluted EPS": 0.12,
        "Total Revenue": 296,
        "Gross Profit": 212,
        "Operating Income": 19,
        "EBIT": 36,
        "Net Income": 14
    },
    "2013-03-31": {
        "Diluted EPS": 0.15,
        "Total Revenue": 286,
        "Gross Profit": 216,
        "Operating Income": 19,
        "EBIT": 36,
        "Net Income": 19
    },
    "2012-12-31": {
        "Diluted EPS": 0.16,
        "Total Revenue": 300,
        "Gross Profit": 226,
        "Operating Income": 28,
        "EBIT": 45,
        "Net Income": 21
    },
    "2012-09-30": {
        "Diluted EPS": 0.2,
        "Total Revenue": 290,
        "Gross Profit": 216,
        "Operating Income": 30,
        "EBIT": 44,
        "Net Income": 24
    },
    "2012-06-30": {
        "Diluted EPS": 0.22,
        "Total Revenue": 292,
        "Gross Profit": 221,
        "Operating Income": 35,
        "EBIT": 48,
        "Net Income": 26
    },
    "2012-03-31": {
        "Diluted EPS": 0.15,
        "Total Revenue": 261,
        "Gross Profit": 200,
        "Operating Income": 24,
        "EBIT": 38,
        "Net Income": 19
    },
    "2011-12-31": {
        "Diluted EPS": 0.2,
        "Total Revenue": 278,
        "Gross Profit": 211,
        "Operating Income": 33,
        "EBIT": 47,
        "Net Income": 24
    },
    "2011-09-30": {
        "Diluted EPS": 0.11,
        "Total Revenue": 255,
        "Gross Profit": 190,
        "Operating Income": 11,
        "EBIT": 23,
        "Net Income": 13
    },
    "2011-06-30": {
        "Diluted EPS": 0.22,
        "Total Revenue": 253,
        "Gross Profit": 197,
        "Operating Income": 33,
        "EBIT": 45,
        "Net Income": 27
    },
    "2011-03-31": {
        "Diluted EPS": 0.25,
        "Total Revenue": 238,
        "Gross Profit": 185,
        "Operating Income": 37,
        "EBIT": 47,
        "Net Income": 30
    },
    "2010-12-31": {
        "Diluted EPS": 0.31,
        "Total Revenue": 250,
        "Gross Profit": 194,
        "Operating Income": 47,
        "EBIT": 56,
        "Net Income": 38
    },
    "2010-09-30": {
        "Diluted EPS": 0.24,
        "Total Revenue": 220,
        "Gross Profit": 169,
        "Operating Income": 32,
        "EBIT": 41,
        "Net Income": 28
    },
    "2010-06-30": {
        "Diluted EPS": 0.21,
        "Total Revenue": 212,
        "Gross Profit": 163,
        "Operating Income": 30,
        "EBIT": 40,
        "Net Income": 25
    },
    "2010-03-31": {
        "Diluted EPS": 0.16,
        "Total Revenue": 191,
        "Gross Profit": 148,
        "Operating Income": 20,
        "EBIT": 29,
        "Net Income": 18
    },
    "2009-12-31": {
        "Diluted EPS": 0.02,
        "Total Revenue": 202,
        "Gross Profit": 155,
        "Operating Income": 36,
        "EBIT": 46,
        "Net Income": 2
    },
    "2009-09-30": {
        "Diluted EPS": 0.09,
        "Total Revenue": 165,
        "Gross Profit": 123,
        "Operating Income": 11,
        "EBIT": 20,
        "Net Income": 10
    },
    "2009-06-30": {
        "Diluted EPS": 0.04,
        "Total Revenue": 152,
        "Gross Profit": 112,
        "Operating Income": 2,
        "EBIT": 13,
        "Net Income": 4
    },
    "2009-03-31": {
        "Diluted EPS": 0.0,
        "Total Revenue": 158,
        "Gross Profit": 117,
        "Operating Income": -2,
        "EBIT": 6,
        "Net Income": 0
    }
}