{
    "2023-06-30": {
        "Tax Effect Of Unusual Items": -5625000.0,
        "Tax Rate For Calcs": 0.3125,
        "Total Unusual Items": -18000000.0,
        "Total Unusual Items Excluding Goodwill": -18000000.0,
        "Net Income From Continuing Operation Net Minority Interest": 66000000.0,
        "Net Interest Income": 178000000.0,
        "Interest Expense": 919000000.0,
        "Interest Income": 1097000000.0,
        "Normalized Income": 78375000.0,
        "Net Income From Continuing And Discontinued Operation": 66000000.0,
        "Diluted Average Shares": 125000000.0,
        "Basic Average Shares": 124000000.0,
        "Diluted EPS": 0.52,
        "Basic EPS": 0.53,
        "Diluted NI Availto Com Stockholders": 66000000.0,
        "Net Income Common Stockholders": 66000000.0,
        "Net Income": 66000000.0,
        "Net Income Including Noncontrolling Interests": 66000000.0,
        "Net Income Continuous Operations": 66000000.0,
        "Tax Provision": 30000000.0,
        "Pretax Income": 96000000.0,
        "Special Income Charges": -18000000.0,
        "Impairment Of Capital Assets": 3000000.0,
        "Restructuring And Mergern Acquisition": 15000000.0,
        "Gain On Sale Of Security": 26000000.0,
        "Selling General And Administration": 98000000.0,
        "General And Administrative Expense": 98000000.0,
        "Salaries And Wages": 98000000.0,
        "Total Revenue": 307000000.0,
        "Operating Revenue": 307000000.0,
        "Other Non Interest Expense": 84000000.0
    },
    "2023-03-31": {
        "Tax Effect Of Unusual Items": -1610000.0,
        "Tax Rate For Calcs": 0.23,
        "Total Unusual Items": -7000000.0,
        "Total Unusual Items Excluding Goodwill": -7000000.0,
        "Net Income From Continuing Operation Net Minority Interest": 111000000.0,
        "Net Interest Income": 234000000.0,
        "Interest Expense": 837000000.0,
        "Interest Income": 1071000000.0,
        "Normalized Income": 116390000.0,
        "Net Income From Continuing And Discontinued Operation": 111000000.0,
        "Diluted Average Shares": 130000000.0,
        "Basic Average Shares": 129000000.0,
        "Diluted EPS": 0.86,
        "Basic EPS": 0.87,
        "Diluted NI Availto Com Stockholders": 111000000.0,
        "Net Income Common Stockholders": 111000000.0,
        "Net Income": 111000000.0,
        "Net Income Including Noncontrolling Interests": 111000000.0,
        "Net Income Continuous Operations": 111000000.0,
        "Tax Provision": 33000000.0,
        "Pretax Income": 144000000.0,
        "Special Income Charges": -7000000.0,
        "Impairment Of Capital Assets": 3000000.0,
        "Restructuring And Mergern Acquisition": 4000000.0,
        "Gain On Sale Of Security": -8000000.0,
        "Selling General And Administration": 105000000.0,
        "General And Administrative Expense": 105000000.0,
        "Salaries And Wages": 105000000.0,
        "Total Revenue": 322000000.0,
        "Operating Revenue": 322000000.0,
        "Other Non Interest Expense": 80000000.0
    },
    "2022-12-31": {
        "Tax Effect Of Unusual Items": -1026315.789474,
        "Tax Rate For Calcs": 0.078947,
        "Total Unusual Items": -13000000.0,
        "Total Unusual Items Excluding Goodwill": -13000000.0,
        "Net Income From Continuing Operation Net Minority Interest": 105000000.0,
        "Net Interest Income": 223000000.0,
        "Interest Expense": 801000000.0,
        "Interest Income": 1024000000.0,
        "Normalized Income": 116973684.210526,
        "Net Income From Continuing And Discontinued Operation": 105000000.0,
        "Diluted Average Shares": 134000000.0,
        "Basic Average Shares": 132911392.0,
        "Diluted EPS": 0.78,
        "Basic EPS": 0.79,
        "Diluted NI Availto Com Stockholders": 105000000.0,
        "Net Income Common Stockholders": 105000000.0,
        "Net Income": 105000000.0,
        "Net Income Including Noncontrolling Interests": 105000000.0,
        "Net Income Continuous Operations": 105000000.0,
        "Tax Provision": 9000000.0,
        "Pretax Income": 114000000.0,
        "Special Income Charges": -13000000.0,
        "Impairment Of Capital Assets": 2000000.0,
        "Restructuring And Mergern Acquisition": 11000000.0,
        "Gain On Sale Of Security": 10000000.0,
        "Selling General And Administration": 107000000.0,
        "General And Administrative Expense": 107000000.0,
        "Salaries And Wages": 107000000.0,
        "Total Revenue": 332000000.0,
        "Operating Revenue": 332000000.0
    },
    "2022-09-30": {
        "Tax Effect Of Unusual Items": -7240875.912409,
        "Tax Rate For Calcs": 0.233577,
        "Total Unusual Items": -31000000.0,
        "Total Unusual Items Excluding Goodwill": -31000000.0,
        "Net Income From Continuing Operation Net Minority Interest": 105000000.0,
        "Net Interest Income": 240000000.0,
        "Interest Expense": 641000000.0,
        "Interest Income": 881000000.0,
        "Normalized Income": 128759124.087591,
        "Net Income From Continuing And Discontinued Operation": 105000000.0,
        "Diluted Average Shares": 141000000.0,
        "Basic Average Shares": 139000000.0,
        "Diluted EPS": 0.75,
        "Basic EPS": 0.75,
        "Diluted NI Availto Com Stockholders": 105000000.0,
        "Net Income Common Stockholders": 105000000.0,
        "Net Income": 105000000.0,
        "Net Income Including Noncontrolling Interests": 105000000.0,
        "Net Income Continuous Operations": 105000000.0,
        "Tax Provision": 32000000.0,
        "Pretax Income": 137000000.0,
        "Special Income Charges": -31000000.0,
        "Impairment Of Capital Assets": 10000000.0,
        "Restructuring And Mergern Acquisition": 21000000.0,
        "Gain On Sale Of Security": 40000000.0,
        "Selling General And Administration": 106000000.0,
        "General And Administrative Expense": 106000000.0,
        "Salaries And Wages": 106000000.0,
        "Total Revenue": 390000000.0,
        "Operating Revenue": 390000000.0
    },
    "2022-06-30": {
        "Tax Effect Of Unusual Items": -786885.245902,
        "Tax Rate For Calcs": 0.262295,
        "Total Unusual Items": -3000000.0,
        "Total Unusual Items Excluding Goodwill": -3000000.0,
        "Net Income From Continuing Operation Net Minority Interest": 180000000.0,
        "Net Interest Income": 321000000.0,
        "Interest Expense": 371000000.0,
        "Interest Income": 692000000.0,
        "Normalized Income": 182213114.754098,
        "Net Income From Continuing And Discontinued Operation": 180000000.0,
        "Diluted Average Shares": 147000000.0,
        "Basic Average Shares": 146000000.0,
        "Diluted EPS": 1.22,
        "Basic EPS": 1.23,
        "Diluted NI Availto Com Stockholders": 180000000.0,
        "Net Income Common Stockholders": 180000000.0,
        "Net Income": 180000000.0,
        "Net Income Including Noncontrolling Interests": 180000000.0,
        "Net Income Continuous Operations": 180000000.0,
        "Tax Provision": 64000000.0,
        "Pretax Income": 244000000.0,
        "Special Income Charges": -3000000.0,
        "Impairment Of Capital Assets": 3000000.0,
        "Restructuring And Mergern Acquisition": 0.0,
        "Gain On Sale Of Security": 22000000.0,
        "Selling General And Administration": 110000000.0,
        "General And Administrative Expense": 110000000.0,
        "Salaries And Wages": 110000000.0,
        "Total Revenue": 455000000.0,
        "Operating Revenue": 455000000.0
    },
    "2022-03-31": {
        "Diluted EPS": 1.67,
        "Total Revenue": 849,
        "Gross Profit": 560,
        "Operating Income": 335,
        "EBIT": NaN,
        "Net Income": 255
    },
    "2021-12-31": {
        "Diluted EPS": 0.09,
        "Total Revenue": 801,
        "Gross Profit": 479,
        "Operating Income": 10,
        "EBIT": NaN,
        "Net Income": -11
    },
    "2021-09-30": {
        "Diluted EPS": 1.04,
        "Total Revenue": 820,
        "Gross Profit": 494,
        "Operating Income": 220,
        "EBIT": NaN,
        "Net Income": 173
    },
    "2021-06-30": {
        "Diluted EPS": 1.05,
        "Total Revenue": 837,
        "Gross Profit": 498,
        "Operating Income": 242,
        "EBIT": NaN,
        "Net Income": 185
    },
    "2021-03-31": {
        "Diluted EPS": 2.0,
        "Total Revenue": 996,
        "Gross Profit": 667,
        "Operating Income": 490,
        "EBIT": NaN,
        "Net Income": 370
    },
    "2020-12-31": {
        "Diluted EPS": 0.94,
        "Total Revenue": 899,
        "Gross Profit": 511,
        "Operating Income": 234,
        "EBIT": NaN,
        "Net Income": 186
    },
    "2020-09-30": {
        "Diluted EPS": 1.07,
        "Total Revenue": 938,
        "Gross Profit": 513,
        "Operating Income": 262,
        "EBIT": NaN,
        "Net Income": 207
    },
    "2020-06-30": {
        "Diluted EPS": 0.64,
        "Total Revenue": 952,
        "Gross Profit": 433,
        "Operating Income": 171,
        "EBIT": NaN,
        "Net Income": 125
    },
    "2020-03-31": {
        "Diluted EPS": -0.53,
        "Total Revenue": 939,
        "Gross Profit": 225,
        "Operating Income": -126,
        "EBIT": NaN,
        "Net Income": -106
    },
    "2019-12-31": {
        "Diluted EPS": 0.77,
        "Total Revenue": NaN,
        "Gross Profit": 514,
        "Operating Income": 222,
        "EBIT": NaN,
        "Net Income": 171
    },
    "2019-09-30": {
        "Diluted EPS": 0.63,
        "Total Revenue": NaN,
        "Gross Profit": 508,
        "Operating Income": 187,
        "EBIT": NaN,
        "Net Income": 145
    },
    "2019-06-30": {
        "Diluted EPS": 0.64,
        "Total Revenue": NaN,
        "Gross Profit": 515,
        "Operating Income": 195,
        "EBIT": NaN,
        "Net Income": 153
    },
    "2019-03-31": {
        "Diluted EPS": 0.52,
        "Total Revenue": NaN,
        "Gross Profit": 504,
        "Operating Income": 165,
        "EBIT": NaN,
        "Net Income": 128
    },
    "2018-12-31": {
        "Diluted EPS": 0.28,
        "Total Revenue": NaN,
        "Gross Profit": 457,
        "Operating Income": 109,
        "EBIT": NaN,
        "Net Income": 72
    },
    "2018-09-30": {
        "Diluted EPS": 0.43,
        "Total Revenue": NaN,
        "Gross Profit": 511,
        "Operating Income": 148,
        "EBIT": NaN,
        "Net Income": 114
    },
    "2018-06-30": {
        "Diluted EPS": 0.31,
        "Total Revenue": NaN,
        "Gross Profit": 434,
        "Operating Income": 115,
        "EBIT": NaN,
        "Net Income": 83
    },
    "2018-03-31": {
        "Diluted EPS": 0.47,
        "Total Revenue": NaN,
        "Gross Profit": 540,
        "Operating Income": 169,
        "EBIT": NaN,
        "Net Income": 126
    },
    "2017-12-31": {
        "Diluted EPS": -0.29,
        "Total Revenue": NaN,
        "Gross Profit": 585,
        "Operating Income": 211,
        "EBIT": NaN,
        "Net Income": -84
    },
    "2017-09-30": {
        "Diluted EPS": 0.64,
        "Total Revenue": NaN,
        "Gross Profit": 618,
        "Operating Income": 269,
        "EBIT": NaN,
        "Net Income": 176
    },
    "2017-06-30": {
        "Diluted EPS": 0.39,
        "Total Revenue": NaN,
        "Gross Profit": 513,
        "Operating Income": 172,
        "EBIT": NaN,
        "Net Income": 112
    },
    "2017-03-31": {
        "Diluted EPS": 0.3,
        "Total Revenue": NaN,
        "Gross Profit": 492,
        "Operating Income": 141,
        "EBIT": NaN,
        "Net Income": 88
    },
    "2016-12-31": {
        "Diluted EPS": 0.48,
        "Total Revenue": NaN,
        "Gross Profit": 603,
        "Operating Income": 241,
        "EBIT": NaN,
        "Net Income": 145
    },
    "2016-09-30": {
        "Diluted EPS": 0.73,
        "Total Revenue": NaN,
        "Gross Profit": 723,
        "Operating Income": 377,
        "EBIT": NaN,
        "Net Income": 230
    },
    "2016-06-30": {
        "Diluted EPS": 0.38,
        "Total Revenue": NaN,
        "Gross Profit": 552,
        "Operating Income": 206,
        "EBIT": NaN,
        "Net Income": 125
    },
    "2016-03-31": {
        "Diluted EPS": 0.53,
        "Total Revenue": NaN,
        "Gross Profit": 646,
        "Operating Income": 284,
        "EBIT": NaN,
        "Net Income": 181
    },
    "2015-12-31": {
        "Diluted EPS": 0.76,
        "Total Revenue": NaN,
        "Gross Profit": 807,
        "Operating Income": 432,
        "EBIT": NaN,
        "Net Income": 273
    },
    "2015-09-30": {
        "Diluted EPS": 0.63,
        "Total Revenue": NaN,
        "Gross Profit": 734,
        "Operating Income": 380,
        "EBIT": NaN,
        "Net Income": 237
    },
    "2015-06-30": {
        "Diluted EPS": 0.47,
        "Total Revenue": NaN,
        "Gross Profit": 750,
        "Operating Income": 324,
        "EBIT": NaN,
        "Net Income": 182
    },
    "2015-03-31": {
        "Diluted EPS": 0.72,
        "Total Revenue": NaN,
        "Gross Profit": 832,
        "Operating Income": 476,
        "EBIT": NaN,
        "Net Income": 292
    },
    "2014-12-31": {
        "Diluted EPS": 0.61,
        "Total Revenue": NaN,
        "Gross Profit": 789,
        "Operating Income": 416,
        "EBIT": NaN,
        "Net Income": 253
    },
    "2014-09-30": {
        "Diluted EPS": 0.85,
        "Total Revenue": NaN,
        "Gross Profit": 912,
        "Operating Income": 575,
        "EBIT": NaN,
        "Net Income": 359
    },
    "2014-06-30": {
        "Diluted EPS": 0.71,
        "Total Revenue": NaN,
        "Gross Profit": 937,
        "Operating Income": 559,
        "EBIT": NaN,
        "Net Income": 305
    },
    "2014-03-31": {
        "Diluted EPS": 0.49,
        "Total Revenue": NaN,
        "Gross Profit": 936,
        "Operating Income": 381,
        "EBIT": NaN,
        "Net Income": 214
    },
    "2013-12-31": {
        "Diluted EPS": 0.6,
        "Total Revenue": NaN,
        "Gross Profit": NaN,
        "Operating Income": 693,
        "EBIT": NaN,
        "Net Income": 270
    },
    "2013-09-30": {
        "Diluted EPS": 0.57,
        "Total Revenue": NaN,
        "Gross Profit": 868,
        "Operating Income": 400,
        "EBIT": NaN,
        "Net Income": 255
    },
    "2013-06-30": {
        "Diluted EPS": 1.2,
        "Total Revenue": NaN,
        "Gross Profit": NaN,
        "Operating Income": 826,
        "EBIT": NaN,
        "Net Income": 538
    },
    "2013-03-31": {
        "Diluted EPS": 0.74,
        "Total Revenue": NaN,
        "Gross Profit": NaN,
        "Operating Income": 566,
        "EBIT": NaN,
        "Net Income": 341
    },
    "2012-12-31": {
        "Diluted EPS": 0.0,
        "Total Revenue": NaN,
        "Gross Profit": NaN,
        "Operating Income": NaN,
        "EBIT": NaN,
        "Net Income": NaN
    },
    "2011-12-31": {
        "Diluted EPS": 0.0,
        "Total Revenue": NaN,
        "Gross Profit": NaN,
        "Operating Income": NaN,
        "EBIT": NaN,
        "Net Income": NaN
    },
    "2023-09-30": {
        "Tax Effect Of Unusual Items": NaN,
        "Tax Rate For Calcs": NaN,
        "Total Unusual Items": NaN,
        "Total Unusual Items Excluding Goodwill": NaN,
        "Net Income From Continuing Operation Net Minority Interest": NaN,
        "Net Interest Income": NaN,
        "Interest Expense": NaN,
        "Interest Income": NaN,
        "Normalized Income": NaN,
        "Net Income From Continuing And Discontinued Operation": NaN,
        "Diluted Average Shares": NaN,
        "Basic Average Shares": NaN,
        "Diluted EPS": NaN,
        "Basic EPS": NaN,
        "Diluted NI Availto Com Stockholders": NaN,
        "Net Income Common Stockholders": NaN,
        "Net Income": NaN,
        "Net Income Including Noncontrolling Interests": NaN,
        "Net Income Continuous Operations": NaN,
        "Tax Provision": NaN,
        "Pretax Income": NaN,
        "Special Income Charges": NaN,
        "Gain On Sale Of Business": 0.0,
        "Impairment Of Capital Assets": NaN,
        "Restructuring And Mergern Acquisition": NaN,
        "Gain On Sale Of Security": NaN,
        "Selling General And Administration": NaN,
        "General And Administrative Expense": NaN,
        "Salaries And Wages": NaN,
        "Total Revenue": NaN,
        "Operating Revenue": NaN,
        "Other Non Interest Expense": NaN
    },
    "2023-12-31": {
        "Tax Effect Of Unusual Items": -18888888.888889,
        "Tax Rate For Calcs": 0.222222,
        "Total Unusual Items": -85000000.0,
        "Total Unusual Items Excluding Goodwill": -85000000.0,
        "Net Income From Continuing Operation Net Minority Interest": -28000000.0,
        "Net Interest Income": 160000000.0,
        "Interest Expense": 921000000.0,
        "Interest Income": 1081000000.0,
        "Normalized Income": 38111111.111111,
        "Net Income From Continuing And Discontinued Operation": -28000000.0,
        "Diluted Average Shares": 115000000.0,
        "Basic Average Shares": 112000000.0,
        "Diluted EPS": -0.25,
        "Basic EPS": -0.25,
        "Diluted NI Availto Com Stockholders": -28000000.0,
        "Net Income Common Stockholders": -28000000.0,
        "Net Income": -28000000.0,
        "Net Income Including Noncontrolling Interests": -28000000.0,
        "Net Income Continuous Operations": -28000000.0,
        "Tax Provision": -8000000.0,
        "Pretax Income": -36000000.0,
        "Special Income Charges": -85000000.0,
        "Gain On Sale Of Business": NaN,
        "Impairment Of Capital Assets": 2000000.0,
        "Restructuring And Mergern Acquisition": 2000000.0,
        "Gain On Sale Of Security": -33000000.0,
        "Selling General And Administration": 99000000.0,
        "General And Administrative Expense": 99000000.0,
        "Salaries And Wages": 99000000.0,
        "Total Revenue": 230000000.0,
        "Operating Revenue": 230000000.0,
        "Other Non Interest Expense": 27000000.0
    },
    "2024-03-31": {
        "Tax Effect Of Unusual Items": -681818.181818,
        "Tax Rate For Calcs": 0.170455,
        "Total Unusual Items": -4000000.0,
        "Total Unusual Items Excluding Goodwill": -4000000.0,
        "Net Income From Continuing Operation Net Minority Interest": 73000000.0,
        "Net Interest Income": 152000000.0,
        "Interest Expense": 875000000.0,
        "Interest Income": 1027000000.0,
        "Normalized Income": 76318181.818182,
        "Net Income From Continuing And Discontinued Operation": 73000000.0,
        "Diluted Average Shares": 114000000.0,
        "Basic Average Shares": 113000000.0,
        "Diluted EPS": 0.64,
        "Basic EPS": 0.65,
        "Diluted NI Availto Com Stockholders": 73000000.0,
        "Net Income Common Stockholders": 73000000.0,
        "Net Income": 73000000.0,
        "Net Income Including Noncontrolling Interests": 73000000.0,
        "Net Income Continuous Operations": 73000000.0,
        "Tax Provision": 15000000.0,
        "Pretax Income": 88000000.0,
        "Special Income Charges": -4000000.0,
        "Gain On Sale Of Business": NaN,
        "Impairment Of Capital Assets": 3000000.0,
        "Restructuring And Mergern Acquisition": 1000000.0,
        "Gain On Sale Of Security": 32000000.0,
        "Selling General And Administration": 101000000.0,
        "General And Administrative Expense": 101000000.0,
        "Salaries And Wages": 101000000.0,
        "Total Revenue": 287000000.0,
        "Operating Revenue": 287000000.0,
        "Other Non Interest Expense": 82000000.0
    },
    "2024-06-30": {
        "Tax Effect Of Unusual Items": -4750000.0,
        "Tax Rate For Calcs": 0.25,
        "Total Unusual Items": -19000000.0,
        "Total Unusual Items Excluding Goodwill": -19000000.0,
        "Net Income From Continuing Operation Net Minority Interest": 36000000.0,
        "Net Interest Income": 130000000.0,
        "Interest Expense": 843000000.0,
        "Interest Income": 973000000.0,
        "Normalized Income": 50250000.0,
        "Net Income From Continuing And Discontinued Operation": 36000000.0,
        "Diluted Average Shares": 112500000.0,
        "Basic Average Shares": 112500000.0,
        "Diluted EPS": 0.32,
        "Basic EPS": 0.32,
        "Diluted NI Availto Com Stockholders": 36000000.0,
        "Net Income Common Stockholders": 36000000.0,
        "Net Income": 36000000.0,
        "Net Income Including Noncontrolling Interests": 36000000.0,
        "Net Income Continuous Operations": 36000000.0,
        "Tax Provision": 12000000.0,
        "Pretax Income": 48000000.0,
        "Special Income Charges": -19000000.0,
        "Gain On Sale Of Business": NaN,
        "Impairment Of Capital Assets": 3000000.0,
        "Restructuring And Mergern Acquisition": 16000000.0,
        "Gain On Sale Of Security": 14000000.0,
        "Selling General And Administration": 87000000.0,
        "General And Administrative Expense": 87000000.0,
        "Salaries And Wages": 87000000.0,
        "Total Revenue": 247000000.0,
        "Operating Revenue": 247000000.0,
        "Other Non Interest Expense": 79000000.0
    },
    "2024-09-30": {
        "Tax Effect Of Unusual Items": 12810000.0,
        "Tax Rate For Calcs": 0.21,
        "Total Unusual Items": 61000000.0,
        "Total Unusual Items Excluding Goodwill": 61000000.0,
        "Net Income From Continuing Operation Net Minority Interest": -2000000.0,
        "Net Interest Income": 120000000.0,
        "Interest Expense": 828000000.0,
        "Interest Income": 948000000.0,
        "Normalized Income": -50190000.0,
        "Net Income From Continuing And Discontinued Operation": -2000000.0,
        "Diluted Average Shares": 108000000.0,
        "Basic Average Shares": 100000000.0,
        "Diluted EPS": -0.02,
        "Basic EPS": -0.02,
        "Diluted NI Availto Com Stockholders": -2000000.0,
        "Net Income Common Stockholders": -2000000.0,
        "Net Income": -2000000.0,
        "Net Income Including Noncontrolling Interests": -2000000.0,
        "Net Income Continuous Operations": -2000000.0,
        "Tax Provision": 14000000.0,
        "Pretax Income": 12000000.0,
        "Special Income Charges": 61000000.0,
        "Gain On Sale Of Business": 219000000.0,
        "Impairment Of Capital Assets": 140000000.0,
        "Restructuring And Mergern Acquisition": 18000000.0,
        "Gain On Sale Of Security": -36000000.0,
        "Selling General And Administration": 72000000.0,
        "General And Administrative Expense": 72000000.0,
        "Salaries And Wages": 72000000.0,
        "Total Revenue": 177000000.0,
        "Operating Revenue": 177000000.0,
        "Other Non Interest Expense": 112000000.0
    },
    "2024-12-31": {
        "Tax Effect Of Unusual Items": -2538461.538462,
        "Tax Rate For Calcs": 0.076923,
        "Total Unusual Items": -33000000.0,
        "Total Unusual Items Excluding Goodwill": -33000000.0,
        "Net Income From Continuing Operation Net Minority Interest": 24000000.0,
        "Net Interest Income": 135000000.0,
        "Interest Expense": 726000000.0,
        "Interest Income": 861000000.0,
        "Normalized Income": 54461538.461538,
        "Net Income From Continuing And Discontinued Operation": 24000000.0,
        "Diluted Average Shares": 107000000.0,
        "Basic Average Shares": 104347826.0,
        "Diluted EPS": 0.22,
        "Basic EPS": 0.23,
        "Diluted NI Availto Com Stockholders": 24000000.0,
        "Net Income Common Stockholders": 24000000.0,
        "Net Income": 24000000.0,
        "Net Income Including Noncontrolling Interests": 24000000.0,
        "Net Income Continuous Operations": 24000000.0,
        "Tax Provision": 2000000.0,
        "Pretax Income": 26000000.0,
        "Special Income Charges": -33000000.0,
        "Gain On Sale Of Business": -28000000.0,
        "Impairment Of Capital Assets": 1000000.0,
        "Restructuring And Mergern Acquisition": 4000000.0,
        "Gain On Sale Of Security": 59000000.0,
        "Selling General And Administration": 57000000.0,
        "General And Administrative Expense": 57000000.0,
        "Salaries And Wages": 57000000.0,
        "Total Revenue": 251000000.0,
        "Operating Revenue": 251000000.0,
        "Other Non Interest Expense": 90000000.0
    },
    "2025-03-31": {
        "Tax Effect Of Unusual Items": -840000.0,
        "Tax Rate For Calcs": 0.21,
        "Total Unusual Items": -4000000.0,
        "Total Unusual Items Excluding Goodwill": -4000000.0,
        "Net Income From Continuing Operation Net Minority Interest": -2000000.0,
        "Net Interest Income": 130000000.0,
        "Interest Expense": 672000000.0,
        "Interest Income": 802000000.0,
        "Normalized Income": 1160000.0,
        "Net Income From Continuing And Discontinued Operation": -2000000.0,
        "Diluted Average Shares": 102000000.0,
        "Basic Average Shares": 100000000.0,
        "Diluted EPS": -0.02,
        "Basic EPS": -0.02,
        "Diluted NI Availto Com Stockholders": -2000000.0,
        "Net Income Common Stockholders": -2000000.0,
        "Net Income": -2000000.0,
        "Net Income Including Noncontrolling Interests": -2000000.0,
        "Net Income Continuous Operations": -2000000.0,
        "Tax Provision": -3000000.0,
        "Pretax Income": -5000000.0,
        "Special Income Charges": -4000000.0,
        "Gain On Sale Of Business": NaN,
        "Impairment Of Capital Assets": 1000000.0,
        "Restructuring And Mergern Acquisition": 3000000.0,
        "Gain On Sale Of Security": -25000000.0,
        "Selling General And Administration": 49000000.0,
        "General And Administrative Expense": 49000000.0,
        "Salaries And Wages": 49000000.0,
        "Total Revenue": 156000000.0,
        "Operating Revenue": 156000000.0,
        "Other Non Interest Expense": 78000000.0
    },
    "2025-06-30": {
        "Tax Effect Of Unusual Items": -222222.222222,
        "Tax Rate For Calcs": 0.222222,
        "Total Unusual Items": -1000000.0,
        "Total Unusual Items Excluding Goodwill": -1000000.0,
        "Net Income From Continuing Operation Net Minority Interest": 14000000.0,
        "Net Interest Income": 128000000.0,
        "Interest Expense": 650000000.0,
        "Interest Income": 778000000.0,
        "Normalized Income": 14777777.777778,
        "Net Income From Continuing And Discontinued Operation": 14000000.0,
        "Diluted Average Shares": 101000000.0,
        "Basic Average Shares": 100000000.0,
        "Diluted EPS": 0.13,
        "Basic EPS": 0.14,
        "Diluted NI Availto Com Stockholders": 14000000.0,
        "Net Income Common Stockholders": 14000000.0,
        "Net Income": 14000000.0,
        "Net Income Including Noncontrolling Interests": 14000000.0,
        "Net Income Continuous Operations": 14000000.0,
        "Tax Provision": 4000000.0,
        "Pretax Income": 18000000.0,
        "Special Income Charges": -1000000.0,
        "Gain On Sale Of Business": NaN,
        "Impairment Of Capital Assets": 1000000.0,
        "Restructuring And Mergern Acquisition": 0.0,
        "Gain On Sale Of Security": -5000000.0,
        "Selling General And Administration": 35000000.0,
        "General And Administrative Expense": 35000000.0,
        "Salaries And Wages": 35000000.0,
        "Total Revenue": 156000000.0,
        "Operating Revenue": 156000000.0,
        "Other Non Interest Expense": 65000000.0
    }
}