{
    "2023-06-30": {
        "Tax Effect Of Unusual Items": 0.0,
        "Tax Rate For Calcs": 0.204491,
        "Net Income From Continuing Operation Net Minority Interest": 32557000.0,
        "Reconciled Depreciation": 6260000.0,
        "Net Interest Income": 88870000.0,
        "Interest Expense": 31285000.0,
        "Interest Income": 120155000.0,
        "Normalized Income": 32557000.0,
        "Net Income From Continuing And Discontinued Operation": 32557000.0,
        "Diluted Average Shares": 38107326.0,
        "Basic Average Shares": 37957287.0,
        "Diluted EPS": 0.85,
        "Basic EPS": 0.86,
        "Diluted NI Availto Com Stockholders": 32557000.0,
        "Net Income Common Stockholders": 32557000.0,
        "Otherunder Preferred Stock Dividend": NaN,
        "Net Income": 32557000.0,
        "Net Income Including Noncontrolling Interests": 32557000.0,
        "Net Income Continuous Operations": 32557000.0,
        "Tax Provision": 8369000.0,
        "Pretax Income": 40926000.0,
        "Gain On Sale Of Security": 0.0,
        "Depreciation Amortization Depletion Income Statement": 2007000.0,
        "Depreciation And Amortization In Income Statement": 2007000.0,
        "Amortization": 2007000.0,
        "Amortization Of Intangibles Income Statement": 2007000.0,
        "Selling General And Administration": 37874000.0,
        "Selling And Marketing Expense": 1090000.0,
        "General And Administrative Expense": 36784000.0,
        "Insurance And Claims": 1569000.0,
        "Salaries And Wages": 35215000.0,
        "Total Revenue": 102342000.0,
        "Operating Revenue": 102342000.0,
        "Occupancy And Equipment": 9126000.0,
        "Professional Expense And Contract Services Expense": 3146000.0,
        "Other Non Interest Expense": 7563000.0
    },
    "2023-03-31": {
        "Tax Effect Of Unusual Items": NaN,
        "Tax Rate For Calcs": NaN,
        "Net Income From Continuing Operation Net Minority Interest": NaN,
        "Reconciled Depreciation": NaN,
        "Net Interest Income": NaN,
        "Interest Expense": NaN,
        "Interest Income": NaN,
        "Normalized Income": NaN,
        "Net Income From Continuing And Discontinued Operation": NaN,
        "Diluted Average Shares": NaN,
        "Basic Average Shares": NaN,
        "Diluted EPS": NaN,
        "Basic EPS": NaN,
        "Diluted NI Availto Com Stockholders": NaN,
        "Net Income Common Stockholders": NaN,
        "Otherunder Preferred Stock Dividend": 42000.0,
        "Net Income": NaN,
        "Net Income Including Noncontrolling Interests": NaN,
        "Net Income Continuous Operations": NaN,
        "Tax Provision": NaN,
        "Pretax Income": NaN,
        "Gain On Sale Of Security": NaN,
        "Depreciation Amortization Depletion Income Statement": NaN,
        "Depreciation And Amortization In Income Statement": NaN,
        "Amortization": NaN,
        "Amortization Of Intangibles Income Statement": NaN,
        "Selling General And Administration": NaN,
        "Selling And Marketing Expense": NaN,
        "General And Administrative Expense": NaN,
        "Insurance And Claims": NaN,
        "Salaries And Wages": NaN,
        "Total Revenue": NaN,
        "Operating Revenue": NaN,
        "Occupancy And Equipment": NaN,
        "Professional Expense And Contract Services Expense": NaN,
        "Other Non Interest Expense": NaN
    },
    "2022-12-31": {
        "Tax Effect Of Unusual Items": NaN,
        "Tax Rate For Calcs": NaN,
        "Total Unusual Items": 1000.0,
        "Total Unusual Items Excluding Goodwill": 1000.0,
        "Net Income From Continuing Operation Net Minority Interest": NaN,
        "Reconciled Depreciation": NaN,
        "Net Interest Income": NaN,
        "Interest Expense": NaN,
        "Interest Income": NaN,
        "Normalized Income": NaN,
        "Net Income From Continuing And Discontinued Operation": NaN,
        "Diluted Average Shares": NaN,
        "Basic Average Shares": NaN,
        "Diluted EPS": NaN,
        "Basic EPS": NaN,
        "Diluted NI Availto Com Stockholders": NaN,
        "Net Income Common Stockholders": NaN,
        "Otherunder Preferred Stock Dividend": 41000.0,
        "Net Income": NaN,
        "Net Income Including Noncontrolling Interests": NaN,
        "Net Income Continuous Operations": NaN,
        "Tax Provision": NaN,
        "Pretax Income": NaN,
        "Special Income Charges": 0.0,
        "Restructuring And Mergern Acquisition": 0.0,
        "Gain On Sale Of Security": NaN,
        "Depreciation Amortization Depletion Income Statement": NaN,
        "Depreciation And Amortization In Income Statement": NaN,
        "Amortization": NaN,
        "Amortization Of Intangibles Income Statement": NaN,
        "Selling General And Administration": NaN,
        "Selling And Marketing Expense": NaN,
        "General And Administrative Expense": NaN,
        "Insurance And Claims": NaN,
        "Salaries And Wages": NaN,
        "Total Revenue": NaN,
        "Operating Revenue": NaN,
        "Occupancy And Equipment": NaN,
        "Professional Expense And Contract Services Expense": NaN,
        "Other Non Interest Expense": NaN
    },
    "2022-09-30": {
        "Tax Effect Of Unusual Items": NaN,
        "Tax Rate For Calcs": NaN,
        "Total Unusual Items": 379000.0,
        "Total Unusual Items Excluding Goodwill": 379000.0,
        "Net Income From Continuing Operation Net Minority Interest": NaN,
        "Reconciled Depreciation": NaN,
        "Net Interest Income": NaN,
        "Interest Expense": NaN,
        "Interest Income": NaN,
        "Normalized Income": NaN,
        "Net Income From Continuing And Discontinued Operation": NaN,
        "Diluted Average Shares": NaN,
        "Basic Average Shares": NaN,
        "Diluted EPS": NaN,
        "Basic EPS": NaN,
        "Diluted NI Availto Com Stockholders": NaN,
        "Net Income Common Stockholders": NaN,
        "Otherunder Preferred Stock Dividend": 39000.0,
        "Net Income": NaN,
        "Net Income Including Noncontrolling Interests": NaN,
        "Net Income Continuous Operations": NaN,
        "Tax Provision": NaN,
        "Pretax Income": NaN,
        "Special Income Charges": 0.0,
        "Restructuring And Mergern Acquisition": 0.0,
        "Gain On Sale Of Security": NaN,
        "Depreciation Amortization Depletion Income Statement": NaN,
        "Depreciation And Amortization In Income Statement": NaN,
        "Amortization": NaN,
        "Amortization Of Intangibles Income Statement": NaN,
        "Selling General And Administration": NaN,
        "Selling And Marketing Expense": NaN,
        "General And Administrative Expense": NaN,
        "Other Gand A": 2899000.0,
        "Insurance And Claims": NaN,
        "Salaries And Wages": NaN,
        "Total Revenue": NaN,
        "Operating Revenue": NaN
    },
    "2022-06-30": {
        "Tax Effect Of Unusual Items": 0.0,
        "Tax Rate For Calcs": 0.176,
        "Total Unusual Items": 0.0,
        "Total Unusual Items Excluding Goodwill": 0.0,
        "Net Income From Continuing Operation Net Minority Interest": 20362000.0,
        "Reconciled Depreciation": 296000.0,
        "Net Interest Income": 57353000.0,
        "Interest Expense": 2819000.0,
        "Interest Income": 60172000.0,
        "Normalized Income": 20362000.0,
        "Net Income From Continuing And Discontinued Operation": 20362000.0,
        "Diluted Average Shares": 30493265.0,
        "Basic Average Shares": 30225898.0,
        "Diluted EPS": 0.67,
        "Basic EPS": 0.67,
        "Diluted NI Availto Com Stockholders": 20362000.0,
        "Net Income Common Stockholders": 20362000.0,
        "Otherunder Preferred Stock Dividend": 37000.0,
        "Net Income": 20362000.0,
        "Net Income Including Noncontrolling Interests": 20362000.0,
        "Net Income Continuous Operations": 20362000.0,
        "Tax Provision": 5697000.0,
        "Pretax Income": 26059000.0,
        "Other Non Operating Income Expenses": 1336000.0,
        "Special Income Charges": 0.0,
        "Restructuring And Mergern Acquisition": 0.0,
        "Gain On Sale Of Security": 0.0,
        "Depreciation Amortization Depletion Income Statement": 296000.0,
        "Depreciation And Amortization In Income Statement": 296000.0,
        "Amortization": 296000.0,
        "Amortization Of Intangibles Income Statement": 296000.0,
        "Selling General And Administration": 28776000.0,
        "Selling And Marketing Expense": 674000.0,
        "General And Administrative Expense": 28776000.0,
        "Other Gand A": 2453000.0,
        "Insurance And Claims": 486000.0,
        "Salaries And Wages": 28776000.0,
        "Total Revenue": 74110000.0,
        "Operating Revenue": 74110000.0
    },
    "2022-03-31": {
        "Diluted EPS": 0.6,
        "Total Revenue": 69,
        "Gross Profit": 66,
        "Operating Income": 22,
        "EBIT": NaN,
        "Net Income": 18
    },
    "2021-12-31": {
        "Diluted EPS": 0.74,
        "Total Revenue": 76,
        "Gross Profit": 73,
        "Operating Income": 28,
        "EBIT": NaN,
        "Net Income": 23
    },
    "2021-09-30": {
        "Diluted EPS": 0.64,
        "Total Revenue": 79,
        "Gross Profit": 76,
        "Operating Income": 25,
        "EBIT": NaN,
        "Net Income": 20
    },
    "2021-06-30": {
        "Diluted EPS": 0.77,
        "Total Revenue": 74,
        "Gross Profit": 70,
        "Operating Income": 30,
        "EBIT": NaN,
        "Net Income": 24
    },
    "2021-03-31": {
        "Diluted EPS": 0.86,
        "Total Revenue": 83,
        "Gross Profit": 79,
        "Operating Income": 32,
        "EBIT": NaN,
        "Net Income": 27
    },
    "2020-12-31": {
        "Diluted EPS": 0.88,
        "Total Revenue": 87,
        "Gross Profit": 82,
        "Operating Income": 33,
        "EBIT": NaN,
        "Net Income": 27
    },
    "2020-09-30": {
        "Diluted EPS": 0.9,
        "Total Revenue": 97,
        "Gross Profit": 91,
        "Operating Income": 35,
        "EBIT": NaN,
        "Net Income": 28
    },
    "2020-06-30": {
        "Diluted EPS": 0.57,
        "Total Revenue": 93,
        "Gross Profit": 86,
        "Operating Income": 22,
        "EBIT": NaN,
        "Net Income": 18
    },
    "2020-03-31": {
        "Diluted EPS": 0.5,
        "Total Revenue": 82,
        "Gross Profit": 74,
        "Operating Income": 19,
        "EBIT": NaN,
        "Net Income": 16
    },
    "2019-12-31": {
        "Diluted EPS": 0.62,
        "Total Revenue": 80,
        "Gross Profit": 71,
        "Operating Income": 23,
        "EBIT": NaN,
        "Net Income": 20
    },
    "2019-09-30": {
        "Diluted EPS": 0.69,
        "Total Revenue": 86,
        "Gross Profit": 77,
        "Operating Income": 27,
        "EBIT": NaN,
        "Net Income": 22
    },
    "2019-06-30": {
        "Diluted EPS": 0.64,
        "Total Revenue": 83,
        "Gross Profit": 73,
        "Operating Income": 23,
        "EBIT": NaN,
        "Net Income": 20
    },
    "2019-03-31": {
        "Diluted EPS": 0.6,
        "Total Revenue": 76,
        "Gross Profit": 68,
        "Operating Income": 22,
        "EBIT": NaN,
        "Net Income": 19
    },
    "2018-12-31": {
        "Diluted EPS": 0.54,
        "Total Revenue": 73,
        "Gross Profit": 66,
        "Operating Income": 21,
        "EBIT": NaN,
        "Net Income": 17
    },
    "2018-09-30": {
        "Diluted EPS": 0.58,
        "Total Revenue": 74,
        "Gross Profit": 68,
        "Operating Income": 23,
        "EBIT": NaN,
        "Net Income": 18
    },
    "2018-06-30": {
        "Diluted EPS": 0.56,
        "Total Revenue": 74,
        "Gross Profit": 69,
        "Operating Income": 20,
        "EBIT": NaN,
        "Net Income": 18
    },
    "2018-03-31": {
        "Diluted EPS": 0.27,
        "Total Revenue": 71,
        "Gross Profit": 65,
        "Operating Income": 10,
        "EBIT": NaN,
        "Net Income": 8
    },
    "2017-12-31": {
        "Diluted EPS": -0.36,
        "Total Revenue": 51,
        "Gross Profit": 46,
        "Operating Income": 8,
        "EBIT": NaN,
        "Net Income": -10
    },
    "2017-09-30": {
        "Diluted EPS": 0.26,
        "Total Revenue": 52,
        "Gross Profit": 47,
        "Operating Income": 9,
        "EBIT": NaN,
        "Net Income": 7
    },
    "2017-06-30": {
        "Diluted EPS": 0.33,
        "Total Revenue": 53,
        "Gross Profit": 49,
        "Operating Income": 11,
        "EBIT": NaN,
        "Net Income": 9
    },
    "2017-03-31": {
        "Diluted EPS": 0.3,
        "Total Revenue": 47,
        "Gross Profit": 43,
        "Operating Income": 7,
        "EBIT": NaN,
        "Net Income": 8
    },
    "2016-12-31": {
        "Diluted EPS": 0.33,
        "Total Revenue": 50,
        "Gross Profit": 46,
        "Operating Income": 10,
        "EBIT": NaN,
        "Net Income": 10
    },
    "2016-09-30": {
        "Diluted EPS": 0.3,
        "Total Revenue": 52,
        "Gross Profit": 49,
        "Operating Income": 10,
        "EBIT": NaN,
        "Net Income": 8
    },
    "2016-06-30": {
        "Diluted EPS": 0.15,
        "Total Revenue": 49,
        "Gross Profit": 45,
        "Operating Income": 5,
        "EBIT": NaN,
        "Net Income": 5
    },
    "2016-03-31": {
        "Diluted EPS": 0.01,
        "Total Revenue": 49,
        "Gross Profit": 46,
        "Operating Income": 0,
        "EBIT": NaN,
        "Net Income": 0
    },
    "2015-12-31": {
        "Diluted EPS": 0.1,
        "Total Revenue": 59,
        "Gross Profit": 55,
        "Operating Income": 8,
        "EBIT": NaN,
        "Net Income": 3
    },
    "2015-09-30": {
        "Diluted EPS": 0.05,
        "Total Revenue": 46,
        "Gross Profit": 42,
        "Operating Income": 0,
        "EBIT": NaN,
        "Net Income": 2
    },
    "2015-06-30": {
        "Diluted EPS": -0.04,
        "Total Revenue": 45,
        "Gross Profit": 42,
        "Operating Income": -1,
        "EBIT": NaN,
        "Net Income": -1
    },
    "2015-03-31": {
        "Diluted EPS": 0.03,
        "Total Revenue": 43,
        "Gross Profit": 39,
        "Operating Income": 1,
        "EBIT": NaN,
        "Net Income": 1
    },
    "2014-12-31": {
        "Diluted EPS": 0.06,
        "Total Revenue": 41,
        "Gross Profit": 37,
        "Operating Income": 3,
        "EBIT": NaN,
        "Net Income": 2
    },
    "2014-09-30": {
        "Diluted EPS": 0.08,
        "Total Revenue": 47,
        "Gross Profit": 44,
        "Operating Income": 4,
        "EBIT": NaN,
        "Net Income": 3
    },
    "2014-06-30": {
        "Diluted EPS": 0.05,
        "Total Revenue": 48,
        "Gross Profit": 45,
        "Operating Income": 3,
        "EBIT": NaN,
        "Net Income": 2
    },
    "2014-03-31": {
        "Diluted EPS": 0.03,
        "Total Revenue": 47,
        "Gross Profit": 43,
        "Operating Income": 2,
        "EBIT": NaN,
        "Net Income": 1
    },
    "2013-12-31": {
        "Diluted EPS": 0.02,
        "Total Revenue": 50,
        "Gross Profit": 46,
        "Operating Income": -7,
        "EBIT": NaN,
        "Net Income": 1
    },
    "2013-09-30": {
        "Diluted EPS": 0.02,
        "Total Revenue": 53,
        "Gross Profit": 49,
        "Operating Income": 2,
        "EBIT": NaN,
        "Net Income": 1
    },
    "2013-06-30": {
        "Diluted EPS": 0.06,
        "Total Revenue": 56,
        "Gross Profit": 52,
        "Operating Income": 5,
        "EBIT": NaN,
        "Net Income": 3
    },
    "2013-03-31": {
        "Diluted EPS": 0.04,
        "Total Revenue": 57,
        "Gross Profit": 53,
        "Operating Income": 3,
        "EBIT": NaN,
        "Net Income": 2
    },
    "2012-12-31": {
        "Diluted EPS": 0.06,
        "Total Revenue": 64,
        "Gross Profit": 59,
        "Operating Income": 5,
        "EBIT": NaN,
        "Net Income": 3
    },
    "2012-09-30": {
        "Diluted EPS": -0.15,
        "Total Revenue": 64,
        "Gross Profit": 58,
        "Operating Income": -8,
        "EBIT": NaN,
        "Net Income": -8
    },
    "2012-06-30": {
        "Diluted EPS": 0.05,
        "Total Revenue": 70,
        "Gross Profit": 62,
        "Operating Income": 4,
        "EBIT": NaN,
        "Net Income": 3
    },
    "2012-03-31": {
        "Diluted EPS": 0.03,
        "Total Revenue": 73,
        "Gross Profit": 64,
        "Operating Income": 4,
        "EBIT": NaN,
        "Net Income": 2
    },
    "2011-12-31": {
        "Diluted EPS": 0.0,
        "Total Revenue": NaN,
        "Gross Profit": NaN,
        "Operating Income": NaN,
        "EBIT": NaN,
        "Net Income": NaN
    },
    "2011-09-30": {
        "Diluted EPS": 0.65,
        "Total Revenue": 115,
        "Gross Profit": 105,
        "Operating Income": 58,
        "EBIT": NaN,
        "Net Income": 34
    },
    "2010-12-31": {
        "Diluted EPS": 0.0,
        "Total Revenue": NaN,
        "Gross Profit": NaN,
        "Operating Income": NaN,
        "EBIT": NaN,
        "Net Income": NaN
    },
    "2023-09-30": {
        "Tax Effect Of Unusual Items": NaN,
        "Tax Rate For Calcs": NaN,
        "Net Income From Continuing Operation Net Minority Interest": NaN,
        "Reconciled Depreciation": NaN,
        "Net Interest Income": NaN,
        "Interest Expense": NaN,
        "Interest Income": NaN,
        "Normalized Income": NaN,
        "Net Income From Continuing And Discontinued Operation": NaN,
        "Diluted Average Shares": NaN,
        "Basic Average Shares": NaN,
        "Diluted EPS": NaN,
        "Basic EPS": NaN,
        "Diluted NI Availto Com Stockholders": NaN,
        "Net Income Common Stockholders": NaN,
        "Otherunder Preferred Stock Dividend": 68000.0,
        "Net Income": NaN,
        "Net Income Including Noncontrolling Interests": NaN,
        "Net Income Continuous Operations": NaN,
        "Tax Provision": NaN,
        "Pretax Income": NaN,
        "Gain On Sale Of Security": NaN,
        "Depreciation Amortization Depletion Income Statement": NaN,
        "Depreciation And Amortization In Income Statement": NaN,
        "Amortization": NaN,
        "Amortization Of Intangibles Income Statement": NaN,
        "Selling General And Administration": NaN,
        "Selling And Marketing Expense": NaN,
        "General And Administrative Expense": NaN,
        "Insurance And Claims": NaN,
        "Salaries And Wages": NaN,
        "Total Revenue": NaN,
        "Operating Revenue": NaN,
        "Occupancy And Equipment": NaN,
        "Professional Expense And Contract Services Expense": NaN,
        "Other Non Interest Expense": NaN
    },
    "2023-12-31": {
        "Tax Effect Of Unusual Items": 0.0,
        "Tax Rate For Calcs": 0.14856,
        "Net Income From Continuing Operation Net Minority Interest": 33121000.0,
        "Reconciled Depreciation": 6341000.0,
        "Net Interest Income": 88761000.0,
        "Interest Expense": 45202000.0,
        "Interest Income": 133963000.0,
        "Normalized Income": 33121000.0,
        "Net Income From Continuing And Discontinued Operation": 33121000.0,
        "Diluted Average Shares": 38162538.0,
        "Basic Average Shares": 38013791.0,
        "Diluted EPS": 0.87,
        "Basic EPS": 0.87,
        "Diluted NI Availto Com Stockholders": 32878000.0,
        "Net Income Common Stockholders": 32878000.0,
        "Otherunder Preferred Stock Dividend": NaN,
        "Net Income": 33121000.0,
        "Net Income Including Noncontrolling Interests": 33121000.0,
        "Net Income Continuous Operations": 33121000.0,
        "Tax Provision": 5779000.0,
        "Pretax Income": 38900000.0,
        "Gain On Sale Of Security": 0.0,
        "Depreciation Amortization Depletion Income Statement": 2008000.0,
        "Depreciation And Amortization In Income Statement": 2008000.0,
        "Amortization": 2008000.0,
        "Amortization Of Intangibles Income Statement": 2008000.0,
        "Selling General And Administration": 37050000.0,
        "Selling And Marketing Expense": 1005000.0,
        "General And Administrative Expense": 36045000.0,
        "Insurance And Claims": 1575000.0,
        "Salaries And Wages": 34470000.0,
        "Total Revenue": 104056000.0,
        "Operating Revenue": 104056000.0,
        "Occupancy And Equipment": 10186000.0,
        "Professional Expense And Contract Services Expense": 2513000.0,
        "Other Non Interest Expense": 8829000.0
    },
    "2024-03-31": {
        "Tax Effect Of Unusual Items": 0.0,
        "Tax Rate For Calcs": 0.192826,
        "Net Income From Continuing Operation Net Minority Interest": 31391000.0,
        "Reconciled Depreciation": 6021000.0,
        "Net Interest Income": 83413000.0,
        "Interest Expense": 47703000.0,
        "Interest Income": 131116000.0,
        "Normalized Income": 31391000.0,
        "Net Income From Continuing And Discontinued Operation": 31391000.0,
        "Diluted Average Shares": 38188480.0,
        "Basic Average Shares": 38031358.0,
        "Diluted EPS": 0.82,
        "Basic EPS": 0.82,
        "Diluted NI Availto Com Stockholders": 31327000.0,
        "Net Income Common Stockholders": 31327000.0,
        "Otherunder Preferred Stock Dividend": 64000.0,
        "Net Income": 31391000.0,
        "Net Income Including Noncontrolling Interests": 31391000.0,
        "Net Income Continuous Operations": 31391000.0,
        "Tax Provision": 7499000.0,
        "Pretax Income": 38890000.0,
        "Gain On Sale Of Security": 0.0,
        "Depreciation Amortization Depletion Income Statement": 2008000.0,
        "Depreciation And Amortization In Income Statement": 2008000.0,
        "Amortization": 2008000.0,
        "Amortization Of Intangibles Income Statement": 2008000.0,
        "Selling General And Administration": 38827000.0,
        "Selling And Marketing Expense": 962000.0,
        "General And Administrative Expense": 37865000.0,
        "Insurance And Claims": 1345000.0,
        "Salaries And Wages": 36520000.0,
        "Total Revenue": 100374000.0,
        "Operating Revenue": 100374000.0,
        "Occupancy And Equipment": 9941000.0,
        "Professional Expense And Contract Services Expense": 1646000.0,
        "Other Non Interest Expense": 9063000.0
    },
    "2024-06-30": {
        "Tax Effect Of Unusual Items": 0.0,
        "Tax Rate For Calcs": 0.177,
        "Net Income From Continuing Operation Net Minority Interest": 26135000.0,
        "Reconciled Depreciation": 6002000.0,
        "Net Interest Income": 83197000.0,
        "Interest Expense": 48873000.0,
        "Interest Income": 132070000.0,
        "Normalized Income": 26135000.0,
        "Net Income From Continuing And Discontinued Operation": 26135000.0,
        "Diluted Average Shares": 38372777.0,
        "Basic Average Shares": 38210869.0,
        "Diluted EPS": 0.68,
        "Basic EPS": 0.68,
        "Diluted NI Availto Com Stockholders": 26135000.0,
        "Net Income Common Stockholders": 26135000.0,
        "Otherunder Preferred Stock Dividend": NaN,
        "Net Income": 26135000.0,
        "Net Income Including Noncontrolling Interests": 26135000.0,
        "Net Income Continuous Operations": 26135000.0,
        "Tax Provision": 5617000.0,
        "Pretax Income": 31752000.0,
        "Gain On Sale Of Security": 0.0,
        "Depreciation Amortization Depletion Income Statement": 1977000.0,
        "Depreciation And Amortization In Income Statement": 1977000.0,
        "Amortization": 1977000.0,
        "Amortization Of Intangibles Income Statement": 1977000.0,
        "Selling General And Administration": 39147000.0,
        "Selling And Marketing Expense": 783000.0,
        "General And Administrative Expense": 38364000.0,
        "Insurance And Claims": 1431000.0,
        "Salaries And Wages": 36933000.0,
        "Total Revenue": 96212000.0,
        "Operating Revenue": 96212000.0,
        "Occupancy And Equipment": 10120000.0,
        "Professional Expense And Contract Services Expense": 1706000.0,
        "Other Non Interest Expense": 8734000.0
    },
    "2024-09-30": {
        "Tax Effect Of Unusual Items": 0.0,
        "Tax Rate For Calcs": 0.17,
        "Net Income From Continuing Operation Net Minority Interest": 33105000.0,
        "Reconciled Depreciation": 5858000.0,
        "Net Interest Income": 87248000.0,
        "Interest Expense": 50350000.0,
        "Interest Income": 137598000.0,
        "Normalized Income": 33105000.0,
        "Net Income From Continuing And Discontinued Operation": 33105000.0,
        "Diluted Average Shares": 38495091.0,
        "Basic Average Shares": 38277042.0,
        "Diluted EPS": 0.86,
        "Basic EPS": 0.86,
        "Diluted NI Availto Com Stockholders": 33016000.0,
        "Net Income Common Stockholders": 33016000.0,
        "Otherunder Preferred Stock Dividend": 89000.0,
        "Net Income": 33105000.0,
        "Net Income Including Noncontrolling Interests": 33105000.0,
        "Net Income Continuous Operations": 33105000.0,
        "Tax Provision": 6775000.0,
        "Pretax Income": 39880000.0,
        "Gain On Sale Of Security": 0.0,
        "Depreciation Amortization Depletion Income Statement": 1977000.0,
        "Depreciation And Amortization In Income Statement": 1977000.0,
        "Amortization": 1977000.0,
        "Amortization Of Intangibles Income Statement": 1977000.0,
        "Selling General And Administration": 39719000.0,
        "Selling And Marketing Expense": 1091000.0,
        "General And Administrative Expense": 38628000.0,
        "Insurance And Claims": 1297000.0,
        "Salaries And Wages": 37331000.0,
        "Total Revenue": 104866000.0,
        "Operating Revenue": 104866000.0,
        "Occupancy And Equipment": 9697000.0,
        "Professional Expense And Contract Services Expense": 2111000.0,
        "Other Non Interest Expense": 9482000.0
    },
    "2024-12-31": {
        "Tax Effect Of Unusual Items": 0.0,
        "Tax Rate For Calcs": 0.188366,
        "Net Income From Continuing Operation Net Minority Interest": 28184000.0,
        "Reconciled Depreciation": 6310000.0,
        "Net Interest Income": 89697000.0,
        "Interest Expense": 45955000.0,
        "Interest Income": 135652000.0,
        "Normalized Income": 28184000.0,
        "Net Income From Continuing And Discontinued Operation": 28184000.0,
        "Diluted Average Shares": 38565164.0,
        "Basic Average Shares": 38327964.0,
        "Diluted EPS": 0.73,
        "Basic EPS": 0.73,
        "Diluted NI Availto Com Stockholders": 28099000.0,
        "Net Income Common Stockholders": 28099000.0,
        "Otherunder Preferred Stock Dividend": 85000.0,
        "Net Income": 28184000.0,
        "Net Income Including Noncontrolling Interests": 28184000.0,
        "Net Income Continuous Operations": 28184000.0,
        "Tax Provision": 6541000.0,
        "Pretax Income": 34725000.0,
        "Gain On Sale Of Security": -6582000.0,
        "Depreciation Amortization Depletion Income Statement": 1977000.0,
        "Depreciation And Amortization In Income Statement": 1977000.0,
        "Amortization": 1977000.0,
        "Amortization Of Intangibles Income Statement": 1977000.0,
        "Selling General And Administration": 37929000.0,
        "Selling And Marketing Expense": 1153000.0,
        "General And Administrative Expense": 36776000.0,
        "Insurance And Claims": 1317000.0,
        "Salaries And Wages": 35459000.0,
        "Total Revenue": 99981000.0,
        "Operating Revenue": 99981000.0,
        "Occupancy And Equipment": 10193000.0,
        "Professional Expense And Contract Services Expense": 1599000.0,
        "Other Non Interest Expense": 11579000.0
    },
    "2025-03-31": {
        "Tax Effect Of Unusual Items": 0.0,
        "Tax Rate For Calcs": 0.188241,
        "Net Income From Continuing Operation Net Minority Interest": 24231000.0,
        "Reconciled Depreciation": 6328000.0,
        "Net Interest Income": 86211000.0,
        "Interest Expense": 43272000.0,
        "Interest Income": 129483000.0,
        "Normalized Income": 24231000.0,
        "Net Income From Continuing And Discontinued Operation": 24231000.0,
        "Diluted Average Shares": 38229869.0,
        "Basic Average Shares": 38068455.0,
        "Diluted EPS": 0.63,
        "Basic EPS": 0.63,
        "Diluted NI Availto Com Stockholders": 24049000.0,
        "Net Income Common Stockholders": 24049000.0,
        "Otherunder Preferred Stock Dividend": 182000.0,
        "Net Income": 24231000.0,
        "Net Income Including Noncontrolling Interests": 24231000.0,
        "Net Income Continuous Operations": 24231000.0,
        "Tax Provision": 5619000.0,
        "Pretax Income": 29850000.0,
        "Gain On Sale Of Security": 0.0,
        "Depreciation Amortization Depletion Income Statement": 1977000.0,
        "Depreciation And Amortization In Income Statement": 1977000.0,
        "Amortization": 1977000.0,
        "Amortization Of Intangibles Income Statement": 1977000.0,
        "Selling General And Administration": 36634000.0,
        "Selling And Marketing Expense": 946000.0,
        "General And Administrative Expense": 35688000.0,
        "Insurance And Claims": 1326000.0,
        "Salaries And Wages": 34362000.0,
        "Total Revenue": 100964000.0,
        "Operating Revenue": 100964000.0,
        "Occupancy And Equipment": 10837000.0,
        "Professional Expense And Contract Services Expense": 1423000.0,
        "Other Non Interest Expense": 10043000.0
    }
}