{
    "2023-03-31": {
        "Tax Effect Of Unusual Items": NaN,
        "Tax Rate For Calcs": NaN,
        "Total Unusual Items": NaN,
        "Total Unusual Items Excluding Goodwill": NaN,
        "Net Income From Continuing Operation Net Minority Interest": NaN,
        "Reconciled Depreciation": NaN,
        "Net Interest Income": NaN,
        "Interest Expense": NaN,
        "Interest Income": NaN,
        "Normalized Income": NaN,
        "Net Income From Continuing And Discontinued Operation": NaN,
        "Diluted Average Shares": 7413812.0,
        "Basic Average Shares": 7352447.0,
        "Diluted EPS": 1.69,
        "Basic EPS": 1.7,
        "Diluted NI Availto Com Stockholders": NaN,
        "Net Income Common Stockholders": NaN,
        "Net Income": NaN,
        "Net Income Including Noncontrolling Interests": NaN,
        "Net Income Continuous Operations": NaN,
        "Tax Provision": NaN,
        "Pretax Income": NaN,
        "Gain On Sale Of Security": NaN,
        "Selling General And Administration": NaN,
        "Selling And Marketing Expense": NaN,
        "General And Administrative Expense": NaN,
        "Insurance And Claims": NaN,
        "Salaries And Wages": NaN,
        "Total Revenue": NaN,
        "Operating Revenue": NaN,
        "Occupancy And Equipment": NaN,
        "Professional Expense And Contract Services Expense": NaN,
        "Other Non Interest Expense": NaN
    },
    "2022-12-31": {
        "Tax Effect Of Unusual Items": NaN,
        "Tax Rate For Calcs": NaN,
        "Total Unusual Items": NaN,
        "Total Unusual Items Excluding Goodwill": NaN,
        "Net Income From Continuing Operation Net Minority Interest": NaN,
        "Reconciled Depreciation": NaN,
        "Net Interest Income": NaN,
        "Interest Expense": NaN,
        "Interest Income": NaN,
        "Normalized Income": NaN,
        "Net Income From Continuing And Discontinued Operation": NaN,
        "Diluted Average Shares": 7323402.0,
        "Basic Average Shares": 7256281.0,
        "Diluted EPS": 1.54,
        "Basic EPS": 1.56,
        "Diluted NI Availto Com Stockholders": NaN,
        "Net Income Common Stockholders": NaN,
        "Net Income": NaN,
        "Net Income Including Noncontrolling Interests": NaN,
        "Net Income Continuous Operations": NaN,
        "Tax Provision": NaN,
        "Pretax Income": NaN,
        "Gain On Sale Of Security": NaN,
        "Selling General And Administration": NaN,
        "Selling And Marketing Expense": NaN,
        "General And Administrative Expense": NaN,
        "Insurance And Claims": NaN,
        "Salaries And Wages": NaN,
        "Total Revenue": NaN,
        "Operating Revenue": NaN,
        "Occupancy And Equipment": NaN,
        "Professional Expense And Contract Services Expense": NaN,
        "Other Non Interest Expense": NaN
    },
    "2022-09-30": {
        "Tax Effect Of Unusual Items": NaN,
        "Tax Rate For Calcs": NaN,
        "Total Unusual Items": NaN,
        "Total Unusual Items Excluding Goodwill": NaN,
        "Net Income From Continuing Operation Net Minority Interest": NaN,
        "Reconciled Depreciation": NaN,
        "Net Interest Income": NaN,
        "Interest Expense": NaN,
        "Interest Income": NaN,
        "Normalized Income": NaN,
        "Net Income From Continuing And Discontinued Operation": NaN,
        "Diluted Average Shares": NaN,
        "Basic Average Shares": NaN,
        "Diluted EPS": NaN,
        "Basic EPS": NaN,
        "Diluted NI Availto Com Stockholders": NaN,
        "Net Income Common Stockholders": NaN,
        "Net Income": NaN,
        "Net Income Including Noncontrolling Interests": NaN,
        "Net Income Continuous Operations": NaN,
        "Tax Provision": NaN,
        "Pretax Income": NaN,
        "Gain On Sale Of Security": NaN,
        "Selling General And Administration": NaN,
        "Selling And Marketing Expense": NaN,
        "General And Administrative Expense": NaN,
        "Other Gand A": 1105000.0,
        "Insurance And Claims": NaN,
        "Salaries And Wages": NaN,
        "Total Revenue": NaN,
        "Operating Revenue": NaN
    },
    "2022-06-30": {
        "Tax Effect Of Unusual Items": 34777.651083,
        "Tax Rate For Calcs": 0.347777,
        "Total Unusual Items": 100000.0,
        "Total Unusual Items Excluding Goodwill": 100000.0,
        "Net Income From Continuing Operation Net Minority Interest": 10296000.0,
        "Reconciled Depreciation": 641000.0,
        "Net Interest Income": 23618000.0,
        "Interest Expense": 1257000.0,
        "Interest Income": 24875000.0,
        "Normalized Income": 10230777.651083,
        "Net Income From Continuing And Discontinued Operation": 10296000.0,
        "Diluted Average Shares": 7615777.0,
        "Basic Average Shares": 7504310.0,
        "Diluted EPS": 1.36,
        "Basic EPS": 1.37,
        "Diluted NI Availto Com Stockholders": 10296000.0,
        "Net Income Common Stockholders": 10296000.0,
        "Net Income": 10296000.0,
        "Net Income Including Noncontrolling Interests": 10296000.0,
        "Net Income Continuous Operations": 10296000.0,
        "Tax Provision": 5490000.0,
        "Pretax Income": 15786000.0,
        "Gain On Sale Of Security": -179000.0,
        "Selling General And Administration": 10434000.0,
        "Selling And Marketing Expense": 222000.0,
        "General And Administrative Expense": 10212000.0,
        "Other Gand A": 1203000.0,
        "Insurance And Claims": 97000.0,
        "Salaries And Wages": 8912000.0,
        "Total Revenue": 27471000.0,
        "Operating Revenue": 27471000.0
    },
    "2019-03-31": {
        "Diluted EPS": 0.52,
        "Total Revenue": 22,
        "Gross Profit": 17,
        "Operating Income": 7,
        "EBIT": NaN,
        "Net Income": 5
    },
    "2018-12-31": {
        "Diluted EPS": 0.56,
        "Total Revenue": 22,
        "Gross Profit": 17,
        "Operating Income": 7,
        "EBIT": NaN,
        "Net Income": 5
    },
    "2018-09-30": {
        "Diluted EPS": 0.49,
        "Total Revenue": 20,
        "Gross Profit": 16,
        "Operating Income": 6,
        "EBIT": NaN,
        "Net Income": 5
    },
    "2018-06-30": {
        "Diluted EPS": 0.48,
        "Total Revenue": 20,
        "Gross Profit": 16,
        "Operating Income": 7,
        "EBIT": NaN,
        "Net Income": 4
    },
    "2018-03-31": {
        "Diluted EPS": 0.43,
        "Total Revenue": 18,
        "Gross Profit": 15,
        "Operating Income": 6,
        "EBIT": NaN,
        "Net Income": 4
    },
    "2017-12-31": {
        "Diluted EPS": 0.36,
        "Total Revenue": 16,
        "Gross Profit": 14,
        "Operating Income": 5,
        "EBIT": NaN,
        "Net Income": 3
    },
    "2017-09-30": {
        "Diluted EPS": 0.5,
        "Total Revenue": 18,
        "Gross Profit": 15,
        "Operating Income": 6,
        "EBIT": NaN,
        "Net Income": 5
    },
    "2017-06-30": {
        "Diluted EPS": 0.45,
        "Total Revenue": 19,
        "Gross Profit": 17,
        "Operating Income": 7,
        "EBIT": NaN,
        "Net Income": 4
    },
    "2017-03-31": {
        "Diluted EPS": 0.39,
        "Total Revenue": 17,
        "Gross Profit": 15,
        "Operating Income": 6,
        "EBIT": NaN,
        "Net Income": 3
    },
    "2016-12-31": {
        "Diluted EPS": 0.35,
        "Total Revenue": 17,
        "Gross Profit": 15,
        "Operating Income": 5,
        "EBIT": NaN,
        "Net Income": 3
    },
    "2016-09-30": {
        "Diluted EPS": 0.19,
        "Total Revenue": 14,
        "Gross Profit": 12,
        "Operating Income": 3,
        "EBIT": NaN,
        "Net Income": 2
    },
    "2016-06-30": {
        "Diluted EPS": 0.23,
        "Total Revenue": 15,
        "Gross Profit": 13,
        "Operating Income": 3,
        "EBIT": NaN,
        "Net Income": 2
    },
    "2016-03-31": {
        "Diluted EPS": 0.19,
        "Total Revenue": 13,
        "Gross Profit": 11,
        "Operating Income": 3,
        "EBIT": NaN,
        "Net Income": 2
    },
    "2015-12-31": {
        "Diluted EPS": 0.18,
        "Total Revenue": 14,
        "Gross Profit": 12,
        "Operating Income": 3,
        "EBIT": NaN,
        "Net Income": 2
    },
    "2015-09-30": {
        "Diluted EPS": 0.2,
        "Total Revenue": 13,
        "Gross Profit": 11,
        "Operating Income": 3,
        "EBIT": NaN,
        "Net Income": 2
    },
    "2015-06-30": {
        "Diluted EPS": 0.22,
        "Total Revenue": 14,
        "Gross Profit": 12,
        "Operating Income": 3,
        "EBIT": NaN,
        "Net Income": 2
    },
    "2015-03-31": {
        "Diluted EPS": 0.18,
        "Total Revenue": 12,
        "Gross Profit": 11,
        "Operating Income": 3,
        "EBIT": NaN,
        "Net Income": 2
    },
    "2014-12-31": {
        "Diluted EPS": 0.16,
        "Total Revenue": 13,
        "Gross Profit": 11,
        "Operating Income": 2,
        "EBIT": NaN,
        "Net Income": 2
    },
    "2014-09-30": {
        "Diluted EPS": 0.16,
        "Total Revenue": 12,
        "Gross Profit": 11,
        "Operating Income": 3,
        "EBIT": NaN,
        "Net Income": 2
    },
    "2014-06-30": {
        "Diluted EPS": 0.06,
        "Total Revenue": 12,
        "Gross Profit": 10,
        "Operating Income": 1,
        "EBIT": NaN,
        "Net Income": 1
    },
    "2014-03-31": {
        "Diluted EPS": 0.04,
        "Total Revenue": 10,
        "Gross Profit": 8,
        "Operating Income": 1,
        "EBIT": NaN,
        "Net Income": 0
    },
    "2013-12-31": {
        "Diluted EPS": 0.13,
        "Total Revenue": 11,
        "Gross Profit": 10,
        "Operating Income": 2,
        "EBIT": NaN,
        "Net Income": 1
    },
    "2013-09-30": {
        "Diluted EPS": 0.03,
        "Total Revenue": 10,
        "Gross Profit": 8,
        "Operating Income": 0,
        "EBIT": NaN,
        "Net Income": 0
    },
    "2013-06-30": {
        "Diluted EPS": 0.02,
        "Total Revenue": 11,
        "Gross Profit": 9,
        "Operating Income": 0,
        "EBIT": NaN,
        "Net Income": 0
    },
    "2013-03-31": {
        "Diluted EPS": 0.16,
        "Total Revenue": 13,
        "Gross Profit": 11,
        "Operating Income": 2,
        "EBIT": NaN,
        "Net Income": 2
    },
    "2012-12-31": {
        "Diluted EPS": 0.12,
        "Total Revenue": 11,
        "Gross Profit": 10,
        "Operating Income": 2,
        "EBIT": NaN,
        "Net Income": 1
    },
    "2012-09-30": {
        "Diluted EPS": 0.09,
        "Total Revenue": 11,
        "Gross Profit": 9,
        "Operating Income": 2,
        "EBIT": NaN,
        "Net Income": 1
    },
    "2012-06-30": {
        "Diluted EPS": 0.18,
        "Total Revenue": 11,
        "Gross Profit": 9,
        "Operating Income": 1,
        "EBIT": NaN,
        "Net Income": 1
    },
    "2012-03-31": {
        "Diluted EPS": 0.02,
        "Total Revenue": 9,
        "Gross Profit": 8,
        "Operating Income": 0,
        "EBIT": NaN,
        "Net Income": 0
    },
    "2011-12-31": {
        "Diluted EPS": 0.09,
        "Total Revenue": 9,
        "Gross Profit": 8,
        "Operating Income": 1,
        "EBIT": NaN,
        "Net Income": 0
    },
    "2011-09-30": {
        "Diluted EPS": 0.12,
        "Total Revenue": 8,
        "Gross Profit": 6,
        "Operating Income": -1,
        "EBIT": NaN,
        "Net Income": 0
    },
    "2011-06-30": {
        "Diluted EPS": 0.13,
        "Total Revenue": 14,
        "Gross Profit": 18,
        "Operating Income": 27,
        "EBIT": NaN,
        "Net Income": 1
    },
    "2011-03-31": {
        "Diluted EPS": 0.02,
        "Total Revenue": 9,
        "Gross Profit": 7,
        "Operating Income": 0,
        "EBIT": NaN,
        "Net Income": 0
    },
    "2010-12-31": {
        "Diluted EPS": 0.33,
        "Total Revenue": 26,
        "Gross Profit": 23,
        "Operating Income": 13,
        "EBIT": NaN,
        "Net Income": 1
    },
    "2010-09-30": {
        "Diluted EPS": 0.38,
        "Total Revenue": 11,
        "Gross Profit": 8,
        "Operating Income": 1,
        "EBIT": NaN,
        "Net Income": 1
    },
    "2010-06-30": {
        "Diluted EPS": -0.01,
        "Total Revenue": 11,
        "Gross Profit": 15,
        "Operating Income": 25,
        "EBIT": NaN,
        "Net Income": 0
    },
    "2010-03-31": {
        "Diluted EPS": 0.2,
        "Total Revenue": 11,
        "Gross Profit": 8,
        "Operating Income": 1,
        "EBIT": NaN,
        "Net Income": 0
    },
    "2009-12-31": {
        "Diluted EPS": 0.25,
        "Total Revenue": 9,
        "Gross Profit": 5,
        "Operating Income": -1,
        "EBIT": NaN,
        "Net Income": 1
    },
    "2009-09-30": {
        "Diluted EPS": 0.19,
        "Total Revenue": 11,
        "Gross Profit": 7,
        "Operating Income": 1,
        "EBIT": NaN,
        "Net Income": 0
    },
    "2009-06-30": {
        "Diluted EPS": 0.06,
        "Total Revenue": 11,
        "Gross Profit": 7,
        "Operating Income": 1,
        "EBIT": NaN,
        "Net Income": 0
    },
    "2009-03-31": {
        "Diluted EPS": 0.14,
        "Total Revenue": 11,
        "Gross Profit": 7,
        "Operating Income": 0,
        "EBIT": NaN,
        "Net Income": 0
    },
    "2023-06-30": {
        "Tax Effect Of Unusual Items": 0.0,
        "Tax Rate For Calcs": 0.345057,
        "Total Unusual Items": 0.0,
        "Total Unusual Items Excluding Goodwill": 0.0,
        "Net Income From Continuing Operation Net Minority Interest": 12085000.0,
        "Reconciled Depreciation": 720000.0,
        "Net Interest Income": 34155000.0,
        "Interest Expense": 23597000.0,
        "Interest Income": 57752000.0,
        "Normalized Income": 12085000.0,
        "Net Income From Continuing And Discontinued Operation": 12085000.0,
        "Diluted Average Shares": NaN,
        "Basic Average Shares": NaN,
        "Diluted EPS": NaN,
        "Basic EPS": NaN,
        "Diluted NI Availto Com Stockholders": 12085000.0,
        "Net Income Common Stockholders": 12085000.0,
        "Net Income": 12085000.0,
        "Net Income Including Noncontrolling Interests": 12085000.0,
        "Net Income Continuous Operations": 12085000.0,
        "Tax Provision": 6367000.0,
        "Pretax Income": 18452000.0,
        "Gain On Sale Of Security": -177000.0,
        "Selling General And Administration": 11451000.0,
        "Selling And Marketing Expense": 339000.0,
        "General And Administrative Expense": 11112000.0,
        "Insurance And Claims": 540000.0,
        "Salaries And Wages": 10572000.0,
        "Total Revenue": 34593000.0,
        "Operating Revenue": 34593000.0,
        "Occupancy And Equipment": 1101000.0,
        "Professional Expense And Contract Services Expense": 623000.0,
        "Other Non Interest Expense": 2547000.0
    },
    "2023-09-30": {
        "Tax Effect Of Unusual Items": NaN,
        "Tax Rate For Calcs": NaN,
        "Total Unusual Items": NaN,
        "Total Unusual Items Excluding Goodwill": NaN,
        "Net Income From Continuing Operation Net Minority Interest": NaN,
        "Reconciled Depreciation": NaN,
        "Net Interest Income": NaN,
        "Interest Expense": NaN,
        "Interest Income": NaN,
        "Normalized Income": NaN,
        "Net Income From Continuing And Discontinued Operation": NaN,
        "Diluted Average Shares": 7554314.0,
        "Basic Average Shares": 7479837.0,
        "Diluted EPS": 2.01,
        "Basic EPS": 2.03,
        "Diluted NI Availto Com Stockholders": NaN,
        "Net Income Common Stockholders": NaN,
        "Net Income": NaN,
        "Net Income Including Noncontrolling Interests": NaN,
        "Net Income Continuous Operations": NaN,
        "Tax Provision": NaN,
        "Pretax Income": NaN,
        "Gain On Sale Of Security": NaN,
        "Selling General And Administration": NaN,
        "Selling And Marketing Expense": NaN,
        "General And Administrative Expense": NaN,
        "Insurance And Claims": NaN,
        "Salaries And Wages": NaN,
        "Total Revenue": NaN,
        "Operating Revenue": NaN,
        "Occupancy And Equipment": NaN,
        "Professional Expense And Contract Services Expense": NaN,
        "Other Non Interest Expense": NaN
    },
    "2023-12-31": {
        "Tax Effect Of Unusual Items": NaN,
        "Tax Rate For Calcs": NaN,
        "Total Unusual Items": NaN,
        "Total Unusual Items Excluding Goodwill": NaN,
        "Net Income From Continuing Operation Net Minority Interest": NaN,
        "Reconciled Depreciation": NaN,
        "Net Interest Income": NaN,
        "Interest Expense": NaN,
        "Interest Income": NaN,
        "Normalized Income": NaN,
        "Net Income From Continuing And Discontinued Operation": NaN,
        "Diluted Average Shares": 7590913.0,
        "Basic Average Shares": 7505109.0,
        "Diluted EPS": 1.85,
        "Basic EPS": 1.87,
        "Diluted NI Availto Com Stockholders": NaN,
        "Net Income Common Stockholders": NaN,
        "Net Income": NaN,
        "Net Income Including Noncontrolling Interests": NaN,
        "Net Income Continuous Operations": NaN,
        "Tax Provision": NaN,
        "Pretax Income": NaN,
        "Gain On Sale Of Security": NaN,
        "Selling General And Administration": NaN,
        "Selling And Marketing Expense": NaN,
        "General And Administrative Expense": NaN,
        "Insurance And Claims": NaN,
        "Salaries And Wages": NaN,
        "Total Revenue": NaN,
        "Operating Revenue": NaN,
        "Occupancy And Equipment": NaN,
        "Professional Expense And Contract Services Expense": NaN,
        "Other Non Interest Expense": NaN
    },
    "2024-03-31": {
        "Tax Effect Of Unusual Items": 0.0,
        "Tax Rate For Calcs": 0.340672,
        "Total Unusual Items": 0.0,
        "Total Unusual Items Excluding Goodwill": 0.0,
        "Net Income From Continuing Operation Net Minority Interest": 13865000.0,
        "Reconciled Depreciation": 802000.0,
        "Net Interest Income": 36512000.0,
        "Interest Expense": 27978000.0,
        "Interest Income": 64490000.0,
        "Normalized Income": 13865000.0,
        "Net Income From Continuing And Discontinued Operation": 13865000.0,
        "Diluted Average Shares": 7595124.0,
        "Basic Average Shares": 7509320.0,
        "Diluted EPS": 1.83,
        "Basic EPS": 1.85,
        "Diluted NI Availto Com Stockholders": 13865000.0,
        "Net Income Common Stockholders": 13865000.0,
        "Net Income": 13865000.0,
        "Net Income Including Noncontrolling Interests": 13865000.0,
        "Net Income Continuous Operations": 13865000.0,
        "Tax Provision": 7164000.0,
        "Pretax Income": 21029000.0,
        "Gain On Sale Of Security": -55000.0,
        "Selling General And Administration": 11313000.0,
        "Selling And Marketing Expense": 256000.0,
        "General And Administrative Expense": 11057000.0,
        "Insurance And Claims": 273000.0,
        "Salaries And Wages": 10784000.0,
        "Total Revenue": 37241000.0,
        "Operating Revenue": 37241000.0,
        "Occupancy And Equipment": 1072000.0,
        "Professional Expense And Contract Services Expense": 503000.0,
        "Other Non Interest Expense": 2728000.0
    },
    "2024-06-30": {
        "Tax Effect Of Unusual Items": -6482.746306,
        "Tax Rate For Calcs": 0.324137,
        "Total Unusual Items": -20000.0,
        "Total Unusual Items Excluding Goodwill": -20000.0,
        "Net Income From Continuing Operation Net Minority Interest": 15140000.0,
        "Reconciled Depreciation": 668000.0,
        "Net Interest Income": 37936000.0,
        "Interest Expense": 28631000.0,
        "Interest Income": 66567000.0,
        "Normalized Income": 15153517.253694,
        "Net Income From Continuing And Discontinued Operation": 15140000.0,
        "Diluted Average Shares": NaN,
        "Basic Average Shares": NaN,
        "Diluted EPS": NaN,
        "Basic EPS": NaN,
        "Diluted NI Availto Com Stockholders": 15140000.0,
        "Net Income Common Stockholders": 15140000.0,
        "Net Income": 15140000.0,
        "Net Income Including Noncontrolling Interests": 15140000.0,
        "Net Income Continuous Operations": 15140000.0,
        "Tax Provision": 7261000.0,
        "Pretax Income": 22401000.0,
        "Gain On Sale Of Security": -21000.0,
        "Selling General And Administration": 11811000.0,
        "Selling And Marketing Expense": 262000.0,
        "General And Administrative Expense": 11549000.0,
        "Insurance And Claims": 345000.0,
        "Salaries And Wages": 11204000.0,
        "Total Revenue": 39175000.0,
        "Operating Revenue": 39175000.0,
        "Occupancy And Equipment": 995000.0,
        "Professional Expense And Contract Services Expense": 581000.0,
        "Other Non Interest Expense": 2840000.0
    },
    "2024-09-30": {
        "Tax Effect Of Unusual Items": 0.0,
        "Tax Rate For Calcs": 0.316,
        "Total Unusual Items": 0.0,
        "Total Unusual Items Excluding Goodwill": 0.0,
        "Net Income From Continuing Operation Net Minority Interest": 17106000.0,
        "Reconciled Depreciation": 788000.0,
        "Net Interest Income": 39000000.0,
        "Interest Expense": 30854000.0,
        "Interest Income": 69854000.0,
        "Normalized Income": 17106000.0,
        "Net Income From Continuing And Discontinued Operation": 17106000.0,
        "Diluted Average Shares": 8108688.0,
        "Basic Average Shares": 7886148.0,
        "Diluted EPS": 2.11,
        "Basic EPS": 2.17,
        "Diluted NI Availto Com Stockholders": 17106000.0,
        "Net Income Common Stockholders": 17106000.0,
        "Net Income": 17106000.0,
        "Net Income Including Noncontrolling Interests": 17106000.0,
        "Net Income Continuous Operations": 17106000.0,
        "Tax Provision": 7906000.0,
        "Pretax Income": 25012000.0,
        "Gain On Sale Of Security": 189000.0,
        "Selling General And Administration": 11650000.0,
        "Selling And Marketing Expense": 136000.0,
        "General And Administrative Expense": 11514000.0,
        "Insurance And Claims": 331000.0,
        "Salaries And Wages": 11183000.0,
        "Total Revenue": 41826000.0,
        "Operating Revenue": 41826000.0,
        "Occupancy And Equipment": 1078000.0,
        "Professional Expense And Contract Services Expense": 753000.0,
        "Other Non Interest Expense": 2911000.0
    },
    "2024-12-31": {
        "Tax Effect Of Unusual Items": 0.0,
        "Tax Rate For Calcs": 0.329,
        "Total Unusual Items": 0.0,
        "Total Unusual Items Excluding Goodwill": 0.0,
        "Net Income From Continuing Operation Net Minority Interest": 22440000.0,
        "Reconciled Depreciation": 787000.0,
        "Net Interest Income": 48490000.0,
        "Interest Expense": 36676000.0,
        "Interest Income": 85166000.0,
        "Normalized Income": 22440000.0,
        "Net Income From Continuing And Discontinued Operation": 22440000.0,
        "Diluted Average Shares": 8197568.0,
        "Basic Average Shares": 8044345.0,
        "Diluted EPS": 2.74,
        "Basic EPS": 2.79,
        "Diluted NI Availto Com Stockholders": 22440000.0,
        "Net Income Common Stockholders": 22440000.0,
        "Net Income": 22440000.0,
        "Net Income Including Noncontrolling Interests": 22440000.0,
        "Net Income Continuous Operations": 22440000.0,
        "Tax Provision": 10989000.0,
        "Pretax Income": 33429000.0,
        "Gain On Sale Of Security": -163000.0,
        "Selling General And Administration": 12337000.0,
        "Selling And Marketing Expense": 94000.0,
        "General And Administrative Expense": 12243000.0,
        "Insurance And Claims": 956000.0,
        "Salaries And Wages": 11287000.0,
        "Total Revenue": 52376000.0,
        "Operating Revenue": 52376000.0,
        "Occupancy And Equipment": 1103000.0,
        "Professional Expense And Contract Services Expense": 562000.0,
        "Other Non Interest Expense": 3001000.0
    },
    "2025-03-31": {
        "Tax Effect Of Unusual Items": 0.0,
        "Tax Rate For Calcs": 0.367153,
        "Total Unusual Items": 0.0,
        "Total Unusual Items Excluding Goodwill": 0.0,
        "Net Income From Continuing Operation Net Minority Interest": 18681000.0,
        "Reconciled Depreciation": 786000.0,
        "Net Interest Income": 45951000.0,
        "Interest Expense": 34875000.0,
        "Interest Income": 80826000.0,
        "Normalized Income": 18681000.0,
        "Net Income From Continuing And Discontinued Operation": 18681000.0,
        "Diluted Average Shares": 8394964.0,
        "Basic Average Shares": 8216746.0,
        "Diluted EPS": 2.23,
        "Basic EPS": 2.27,
        "Diluted NI Availto Com Stockholders": 18681000.0,
        "Net Income Common Stockholders": 18681000.0,
        "Net Income": 18681000.0,
        "Net Income Including Noncontrolling Interests": 18681000.0,
        "Net Income Continuous Operations": 18681000.0,
        "Tax Provision": 10838000.0,
        "Pretax Income": 29519000.0,
        "Gain On Sale Of Security": 79000.0,
        "Selling General And Administration": 13034000.0,
        "Selling And Marketing Expense": 89000.0,
        "General And Administrative Expense": 12945000.0,
        "Insurance And Claims": 468000.0,
        "Salaries And Wages": 12477000.0,
        "Total Revenue": 50300000.0,
        "Operating Revenue": 50300000.0,
        "Occupancy And Equipment": 1275000.0,
        "Professional Expense And Contract Services Expense": 669000.0,
        "Other Non Interest Expense": 2895000.0
    }
}