{
    "2023-06-30": {
        "Tax Effect Of Unusual Items": NaN,
        "Tax Rate For Calcs": NaN,
        "Normalized EBITDA": NaN,
        "Total Unusual Items": NaN,
        "Total Unusual Items Excluding Goodwill": NaN,
        "Net Income From Continuing Operation Net Minority Interest": NaN,
        "Reconciled Depreciation": NaN,
        "Reconciled Cost Of Revenue": NaN,
        "EBITDA": NaN,
        "EBIT": NaN,
        "Net Interest Income": NaN,
        "Interest Expense": NaN,
        "Interest Income": NaN,
        "Normalized Income": NaN,
        "Net Income From Continuing And Discontinued Operation": NaN,
        "Total Expenses": NaN,
        "Diluted Average Shares": NaN,
        "Basic Average Shares": NaN,
        "Diluted EPS": NaN,
        "Basic EPS": NaN,
        "Diluted NI Availto Com Stockholders": NaN,
        "Average Dilution Earnings": 0.0,
        "Net Income Common Stockholders": NaN,
        "Otherunder Preferred Stock Dividend": 7436000.0,
        "Net Income": NaN,
        "Minority Interests": NaN,
        "Net Income Including Noncontrolling Interests": NaN,
        "Net Income Continuous Operations": NaN,
        "Tax Provision": NaN,
        "Pretax Income": NaN,
        "Other Income Expense": NaN,
        "Other Non Operating Income Expenses": NaN,
        "Special Income Charges": NaN,
        "Gain On Sale Of Ppe": NaN,
        "Other Special Charges": NaN,
        "Write Off": NaN,
        "Restructuring And Mergern Acquisition": 620000.0,
        "Gain On Sale Of Security": NaN,
        "Net Non Operating Interest Income Expense": NaN,
        "Interest Expense Non Operating": NaN,
        "Interest Income Non Operating": NaN,
        "Operating Income": NaN,
        "Operating Expense": NaN,
        "Research And Development": NaN,
        "Selling General And Administration": NaN,
        "General And Administrative Expense": NaN,
        "Other Gand A": NaN,
        "Gross Profit": NaN,
        "Cost Of Revenue": NaN,
        "Total Revenue": NaN,
        "Operating Revenue": NaN
    },
    "2023-03-31": {
        "Tax Effect Of Unusual Items": NaN,
        "Tax Rate For Calcs": NaN,
        "Normalized EBITDA": NaN,
        "Total Unusual Items": NaN,
        "Total Unusual Items Excluding Goodwill": NaN,
        "Net Income From Continuing Operation Net Minority Interest": NaN,
        "Reconciled Depreciation": NaN,
        "Reconciled Cost Of Revenue": NaN,
        "EBITDA": NaN,
        "EBIT": NaN,
        "Net Interest Income": NaN,
        "Interest Expense": NaN,
        "Interest Income": NaN,
        "Normalized Income": NaN,
        "Net Income From Continuing And Discontinued Operation": NaN,
        "Total Expenses": NaN,
        "Diluted Average Shares": NaN,
        "Basic Average Shares": NaN,
        "Diluted EPS": NaN,
        "Basic EPS": NaN,
        "Diluted NI Availto Com Stockholders": NaN,
        "Average Dilution Earnings": 433000.0,
        "Net Income Common Stockholders": NaN,
        "Otherunder Preferred Stock Dividend": 9056000.0,
        "Net Income": NaN,
        "Minority Interests": NaN,
        "Net Income Including Noncontrolling Interests": NaN,
        "Net Income Continuous Operations": NaN,
        "Tax Provision": NaN,
        "Pretax Income": NaN,
        "Other Income Expense": NaN,
        "Other Non Operating Income Expenses": NaN,
        "Special Income Charges": NaN,
        "Gain On Sale Of Ppe": NaN,
        "Other Special Charges": NaN,
        "Write Off": NaN,
        "Restructuring And Mergern Acquisition": 7100000.0,
        "Gain On Sale Of Security": NaN,
        "Net Non Operating Interest Income Expense": NaN,
        "Interest Expense Non Operating": NaN,
        "Interest Income Non Operating": NaN,
        "Operating Income": NaN,
        "Operating Expense": NaN,
        "Research And Development": NaN,
        "Selling General And Administration": NaN,
        "General And Administrative Expense": NaN,
        "Other Gand A": NaN,
        "Gross Profit": NaN,
        "Cost Of Revenue": NaN,
        "Total Revenue": NaN,
        "Operating Revenue": NaN
    },
    "2022-12-31": {
        "Tax Effect Of Unusual Items": NaN,
        "Tax Rate For Calcs": NaN,
        "Normalized EBITDA": NaN,
        "Total Unusual Items": NaN,
        "Total Unusual Items Excluding Goodwill": NaN,
        "Net Income From Continuing Operation Net Minority Interest": NaN,
        "Reconciled Depreciation": NaN,
        "Reconciled Cost Of Revenue": NaN,
        "EBITDA": NaN,
        "EBIT": NaN,
        "Net Interest Income": NaN,
        "Interest Expense": NaN,
        "Interest Income": NaN,
        "Normalized Income": NaN,
        "Net Income From Continuing And Discontinued Operation": NaN,
        "Total Expenses": NaN,
        "Diluted Average Shares": NaN,
        "Basic Average Shares": NaN,
        "Diluted EPS": NaN,
        "Basic EPS": NaN,
        "Diluted NI Availto Com Stockholders": NaN,
        "Average Dilution Earnings": NaN,
        "Net Income Common Stockholders": NaN,
        "Otherunder Preferred Stock Dividend": NaN,
        "Net Income": NaN,
        "Minority Interests": NaN,
        "Net Income Including Noncontrolling Interests": NaN,
        "Net Income Discontinuous Operations": 0.0,
        "Net Income Continuous Operations": NaN,
        "Tax Provision": NaN,
        "Pretax Income": NaN,
        "Other Income Expense": NaN,
        "Other Non Operating Income Expenses": NaN,
        "Special Income Charges": NaN,
        "Gain On Sale Of Ppe": NaN,
        "Other Special Charges": NaN,
        "Restructuring And Mergern Acquisition": NaN,
        "Gain On Sale Of Security": NaN,
        "Net Non Operating Interest Income Expense": NaN,
        "Interest Expense Non Operating": NaN,
        "Interest Income Non Operating": NaN,
        "Operating Income": NaN,
        "Operating Expense": NaN,
        "Research And Development": NaN,
        "Selling General And Administration": NaN,
        "General And Administrative Expense": NaN,
        "Other Gand A": NaN,
        "Gross Profit": NaN,
        "Cost Of Revenue": NaN,
        "Total Revenue": NaN,
        "Operating Revenue": NaN
    },
    "2022-09-30": {
        "Tax Effect Of Unusual Items": NaN,
        "Tax Rate For Calcs": NaN,
        "Normalized EBITDA": NaN,
        "Total Unusual Items": NaN,
        "Total Unusual Items Excluding Goodwill": NaN,
        "Net Income From Continuing Operation Net Minority Interest": NaN,
        "Reconciled Depreciation": NaN,
        "Reconciled Cost Of Revenue": NaN,
        "EBITDA": NaN,
        "EBIT": NaN,
        "Net Interest Income": NaN,
        "Interest Expense": NaN,
        "Interest Income": NaN,
        "Normalized Income": NaN,
        "Net Income From Continuing And Discontinued Operation": NaN,
        "Total Expenses": NaN,
        "Diluted Average Shares": NaN,
        "Basic Average Shares": NaN,
        "Diluted EPS": NaN,
        "Basic EPS": NaN,
        "Diluted NI Availto Com Stockholders": NaN,
        "Average Dilution Earnings": NaN,
        "Net Income Common Stockholders": NaN,
        "Otherunder Preferred Stock Dividend": 2601000.0,
        "Net Income": NaN,
        "Minority Interests": NaN,
        "Net Income Including Noncontrolling Interests": NaN,
        "Net Income Discontinuous Operations": 0.0,
        "Net Income Continuous Operations": NaN,
        "Tax Provision": NaN,
        "Pretax Income": NaN,
        "Other Income Expense": NaN,
        "Other Non Operating Income Expenses": NaN,
        "Special Income Charges": NaN,
        "Gain On Sale Of Ppe": NaN,
        "Other Special Charges": NaN,
        "Impairment Of Capital Assets": 0.0,
        "Restructuring And Mergern Acquisition": 0.0,
        "Gain On Sale Of Security": NaN,
        "Net Non Operating Interest Income Expense": NaN,
        "Interest Expense Non Operating": NaN,
        "Interest Income Non Operating": NaN,
        "Operating Income": NaN,
        "Operating Expense": NaN,
        "Research And Development": NaN,
        "Selling General And Administration": NaN,
        "General And Administrative Expense": NaN,
        "Other Gand A": NaN,
        "Gross Profit": NaN,
        "Cost Of Revenue": NaN,
        "Total Revenue": NaN,
        "Operating Revenue": NaN
    },
    "2022-06-30": {
        "Tax Effect Of Unusual Items": 328800.0,
        "Tax Rate For Calcs": 0.4,
        "Normalized EBITDA": -18505000.0,
        "Total Unusual Items": 822000.0,
        "Total Unusual Items Excluding Goodwill": 822000.0,
        "Net Income From Continuing Operation Net Minority Interest": -82917000.0,
        "Reconciled Depreciation": 162014000.0,
        "Reconciled Cost Of Revenue": 565812000.0,
        "EBITDA": -17683000.0,
        "EBIT": -17683000.0,
        "Net Interest Income": -42899000.0,
        "Interest Expense": 42899000.0,
        "Interest Income": 1324000.0,
        "Normalized Income": -83410200.0,
        "Net Income From Continuing And Discontinued Operation": -82917000.0,
        "Total Expenses": 634920000.0,
        "Diluted Average Shares": 9081000.0,
        "Basic Average Shares": 9081000.0,
        "Diluted EPS": -9.41,
        "Basic EPS": -9.41,
        "Diluted NI Availto Com Stockholders": -82917000.0,
        "Average Dilution Earnings": NaN,
        "Net Income Common Stockholders": -82917000.0,
        "Otherunder Preferred Stock Dividend": 2574000.0,
        "Net Income": -82917000.0,
        "Minority Interests": -12982000.0,
        "Net Income Including Noncontrolling Interests": -69935000.0,
        "Net Income Discontinuous Operations": 0.0,
        "Net Income Continuous Operations": -69935000.0,
        "Tax Provision": 9353000.0,
        "Pretax Income": -60582000.0,
        "Other Income Expense": -13706000.0,
        "Other Non Operating Income Expenses": -14528000.0,
        "Special Income Charges": 594000.0,
        "Gain On Sale Of Ppe": 3597000.0,
        "Other Special Charges": 3003000.0,
        "Impairment Of Capital Assets": 0.0,
        "Restructuring And Mergern Acquisition": NaN,
        "Gain On Sale Of Security": 822000.0,
        "Net Non Operating Interest Income Expense": -42899000.0,
        "Interest Expense Non Operating": 42899000.0,
        "Interest Income Non Operating": 1324000.0,
        "Operating Income": -3977000.0,
        "Operating Expense": 69108000.0,
        "Research And Development": 10941000.0,
        "Selling General And Administration": 58167000.0,
        "General And Administrative Expense": 58167000.0,
        "Other Gand A": 58167000.0,
        "Gross Profit": 65131000.0,
        "Cost Of Revenue": 565812000.0,
        "Total Revenue": 630943000.0,
        "Operating Revenue": 630943000.0
    },
    "2022-03-31": {
        "Diluted EPS": -22.51,
        "Total Revenue": 569,
        "Gross Profit": 196,
        "Operating Income": -161,
        "EBIT": 55,
        "Net Income": -184
    },
    "2021-12-31": {
        "Diluted EPS": -14.04,
        "Total Revenue": 544,
        "Gross Profit": 196,
        "Operating Income": -91,
        "EBIT": 127,
        "Net Income": -114
    },
    "2021-09-30": {
        "Diluted EPS": -15.79,
        "Total Revenue": 524,
        "Gross Profit": 188,
        "Operating Income": -113,
        "EBIT": 108,
        "Net Income": -123
    },
    "2021-06-30": {
        "Diluted EPS": -26.59,
        "Total Revenue": 489,
        "Gross Profit": 177,
        "Operating Income": -166,
        "EBIT": 56,
        "Net Income": -196
    },
    "2021-03-31": {
        "Diluted EPS": -20.16,
        "Total Revenue": 462,
        "Gross Profit": 171,
        "Operating Income": -119,
        "EBIT": 107,
        "Net Income": -141
    },
    "2020-12-31": {
        "Diluted EPS": -16.41,
        "Total Revenue": 447,
        "Gross Profit": 172,
        "Operating Income": -65,
        "EBIT": 198,
        "Net Income": -112
    },
    "2020-09-30": {
        "Diluted EPS": -23.42,
        "Total Revenue": 438,
        "Gross Profit": 167,
        "Operating Income": -150,
        "EBIT": 117,
        "Net Income": -161
    },
    "2020-06-30": {
        "Diluted EPS": -22.13,
        "Total Revenue": 536,
        "Gross Profit": 209,
        "Operating Income": -134,
        "EBIT": 137,
        "Net Income": -152
    },
    "2020-03-31": {
        "Diluted EPS": -56.73,
        "Total Revenue": 715,
        "Gross Profit": 253,
        "Operating Income": -357,
        "EBIT": -67,
        "Net Income": -395
    },
    "2019-12-31": {
        "Diluted EPS": -38.7,
        "Total Revenue": 716,
        "Gross Profit": 280,
        "Operating Income": -258,
        "EBIT": 25,
        "Net Income": -267
    },
    "2019-09-30": {
        "Diluted EPS": -18.25,
        "Total Revenue": 757,
        "Gross Profit": 281,
        "Operating Income": -76,
        "EBIT": 204,
        "Net Income": -123
    },
    "2019-06-30": {
        "Diluted EPS": -30.31,
        "Total Revenue": 772,
        "Gross Profit": 275,
        "Operating Income": -181,
        "EBIT": 97,
        "Net Income": -208
    },
    "2019-03-31": {
        "Diluted EPS": -18.13,
        "Total Revenue": 809,
        "Gross Profit": 288,
        "Operating Income": -74,
        "EBIT": 197,
        "Net Income": -122
    },
    "2018-12-31": {
        "Diluted EPS": -28.61,
        "Total Revenue": 777,
        "Gross Profit": 266,
        "Operating Income": -144,
        "EBIT": 147,
        "Net Income": -188
    },
    "2018-09-30": {
        "Diluted EPS": -17.5,
        "Total Revenue": 778,
        "Gross Profit": 281,
        "Operating Income": -83,
        "EBIT": 185,
        "Net Income": -119
    },
    "2018-06-30": {
        "Diluted EPS": -30.5,
        "Total Revenue": 759,
        "Gross Profit": 265,
        "Operating Income": -172,
        "EBIT": 115,
        "Net Income": -202
    },
    "2018-03-31": {
        "Diluted EPS": -23.0,
        "Total Revenue": 735,
        "Gross Profit": 259,
        "Operating Income": -120,
        "EBIT": 163,
        "Net Income": -144
    },
    "2017-12-31": {
        "Diluted EPS": -20.0,
        "Total Revenue": 709,
        "Gross Profit": 238,
        "Operating Income": -138,
        "EBIT": 141,
        "Net Income": -116
    },
    "2017-09-30": {
        "Diluted EPS": -26.0,
        "Total Revenue": 662,
        "Gross Profit": 221,
        "Operating Income": -134,
        "EBIT": 145,
        "Net Income": -149
    },
    "2017-06-30": {
        "Diluted EPS": -23.0,
        "Total Revenue": 630,
        "Gross Profit": 213,
        "Operating Income": -135,
        "EBIT": 135,
        "Net Income": -133
    },
    "2017-03-31": {
        "Diluted EPS": -26.0,
        "Total Revenue": 563,
        "Gross Profit": 176,
        "Operating Income": -173,
        "EBIT": 94,
        "Net Income": -149
    },
    "2016-12-31": {
        "Diluted EPS": -59.5,
        "Total Revenue": 539,
        "Gross Profit": 208,
        "Operating Income": -393,
        "EBIT": -127,
        "Net Income": -336
    },
    "2016-09-30": {
        "Diluted EPS": -19.5,
        "Total Revenue": 520,
        "Gross Profit": 214,
        "Operating Income": -129,
        "EBIT": 141,
        "Net Income": -111
    },
    "2016-06-30": {
        "Diluted EPS": -32.5,
        "Total Revenue": 517,
        "Gross Profit": 176,
        "Operating Income": -228,
        "EBIT": 39,
        "Net Income": -185
    },
    "2016-03-31": {
        "Diluted EPS": -70.5,
        "Total Revenue": 431,
        "Gross Profit": 66,
        "Operating Income": -449,
        "EBIT": -185,
        "Net Income": -398
    },
    "2015-12-31": {
        "Diluted EPS": -28.0,
        "Total Revenue": 694,
        "Gross Profit": 249,
        "Operating Income": -224,
        "EBIT": 61,
        "Net Income": -164
    },
    "2015-09-30": {
        "Diluted EPS": -51.0,
        "Total Revenue": 812,
        "Gross Profit": 294,
        "Operating Income": -332,
        "EBIT": -46,
        "Net Income": -296
    },
    "2015-06-30": {
        "Diluted EPS": -6.5,
        "Total Revenue": 863,
        "Gross Profit": 375,
        "Operating Income": 25,
        "EBIT": 289,
        "Net Income": -37
    },
    "2015-03-31": {
        "Diluted EPS": 21.0,
        "Total Revenue": NaN,
        "Gross Profit": 503,
        "Operating Income": 104,
        "EBIT": 431,
        "Net Income": 124
    },
    "2014-12-31": {
        "Diluted EPS": -150.0,
        "Total Revenue": NaN,
        "Gross Profit": 590,
        "Operating Income": -910,
        "EBIT": -564,
        "Net Income": -891
    },
    "2014-09-30": {
        "Diluted EPS": 17.5,
        "Total Revenue": NaN,
        "Gross Profit": 631,
        "Operating Income": 164,
        "EBIT": 494,
        "Net Income": 106
    },
    "2014-06-30": {
        "Diluted EPS": 10.5,
        "Total Revenue": NaN,
        "Gross Profit": 557,
        "Operating Income": 78,
        "EBIT": 408,
        "Net Income": 64
    },
    "2014-03-31": {
        "Diluted EPS": 8.0,
        "Total Revenue": NaN,
        "Gross Profit": 526,
        "Operating Income": 64,
        "EBIT": 391,
        "Net Income": 50
    },
    "2013-12-31": {
        "Diluted EPS": 25.0,
        "Total Revenue": NaN,
        "Gross Profit": 574,
        "Operating Income": 103,
        "EBIT": 435,
        "Net Income": 151
    },
    "2013-09-30": {
        "Diluted EPS": -17.5,
        "Total Revenue": NaN,
        "Gross Profit": 569,
        "Operating Income": -134,
        "EBIT": 207,
        "Net Income": -105
    },
    "2013-06-30": {
        "Diluted EPS": -0.5,
        "Total Revenue": NaN,
        "Gross Profit": 502,
        "Operating Income": 35,
        "EBIT": 380,
        "Net Income": -4
    },
    "2013-03-31": {
        "Diluted EPS": 16.5,
        "Total Revenue": NaN,
        "Gross Profit": 623,
        "Operating Income": 103,
        "EBIT": 436,
        "Net Income": 99
    },
    "2012-12-31": {
        "Diluted EPS": 4.5,
        "Total Revenue": NaN,
        "Gross Profit": 578,
        "Operating Income": 138,
        "EBIT": 486,
        "Net Income": 28
    },
    "2012-09-30": {
        "Diluted EPS": 13.0,
        "Total Revenue": NaN,
        "Gross Profit": 531,
        "Operating Income": 60,
        "EBIT": 394,
        "Net Income": 76
    },
    "2012-06-30": {
        "Diluted EPS": -12.5,
        "Total Revenue": NaN,
        "Gross Profit": 485,
        "Operating Income": -134,
        "EBIT": 191,
        "Net Income": -73
    },
    "2012-03-31": {
        "Diluted EPS": 23.0,
        "Total Revenue": NaN,
        "Gross Profit": 657,
        "Operating Income": 212,
        "EBIT": 523,
        "Net Income": 134
    },
    "2011-12-31": {
        "Diluted EPS": -16.5,
        "Total Revenue": NaN,
        "Gross Profit": 671,
        "Operating Income": 142,
        "EBIT": 456,
        "Net Income": -101
    },
    "2011-09-30": {
        "Diluted EPS": 12.5,
        "Total Revenue": NaN,
        "Gross Profit": 624,
        "Operating Income": 126,
        "EBIT": 433,
        "Net Income": 74
    },
    "2011-06-30": {
        "Diluted EPS": 32.5,
        "Total Revenue": NaN,
        "Gross Profit": 525,
        "Operating Income": 108,
        "EBIT": 411,
        "Net Income": 192
    },
    "2011-03-31": {
        "Diluted EPS": 14.0,
        "Total Revenue": NaN,
        "Gross Profit": 561,
        "Operating Income": 140,
        "EBIT": 476,
        "Net Income": 83
    },
    "2010-12-31": {
        "Diluted EPS": 9.0,
        "Total Revenue": NaN,
        "Gross Profit": 539,
        "Operating Income": 224,
        "EBIT": 539,
        "Net Income": 50
    },
    "2010-09-30": {
        "Diluted EPS": -7.0,
        "Total Revenue": NaN,
        "Gross Profit": 455,
        "Operating Income": -36,
        "EBIT": 258,
        "Net Income": -40
    },
    "2010-06-30": {
        "Diluted EPS": 7.5,
        "Total Revenue": 907,
        "Gross Profit": 390,
        "Operating Income": 53,
        "EBIT": 322,
        "Net Income": 44
    },
    "2010-03-31": {
        "Diluted EPS": 7.0,
        "Total Revenue": 896,
        "Gross Profit": 391,
        "Operating Income": 52,
        "EBIT": 319,
        "Net Income": 40
    },
    "2009-12-31": {
        "Diluted EPS": -8.0,
        "Total Revenue": 707,
        "Gross Profit": 276,
        "Operating Income": 81,
        "EBIT": 341,
        "Net Income": -47
    },
    "2009-09-30": {
        "Diluted EPS": 5.0,
        "Total Revenue": 804,
        "Gross Profit": 373,
        "Operating Income": 38,
        "EBIT": 305,
        "Net Income": 30
    },
    "2009-06-30": {
        "Diluted EPS": -34.0,
        "Total Revenue": 878,
        "Gross Profit": 424,
        "Operating Income": -208,
        "EBIT": 49,
        "Net Income": -193
    },
    "2009-03-31": {
        "Diluted EPS": 22.0,
        "Total Revenue": NaN,
        "Gross Profit": 477,
        "Operating Income": 157,
        "EBIT": 413,
        "Net Income": 125
    },
    "2023-09-30": {
        "Tax Effect Of Unusual Items": NaN,
        "Tax Rate For Calcs": NaN,
        "Normalized EBITDA": NaN,
        "Total Unusual Items": NaN,
        "Total Unusual Items Excluding Goodwill": NaN,
        "Net Income From Continuing Operation Net Minority Interest": NaN,
        "Reconciled Depreciation": NaN,
        "Reconciled Cost Of Revenue": NaN,
        "EBITDA": NaN,
        "EBIT": NaN,
        "Net Interest Income": NaN,
        "Interest Expense": NaN,
        "Interest Income": NaN,
        "Normalized Income": NaN,
        "Net Income From Continuing And Discontinued Operation": NaN,
        "Total Expenses": NaN,
        "Diluted Average Shares": NaN,
        "Basic Average Shares": NaN,
        "Diluted EPS": NaN,
        "Basic EPS": NaN,
        "Diluted NI Availto Com Stockholders": NaN,
        "Average Dilution Earnings": NaN,
        "Net Income Common Stockholders": NaN,
        "Otherunder Preferred Stock Dividend": NaN,
        "Net Income": NaN,
        "Minority Interests": NaN,
        "Net Income Including Noncontrolling Interests": NaN,
        "Net Income Continuous Operations": NaN,
        "Tax Provision": NaN,
        "Pretax Income": NaN,
        "Other Income Expense": NaN,
        "Other Non Operating Income Expenses": NaN,
        "Special Income Charges": NaN,
        "Gain On Sale Of Ppe": NaN,
        "Other Special Charges": NaN,
        "Write Off": 0.0,
        "Impairment Of Capital Assets": NaN,
        "Restructuring And Mergern Acquisition": 173000.0,
        "Gain On Sale Of Security": NaN,
        "Net Non Operating Interest Income Expense": NaN,
        "Interest Expense Non Operating": NaN,
        "Interest Income Non Operating": NaN,
        "Operating Income": NaN,
        "Operating Expense": NaN,
        "Research And Development": NaN,
        "Selling General And Administration": NaN,
        "General And Administrative Expense": NaN,
        "Other Gand A": NaN,
        "Gross Profit": NaN,
        "Cost Of Revenue": NaN,
        "Total Revenue": NaN,
        "Operating Revenue": NaN
    },
    "2023-12-31": {
        "Tax Effect Of Unusual Items": -9503340.0,
        "Tax Rate For Calcs": 0.21,
        "Normalized EBITDA": 279519000.0,
        "Total Unusual Items": -45254000.0,
        "Total Unusual Items Excluding Goodwill": -45254000.0,
        "Net Income From Continuing Operation Net Minority Interest": -16703000.0,
        "Reconciled Depreciation": 161226000.0,
        "Reconciled Cost Of Revenue": 585997000.0,
        "EBITDA": 234265000.0,
        "EBIT": 73039000.0,
        "Net Interest Income": -34611000.0,
        "Interest Expense": 49938000.0,
        "Interest Income": 15327000.0,
        "Normalized Income": 19047660.0,
        "Net Income From Continuing And Discontinued Operation": -16703000.0,
        "Total Expenses": 656926000.0,
        "Diluted Average Shares": 9133000.0,
        "Basic Average Shares": 9133000.0,
        "Diluted EPS": -2.7,
        "Basic EPS": -2.7,
        "Diluted NI Availto Com Stockholders": -55165000.0,
        "Average Dilution Earnings": NaN,
        "Net Income Common Stockholders": -55165000.0,
        "Otherunder Preferred Stock Dividend": NaN,
        "Net Income": -16703000.0,
        "Minority Interests": -20560000.0,
        "Net Income Including Noncontrolling Interests": 3857000.0,
        "Net Income Continuous Operations": 3857000.0,
        "Tax Provision": 19244000.0,
        "Pretax Income": 23101000.0,
        "Other Income Expense": -11163000.0,
        "Other Non Operating Income Expenses": 34091000.0,
        "Special Income Charges": -36779000.0,
        "Gain On Sale Of Ppe": -5941000.0,
        "Other Special Charges": 30838000.0,
        "Write Off": NaN,
        "Restructuring And Mergern Acquisition": NaN,
        "Gain On Sale Of Security": -8475000.0,
        "Net Non Operating Interest Income Expense": -34611000.0,
        "Interest Expense Non Operating": 49938000.0,
        "Interest Income Non Operating": 15327000.0,
        "Operating Income": 68875000.0,
        "Operating Expense": 70929000.0,
        "Research And Development": 13926000.0,
        "Selling General And Administration": 57003000.0,
        "General And Administrative Expense": 57003000.0,
        "Other Gand A": 57003000.0,
        "Gross Profit": 139804000.0,
        "Cost Of Revenue": 585997000.0,
        "Total Revenue": 725801000.0,
        "Operating Revenue": 725801000.0
    },
    "2024-03-31": {
        "Tax Effect Of Unusual Items": NaN,
        "Tax Rate For Calcs": NaN,
        "Normalized EBITDA": NaN,
        "Total Unusual Items": NaN,
        "Total Unusual Items Excluding Goodwill": NaN,
        "Net Income From Continuing Operation Net Minority Interest": NaN,
        "Reconciled Depreciation": NaN,
        "Reconciled Cost Of Revenue": NaN,
        "EBITDA": NaN,
        "EBIT": NaN,
        "Net Interest Income": NaN,
        "Interest Expense": NaN,
        "Interest Income": NaN,
        "Normalized Income": NaN,
        "Net Income From Continuing And Discontinued Operation": NaN,
        "Total Expenses": NaN,
        "Diluted Average Shares": NaN,
        "Basic Average Shares": NaN,
        "Diluted EPS": NaN,
        "Basic EPS": NaN,
        "Diluted NI Availto Com Stockholders": NaN,
        "Average Dilution Earnings": 0.0,
        "Net Income Common Stockholders": NaN,
        "Otherunder Preferred Stock Dividend": 7283000.0,
        "Net Income": NaN,
        "Minority Interests": NaN,
        "Net Income Including Noncontrolling Interests": NaN,
        "Net Income Continuous Operations": NaN,
        "Tax Provision": NaN,
        "Pretax Income": NaN,
        "Other Income Expense": NaN,
        "Other Non Operating Income Expenses": NaN,
        "Special Income Charges": NaN,
        "Gain On Sale Of Ppe": NaN,
        "Other Special Charges": NaN,
        "Write Off": NaN,
        "Impairment Of Capital Assets": 0.0,
        "Restructuring And Mergern Acquisition": 503000.0,
        "Gain On Sale Of Security": NaN,
        "Net Non Operating Interest Income Expense": NaN,
        "Interest Expense Non Operating": NaN,
        "Interest Income Non Operating": NaN,
        "Operating Income": NaN,
        "Operating Expense": NaN,
        "Research And Development": NaN,
        "Selling General And Administration": NaN,
        "General And Administrative Expense": NaN,
        "Other Gand A": NaN,
        "Gross Profit": NaN,
        "Cost Of Revenue": NaN,
        "Total Revenue": NaN,
        "Operating Revenue": NaN
    },
    "2024-06-30": {
        "Tax Effect Of Unusual Items": -2038260.0,
        "Tax Rate For Calcs": 0.21,
        "Normalized EBITDA": 223865000.0,
        "Total Unusual Items": -9706000.0,
        "Total Unusual Items Excluding Goodwill": -9706000.0,
        "Net Income From Continuing Operation Net Minority Interest": -32255000.0,
        "Reconciled Depreciation": 160141000.0,
        "Reconciled Cost Of Revenue": 600366000.0,
        "EBITDA": 214159000.0,
        "EBIT": 54018000.0,
        "Net Interest Income": -42898000.0,
        "Interest Expense": 51493000.0,
        "Interest Income": 8595000.0,
        "Normalized Income": -24587260.0,
        "Net Income From Continuing And Discontinued Operation": -32255000.0,
        "Total Expenses": 676882000.0,
        "Diluted Average Shares": 9207000.0,
        "Basic Average Shares": 9207000.0,
        "Diluted EPS": -4.29,
        "Basic EPS": -4.29,
        "Diluted NI Availto Com Stockholders": -39538000.0,
        "Average Dilution Earnings": 0.0,
        "Net Income Common Stockholders": -39538000.0,
        "Otherunder Preferred Stock Dividend": 7283000.0,
        "Net Income": -32255000.0,
        "Minority Interests": -19226000.0,
        "Net Income Including Noncontrolling Interests": -13029000.0,
        "Net Income Continuous Operations": -13029000.0,
        "Tax Provision": 15554000.0,
        "Pretax Income": 2525000.0,
        "Other Income Expense": -12493000.0,
        "Other Non Operating Income Expenses": -2787000.0,
        "Special Income Charges": -6707000.0,
        "Gain On Sale Of Ppe": -4939000.0,
        "Other Special Charges": 1768000.0,
        "Write Off": 0.0,
        "Impairment Of Capital Assets": NaN,
        "Restructuring And Mergern Acquisition": 0.0,
        "Gain On Sale Of Security": -2999000.0,
        "Net Non Operating Interest Income Expense": -42898000.0,
        "Interest Expense Non Operating": 51493000.0,
        "Interest Income Non Operating": 8595000.0,
        "Operating Income": 57916000.0,
        "Operating Expense": 76516000.0,
        "Research And Development": 14362000.0,
        "Selling General And Administration": 62154000.0,
        "General And Administrative Expense": 62154000.0,
        "Other Gand A": 62154000.0,
        "Gross Profit": 134432000.0,
        "Cost Of Revenue": 600366000.0,
        "Total Revenue": 734798000.0,
        "Operating Revenue": 734798000.0
    },
    "2024-09-30": {
        "Tax Effect Of Unusual Items": -7348950.0,
        "Tax Rate For Calcs": 0.21,
        "Normalized EBITDA": 226610000.0,
        "Total Unusual Items": -34995000.0,
        "Total Unusual Items Excluding Goodwill": -34995000.0,
        "Net Income From Continuing Operation Net Minority Interest": -55825000.0,
        "Reconciled Depreciation": 159234000.0,
        "Reconciled Cost Of Revenue": 590939000.0,
        "EBITDA": 191615000.0,
        "EBIT": 32381000.0,
        "Net Interest Income": -43871000.0,
        "Interest Expense": 55350000.0,
        "Interest Income": 11479000.0,
        "Normalized Income": -28178950.0,
        "Net Income From Continuing And Discontinued Operation": -55825000.0,
        "Total Expenses": 669319000.0,
        "Diluted Average Shares": 9213000.0,
        "Basic Average Shares": 9213000.0,
        "Diluted EPS": -6.86,
        "Basic EPS": -6.86,
        "Diluted NI Availto Com Stockholders": -55825000.0,
        "Average Dilution Earnings": NaN,
        "Net Income Common Stockholders": -55825000.0,
        "Otherunder Preferred Stock Dividend": NaN,
        "Net Income": -55825000.0,
        "Minority Interests": -22738000.0,
        "Net Income Including Noncontrolling Interests": -33087000.0,
        "Net Income Continuous Operations": -33087000.0,
        "Tax Provision": 10118000.0,
        "Pretax Income": -22969000.0,
        "Other Income Expense": -41584000.0,
        "Other Non Operating Income Expenses": -6589000.0,
        "Special Income Charges": -34540000.0,
        "Gain On Sale Of Ppe": -6000000.0,
        "Other Special Charges": 13160000.0,
        "Write Off": 15380000.0,
        "Impairment Of Capital Assets": NaN,
        "Restructuring And Mergern Acquisition": NaN,
        "Gain On Sale Of Security": -455000.0,
        "Net Non Operating Interest Income Expense": -43871000.0,
        "Interest Expense Non Operating": 55350000.0,
        "Interest Income Non Operating": 11479000.0,
        "Operating Income": 62486000.0,
        "Operating Expense": 78380000.0,
        "Research And Development": 14404000.0,
        "Selling General And Administration": 63976000.0,
        "General And Administrative Expense": 63976000.0,
        "Other Gand A": 63976000.0,
        "Gross Profit": 140866000.0,
        "Cost Of Revenue": 590939000.0,
        "Total Revenue": 731805000.0,
        "Operating Revenue": 731805000.0
    },
    "2024-12-31": {
        "Tax Effect Of Unusual Items": -2147460.0,
        "Tax Rate For Calcs": 0.21,
        "Normalized EBITDA": 202578000.0,
        "Total Unusual Items": -10226000.0,
        "Total Unusual Items Excluding Goodwill": -10226000.0,
        "Net Income From Continuing Operation Net Minority Interest": -53671000.0,
        "Reconciled Depreciation": 156348000.0,
        "Reconciled Cost Of Revenue": 589752000.0,
        "EBITDA": 192352000.0,
        "EBIT": 36004000.0,
        "Net Interest Income": -44810000.0,
        "Interest Expense": 53642000.0,
        "Interest Income": 8832000.0,
        "Normalized Income": -45592460.0,
        "Net Income From Continuing And Discontinued Operation": -53671000.0,
        "Total Expenses": 665622000.0,
        "Diluted Average Shares": 9213000.0,
        "Basic Average Shares": 9213000.0,
        "Diluted EPS": -6.67,
        "Basic EPS": -6.67,
        "Diluted NI Availto Com Stockholders": -83394000.0,
        "Average Dilution Earnings": NaN,
        "Net Income Common Stockholders": -83394000.0,
        "Otherunder Preferred Stock Dividend": NaN,
        "Net Income": -53671000.0,
        "Minority Interests": -20802000.0,
        "Net Income Including Noncontrolling Interests": -32869000.0,
        "Net Income Continuous Operations": -32869000.0,
        "Tax Provision": 15231000.0,
        "Pretax Income": -17638000.0,
        "Other Income Expense": -37025000.0,
        "Other Non Operating Income Expenses": -26799000.0,
        "Special Income Charges": -7746000.0,
        "Gain On Sale Of Ppe": -10816000.0,
        "Other Special Charges": -13770000.0,
        "Write Off": 10700000.0,
        "Impairment Of Capital Assets": NaN,
        "Restructuring And Mergern Acquisition": NaN,
        "Gain On Sale Of Security": -2480000.0,
        "Net Non Operating Interest Income Expense": -44810000.0,
        "Interest Expense Non Operating": 53642000.0,
        "Interest Income Non Operating": 8832000.0,
        "Operating Income": 64197000.0,
        "Operating Expense": 75870000.0,
        "Research And Development": 14434000.0,
        "Selling General And Administration": 61436000.0,
        "General And Administrative Expense": 61436000.0,
        "Other Gand A": 61436000.0,
        "Gross Profit": 140067000.0,
        "Cost Of Revenue": 589752000.0,
        "Total Revenue": 729819000.0,
        "Operating Revenue": 729819000.0
    },
    "2025-03-31": {
        "Tax Effect Of Unusual Items": 14959184.495609,
        "Tax Rate For Calcs": 0.207893,
        "Normalized EBITDA": 209194000.0,
        "Total Unusual Items": 71956000.0,
        "Total Unusual Items Excluding Goodwill": 71956000.0,
        "Net Income From Continuing Operation Net Minority Interest": 32988000.0,
        "Reconciled Depreciation": 154638000.0,
        "Reconciled Cost Of Revenue": 601938000.0,
        "EBITDA": 281150000.0,
        "EBIT": 126512000.0,
        "Net Interest Income": -47719000.0,
        "Interest Expense": 54326000.0,
        "Interest Income": 6607000.0,
        "Normalized Income": -24008815.504391,
        "Net Income From Continuing And Discontinued Operation": 32988000.0,
        "Total Expenses": 684479000.0,
        "Diluted Average Shares": 11671000.0,
        "Basic Average Shares": 10460000.0,
        "Diluted EPS": 2.18,
        "Basic EPS": 2.35,
        "Diluted NI Availto Com Stockholders": 25479000.0,
        "Average Dilution Earnings": 852000.0,
        "Net Income Common Stockholders": 24627000.0,
        "Otherunder Preferred Stock Dividend": 8361000.0,
        "Net Income": 32988000.0,
        "Minority Interests": -24191000.0,
        "Net Income Including Noncontrolling Interests": 57179000.0,
        "Net Income Continuous Operations": 57179000.0,
        "Tax Provision": 15007000.0,
        "Pretax Income": 72186000.0,
        "Other Income Expense": 68198000.0,
        "Other Non Operating Income Expenses": -3758000.0,
        "Special Income Charges": 67824000.0,
        "Gain On Sale Of Ppe": 4125000.0,
        "Other Special Charges": 616000.0,
        "Write Off": NaN,
        "Impairment Of Capital Assets": 26456000.0,
        "Restructuring And Mergern Acquisition": -90771000.0,
        "Gain On Sale Of Security": 4132000.0,
        "Net Non Operating Interest Income Expense": -47719000.0,
        "Interest Expense Non Operating": 54326000.0,
        "Interest Income Non Operating": 6607000.0,
        "Operating Income": 51707000.0,
        "Operating Expense": 82541000.0,
        "Research And Development": 14035000.0,
        "Selling General And Administration": 68506000.0,
        "General And Administrative Expense": 68506000.0,
        "Other Gand A": 68506000.0,
        "Gross Profit": 134248000.0,
        "Cost Of Revenue": 601938000.0,
        "Total Revenue": 736186000.0,
        "Operating Revenue": 736186000.0
    },
    "2025-06-30": {
        "Tax Effect Of Unusual Items": 909720.0,
        "Tax Rate For Calcs": 0.21,
        "Normalized EBITDA": 247682000.0,
        "Total Unusual Items": 4332000.0,
        "Total Unusual Items Excluding Goodwill": 4332000.0,
        "Net Income From Continuing Operation Net Minority Interest": -30910000.0,
        "Reconciled Depreciation": 175061000.0,
        "Reconciled Cost Of Revenue": 663942000.0,
        "EBITDA": 252014000.0,
        "EBIT": 76953000.0,
        "Net Interest Income": -49696000.0,
        "Interest Expense": 56081000.0,
        "Interest Income": 6385000.0,
        "Normalized Income": -34332280.0,
        "Net Income From Continuing And Discontinued Operation": -30910000.0,
        "Total Expenses": 759390000.0,
        "Diluted Average Shares": 14083000.0,
        "Basic Average Shares": 14083000.0,
        "Diluted EPS": -2.71,
        "Basic EPS": -2.71,
        "Diluted NI Availto Com Stockholders": -38174000.0,
        "Average Dilution Earnings": NaN,
        "Net Income Common Stockholders": -38174000.0,
        "Otherunder Preferred Stock Dividend": 7264000.0,
        "Net Income": -30910000.0,
        "Minority Interests": -28705000.0,
        "Net Income Including Noncontrolling Interests": -2205000.0,
        "Net Income Continuous Operations": -2205000.0,
        "Tax Provision": 23077000.0,
        "Pretax Income": 20872000.0,
        "Other Income Expense": -2830000.0,
        "Other Non Operating Income Expenses": -7162000.0,
        "Special Income Charges": 3467000.0,
        "Gain On Sale Of Ppe": 11704000.0,
        "Other Special Charges": -1152000.0,
        "Write Off": 3847000.0,
        "Impairment Of Capital Assets": NaN,
        "Restructuring And Mergern Acquisition": 5542000.0,
        "Gain On Sale Of Security": 865000.0,
        "Net Non Operating Interest Income Expense": -49696000.0,
        "Interest Expense Non Operating": 56081000.0,
        "Interest Income Non Operating": 6385000.0,
        "Operating Income": 73398000.0,
        "Operating Expense": 95448000.0,
        "Research And Development": 12722000.0,
        "Selling General And Administration": 82726000.0,
        "General And Administrative Expense": 82726000.0,
        "Other Gand A": 82726000.0,
        "Gross Profit": 168846000.0,
        "Cost Of Revenue": 663942000.0,
        "Total Revenue": 832788000.0,
        "Operating Revenue": 832788000.0
    }
}