{
    "2023-04-30": {
        "Tax Effect Of Unusual Items": NaN,
        "Tax Rate For Calcs": NaN,
        "Normalized EBITDA": NaN,
        "Net Income From Continuing Operation Net Minority Interest": NaN,
        "Reconciled Depreciation": NaN,
        "Reconciled Cost Of Revenue": NaN,
        "EBITDA": NaN,
        "EBIT": NaN,
        "Net Interest Income": NaN,
        "Interest Expense": NaN,
        "Interest Income": NaN,
        "Normalized Income": NaN,
        "Net Income From Continuing And Discontinued Operation": NaN,
        "Total Expenses": NaN,
        "Total Operating Income As Reported": NaN,
        "Diluted Average Shares": 112032536.0,
        "Basic Average Shares": 112032536.0,
        "Diluted EPS": -0.1,
        "Basic EPS": -0.1,
        "Diluted NI Availto Com Stockholders": NaN,
        "Net Income Common Stockholders": NaN,
        "Net Income": NaN,
        "Minority Interests": NaN,
        "Net Income Including Noncontrolling Interests": NaN,
        "Net Income Continuous Operations": NaN,
        "Tax Provision": NaN,
        "Pretax Income": NaN,
        "Other Income Expense": NaN,
        "Other Non Operating Income Expenses": NaN,
        "Net Non Operating Interest Income Expense": NaN,
        "Interest Expense Non Operating": NaN,
        "Interest Income Non Operating": NaN,
        "Operating Income": NaN,
        "Operating Expense": NaN,
        "Research And Development": NaN,
        "Selling General And Administration": NaN,
        "Selling And Marketing Expense": NaN,
        "General And Administrative Expense": NaN,
        "Other Gand A": NaN,
        "Salaries And Wages": NaN,
        "Gross Profit": NaN,
        "Cost Of Revenue": NaN,
        "Total Revenue": NaN,
        "Operating Revenue": NaN
    },
    "2023-01-31": {
        "Tax Effect Of Unusual Items": NaN,
        "Tax Rate For Calcs": NaN,
        "Normalized EBITDA": NaN,
        "Net Income From Continuing Operation Net Minority Interest": NaN,
        "Reconciled Depreciation": NaN,
        "Reconciled Cost Of Revenue": NaN,
        "EBITDA": NaN,
        "EBIT": NaN,
        "Net Interest Income": NaN,
        "Interest Expense": NaN,
        "Interest Income": NaN,
        "Normalized Income": NaN,
        "Net Income From Continuing And Discontinued Operation": NaN,
        "Total Expenses": NaN,
        "Total Operating Income As Reported": NaN,
        "Diluted Average Shares": 111161074.0,
        "Basic Average Shares": 111161074.0,
        "Diluted EPS": -0.19,
        "Basic EPS": -0.19,
        "Diluted NI Availto Com Stockholders": NaN,
        "Net Income Common Stockholders": NaN,
        "Net Income": NaN,
        "Minority Interests": NaN,
        "Net Income Including Noncontrolling Interests": NaN,
        "Net Income Continuous Operations": NaN,
        "Tax Provision": NaN,
        "Pretax Income": NaN,
        "Other Income Expense": NaN,
        "Other Non Operating Income Expenses": NaN,
        "Net Non Operating Interest Income Expense": NaN,
        "Interest Expense Non Operating": NaN,
        "Interest Income Non Operating": NaN,
        "Operating Income": NaN,
        "Operating Expense": NaN,
        "Research And Development": NaN,
        "Selling General And Administration": NaN,
        "Selling And Marketing Expense": NaN,
        "General And Administrative Expense": NaN,
        "Other Gand A": NaN,
        "Salaries And Wages": NaN,
        "Gross Profit": NaN,
        "Cost Of Revenue": NaN,
        "Total Revenue": NaN,
        "Operating Revenue": NaN
    },
    "2022-10-31": {
        "Tax Effect Of Unusual Items": NaN,
        "Tax Rate For Calcs": NaN,
        "Normalized EBITDA": NaN,
        "Net Income From Continuing Operation Net Minority Interest": NaN,
        "Reconciled Depreciation": NaN,
        "Reconciled Cost Of Revenue": NaN,
        "EBITDA": NaN,
        "EBIT": NaN,
        "Net Interest Income": NaN,
        "Interest Expense": NaN,
        "Interest Income": NaN,
        "Normalized Income": NaN,
        "Net Income From Continuing And Discontinued Operation": NaN,
        "Total Expenses": NaN,
        "Total Operating Income As Reported": NaN,
        "Diluted Average Shares": 110897811.0,
        "Basic Average Shares": 110897811.0,
        "Diluted EPS": -0.21,
        "Basic EPS": -0.21,
        "Diluted NI Availto Com Stockholders": NaN,
        "Net Income Common Stockholders": NaN,
        "Net Income": NaN,
        "Minority Interests": NaN,
        "Net Income Including Noncontrolling Interests": NaN,
        "Net Income Continuous Operations": NaN,
        "Tax Provision": NaN,
        "Pretax Income": NaN,
        "Other Income Expense": NaN,
        "Other Non Operating Income Expenses": NaN,
        "Net Non Operating Interest Income Expense": NaN,
        "Interest Expense Non Operating": NaN,
        "Interest Income Non Operating": NaN,
        "Operating Income": NaN,
        "Operating Expense": NaN,
        "Research And Development": NaN,
        "Selling General And Administration": NaN,
        "Selling And Marketing Expense": NaN,
        "General And Administrative Expense": NaN,
        "Other Gand A": NaN,
        "Salaries And Wages": NaN,
        "Gross Profit": NaN,
        "Cost Of Revenue": NaN,
        "Total Revenue": NaN,
        "Operating Revenue": NaN
    },
    "2022-07-31": {
        "Tax Effect Of Unusual Items": 0.0,
        "Tax Rate For Calcs": 0.4,
        "Normalized EBITDA": -17572000.0,
        "Net Income From Continuing Operation Net Minority Interest": -27245000.0,
        "Reconciled Depreciation": 8422000.0,
        "Reconciled Cost Of Revenue": 41221000.0,
        "EBITDA": -17572000.0,
        "EBIT": -25994000.0,
        "Net Interest Income": -605000.0,
        "Interest Expense": 631000.0,
        "Interest Income": 26000.0,
        "Normalized Income": -27245000.0,
        "Net Income From Continuing And Discontinued Operation": -27245000.0,
        "Total Expenses": 124633000.0,
        "Total Operating Income As Reported": -25006000.0,
        "Diluted Average Shares": 110391865.0,
        "Basic Average Shares": 110391865.0,
        "Diluted EPS": -0.25,
        "Basic EPS": -0.25,
        "Diluted NI Availto Com Stockholders": -27245000.0,
        "Net Income Common Stockholders": -27245000.0,
        "Net Income": -27245000.0,
        "Minority Interests": 179000.0,
        "Net Income Including Noncontrolling Interests": -27424000.0,
        "Net Income Continuous Operations": -27424000.0,
        "Tax Provision": 799000.0,
        "Pretax Income": -26625000.0,
        "Other Income Expense": -1014000.0,
        "Other Non Operating Income Expenses": -1014000.0,
        "Net Non Operating Interest Income Expense": -605000.0,
        "Interest Expense Non Operating": 631000.0,
        "Interest Income Non Operating": 26000.0,
        "Operating Income": -25006000.0,
        "Operating Expense": 83412000.0,
        "Research And Development": 29701000.0,
        "Selling General And Administration": 53711000.0,
        "Selling And Marketing Expense": 32512000.0,
        "General And Administrative Expense": 21199000.0,
        "Other Gand A": 21199000.0,
        "Salaries And Wages": NaN,
        "Gross Profit": 58406000.0,
        "Cost Of Revenue": 41221000.0,
        "Total Revenue": 99627000.0,
        "Operating Revenue": 99627000.0
    },
    "2022-04-30": {
        "Diluted EPS": -0.28,
        "Total Revenue": 94,
        "Gross Profit": 54,
        "Operating Income": -27,
        "EBIT": -17,
        "Net Income": -31
    },
    "2022-01-31": {
        "Diluted EPS": -0.07,
        "Total Revenue": 75,
        "Gross Profit": 44,
        "Operating Income": -30,
        "EBIT": -25,
        "Net Income": -7
    },
    "2021-10-31": {
        "Diluted EPS": -0.14,
        "Total Revenue": 70,
        "Gross Profit": 43,
        "Operating Income": -13,
        "EBIT": -9,
        "Net Income": -14
    },
    "2021-07-31": {
        "Diluted EPS": -0.14,
        "Total Revenue": 67,
        "Gross Profit": 40,
        "Operating Income": -13,
        "EBIT": -10,
        "Net Income": -14
    },
    "2021-04-30": {
        "Diluted EPS": -0.16,
        "Total Revenue": 62,
        "Gross Profit": 36,
        "Operating Income": -15,
        "EBIT": -12,
        "Net Income": -15
    },
    "2021-01-31": {
        "Diluted EPS": -0.13,
        "Total Revenue": 57,
        "Gross Profit": 32,
        "Operating Income": -14,
        "EBIT": -11,
        "Net Income": -12
    },
    "2020-10-31": {
        "Diluted EPS": -0.1,
        "Total Revenue": 54,
        "Gross Profit": 32,
        "Operating Income": -9,
        "EBIT": -6,
        "Net Income": -9
    },
    "2020-07-31": {
        "Diluted EPS": -0.17,
        "Total Revenue": 49,
        "Gross Profit": 26,
        "Operating Income": -16,
        "EBIT": -13,
        "Net Income": -15
    },
    "2020-04-30": {
        "Diluted EPS": -0.06,
        "Total Revenue": 45,
        "Gross Profit": 26,
        "Operating Income": -4,
        "EBIT": -1,
        "Net Income": -5
    },
    "2020-01-31": {
        "Diluted EPS": 0.0,
        "Total Revenue": NaN,
        "Gross Profit": NaN,
        "Operating Income": NaN,
        "EBIT": NaN,
        "Net Income": NaN
    },
    "2019-10-31": {
        "Diluted EPS": -0.08,
        "Total Revenue": 38,
        "Gross Profit": 21,
        "Operating Income": -7,
        "EBIT": -4,
        "Net Income": -6
    },
    "2019-07-31": {
        "Diluted EPS": -0.11,
        "Total Revenue": 32,
        "Gross Profit": 17,
        "Operating Income": -8,
        "EBIT": -8,
        "Net Income": -9
    },
    "2019-01-31": {
        "Diluted EPS": 0.0,
        "Total Revenue": NaN,
        "Gross Profit": NaN,
        "Operating Income": NaN,
        "EBIT": NaN,
        "Net Income": NaN
    },
    "2023-07-31": {
        "Tax Effect Of Unusual Items": NaN,
        "Tax Rate For Calcs": NaN,
        "Normalized EBITDA": NaN,
        "Net Income From Continuing Operation Net Minority Interest": NaN,
        "Reconciled Depreciation": NaN,
        "Reconciled Cost Of Revenue": NaN,
        "EBITDA": NaN,
        "EBIT": NaN,
        "Net Interest Income": NaN,
        "Interest Expense": NaN,
        "Interest Income": NaN,
        "Normalized Income": NaN,
        "Net Income From Continuing And Discontinued Operation": NaN,
        "Total Expenses": NaN,
        "Total Operating Income As Reported": NaN,
        "Diluted Average Shares": NaN,
        "Basic Average Shares": NaN,
        "Diluted EPS": NaN,
        "Basic EPS": NaN,
        "Diluted NI Availto Com Stockholders": NaN,
        "Net Income Common Stockholders": NaN,
        "Net Income": NaN,
        "Minority Interests": NaN,
        "Net Income Including Noncontrolling Interests": NaN,
        "Net Income Continuous Operations": NaN,
        "Tax Provision": NaN,
        "Pretax Income": NaN,
        "Other Income Expense": NaN,
        "Other Non Operating Income Expenses": NaN,
        "Net Non Operating Interest Income Expense": NaN,
        "Interest Expense Non Operating": NaN,
        "Interest Income Non Operating": NaN,
        "Operating Income": NaN,
        "Operating Expense": NaN,
        "Research And Development": NaN,
        "Selling General And Administration": NaN,
        "Selling And Marketing Expense": NaN,
        "General And Administrative Expense": NaN,
        "Other Gand A": NaN,
        "Salaries And Wages": 8057000.0,
        "Gross Profit": NaN,
        "Cost Of Revenue": NaN,
        "Total Revenue": NaN,
        "Operating Revenue": NaN
    },
    "2023-10-31": {
        "Tax Effect Of Unusual Items": NaN,
        "Tax Rate For Calcs": NaN,
        "Normalized EBITDA": NaN,
        "Net Income From Continuing Operation Net Minority Interest": NaN,
        "Reconciled Depreciation": NaN,
        "Reconciled Cost Of Revenue": NaN,
        "EBITDA": NaN,
        "EBIT": NaN,
        "Net Interest Income": NaN,
        "Interest Expense": NaN,
        "Interest Income": NaN,
        "Normalized Income": NaN,
        "Net Income From Continuing And Discontinued Operation": NaN,
        "Total Expenses": NaN,
        "Total Operating Income As Reported": NaN,
        "Diluted Average Shares": 112951553.0,
        "Basic Average Shares": 112951553.0,
        "Diluted EPS": -0.15,
        "Basic EPS": -0.15,
        "Diluted NI Availto Com Stockholders": NaN,
        "Net Income Common Stockholders": NaN,
        "Net Income": NaN,
        "Minority Interests": NaN,
        "Net Income Including Noncontrolling Interests": NaN,
        "Net Income Continuous Operations": NaN,
        "Tax Provision": NaN,
        "Pretax Income": NaN,
        "Other Income Expense": NaN,
        "Other Non Operating Income Expenses": NaN,
        "Net Non Operating Interest Income Expense": NaN,
        "Interest Expense Non Operating": NaN,
        "Interest Income Non Operating": NaN,
        "Operating Income": NaN,
        "Operating Expense": NaN,
        "Research And Development": NaN,
        "Selling General And Administration": NaN,
        "Selling And Marketing Expense": NaN,
        "General And Administrative Expense": NaN,
        "Other Gand A": NaN,
        "Gross Profit": NaN,
        "Cost Of Revenue": NaN,
        "Total Revenue": NaN,
        "Operating Revenue": NaN
    },
    "2024-01-31": {
        "Tax Effect Of Unusual Items": 0.0,
        "Tax Rate For Calcs": 0.21,
        "Normalized EBITDA": 7029000.0,
        "Net Income From Continuing Operation Net Minority Interest": 1160000.0,
        "Reconciled Depreciation": 7927000.0,
        "Reconciled Cost Of Revenue": 49210000.0,
        "EBITDA": 7029000.0,
        "EBIT": -898000.0,
        "Net Interest Income": -348000.0,
        "Interest Expense": 858000.0,
        "Interest Income": 510000.0,
        "Normalized Income": 1160000.0,
        "Net Income From Continuing And Discontinued Operation": 1160000.0,
        "Total Expenses": 126878000.0,
        "Total Operating Income As Reported": -3185000.0,
        "Diluted Average Shares": NaN,
        "Basic Average Shares": NaN,
        "Diluted EPS": NaN,
        "Basic EPS": NaN,
        "Diluted NI Availto Com Stockholders": 1160000.0,
        "Net Income Common Stockholders": 1160000.0,
        "Net Income": 1160000.0,
        "Minority Interests": -214000.0,
        "Net Income Including Noncontrolling Interests": 1374000.0,
        "Net Income Continuous Operations": 1374000.0,
        "Tax Provision": -3130000.0,
        "Pretax Income": -1756000.0,
        "Other Income Expense": 1777000.0,
        "Other Non Operating Income Expenses": 1777000.0,
        "Net Non Operating Interest Income Expense": -348000.0,
        "Interest Expense Non Operating": NaN,
        "Interest Income Non Operating": 510000.0,
        "Operating Income": -3185000.0,
        "Operating Expense": 77668000.0,
        "Research And Development": 30184000.0,
        "Selling General And Administration": 47484000.0,
        "Selling And Marketing Expense": 29996000.0,
        "General And Administrative Expense": 17488000.0,
        "Other Gand A": 17488000.0,
        "Gross Profit": 74483000.0,
        "Cost Of Revenue": 49210000.0,
        "Total Revenue": 123693000.0,
        "Operating Revenue": 123693000.0
    },
    "2024-04-30": {
        "Tax Effect Of Unusual Items": 0.0,
        "Tax Rate For Calcs": 0.21,
        "Normalized EBITDA": 4488000.0,
        "Net Income From Continuing Operation Net Minority Interest": -2976000.0,
        "Reconciled Depreciation": 8290000.0,
        "Reconciled Cost Of Revenue": 51180000.0,
        "EBITDA": 4488000.0,
        "EBIT": -3802000.0,
        "Net Interest Income": -872000.0,
        "Interest Expense": 1477000.0,
        "Interest Income": 605000.0,
        "Normalized Income": -2976000.0,
        "Net Income From Continuing And Discontinued Operation": -2976000.0,
        "Total Expenses": 131750000.0,
        "Total Operating Income As Reported": -3663000.0,
        "Diluted Average Shares": 114197068.0,
        "Basic Average Shares": 114197068.0,
        "Diluted EPS": -0.03,
        "Basic EPS": -0.03,
        "Diluted NI Availto Com Stockholders": -2976000.0,
        "Net Income Common Stockholders": -2976000.0,
        "Net Income": -2976000.0,
        "Minority Interests": -679000.0,
        "Net Income Including Noncontrolling Interests": -2297000.0,
        "Net Income Continuous Operations": -2297000.0,
        "Tax Provision": -2982000.0,
        "Pretax Income": -5279000.0,
        "Other Income Expense": -744000.0,
        "Other Non Operating Income Expenses": -744000.0,
        "Net Non Operating Interest Income Expense": -872000.0,
        "Interest Expense Non Operating": 1477000.0,
        "Interest Income Non Operating": 605000.0,
        "Operating Income": -3663000.0,
        "Operating Expense": 80570000.0,
        "Research And Development": 29981000.0,
        "Selling General And Administration": 50589000.0,
        "Selling And Marketing Expense": 28045000.0,
        "General And Administrative Expense": 22544000.0,
        "Other Gand A": 22544000.0,
        "Gross Profit": 76907000.0,
        "Cost Of Revenue": 51180000.0,
        "Total Revenue": 128087000.0,
        "Operating Revenue": 128087000.0
    },
    "2024-07-31": {
        "Tax Effect Of Unusual Items": 0.0,
        "Tax Rate For Calcs": 0.21,
        "Normalized EBITDA": 1494000.0,
        "Net Income From Continuing Operation Net Minority Interest": -11040000.0,
        "Reconciled Depreciation": 8929000.0,
        "Reconciled Cost Of Revenue": 53931000.0,
        "EBITDA": 1494000.0,
        "EBIT": -7435000.0,
        "Net Interest Income": -1514000.0,
        "Interest Expense": 1835000.0,
        "Interest Income": 321000.0,
        "Normalized Income": -11040000.0,
        "Net Income From Continuing And Discontinued Operation": -11040000.0,
        "Total Expenses": 140309000.0,
        "Total Operating Income As Reported": -7906000.0,
        "Diluted Average Shares": 115180130.0,
        "Basic Average Shares": 115180130.0,
        "Diluted EPS": -0.1,
        "Basic EPS": -0.1,
        "Diluted NI Availto Com Stockholders": -11040000.0,
        "Net Income Common Stockholders": -11040000.0,
        "Net Income": -11040000.0,
        "Minority Interests": -17000.0,
        "Net Income Including Noncontrolling Interests": -11023000.0,
        "Net Income Continuous Operations": -11023000.0,
        "Tax Provision": 1753000.0,
        "Pretax Income": -9270000.0,
        "Other Income Expense": 150000.0,
        "Other Non Operating Income Expenses": 150000.0,
        "Net Non Operating Interest Income Expense": -1514000.0,
        "Interest Expense Non Operating": 1835000.0,
        "Interest Income Non Operating": 321000.0,
        "Operating Income": -7906000.0,
        "Operating Expense": 86378000.0,
        "Research And Development": 34271000.0,
        "Selling General And Administration": 52107000.0,
        "Selling And Marketing Expense": 31713000.0,
        "General And Administrative Expense": 20394000.0,
        "Other Gand A": 20394000.0,
        "Gross Profit": 78472000.0,
        "Cost Of Revenue": 53931000.0,
        "Total Revenue": 132403000.0,
        "Operating Revenue": 132403000.0
    },
    "2024-10-31": {
        "Tax Effect Of Unusual Items": 0.0,
        "Tax Rate For Calcs": 0.21,
        "Normalized EBITDA": 9003000.0,
        "Net Income From Continuing Operation Net Minority Interest": -5252000.0,
        "Reconciled Depreciation": 8913000.0,
        "Reconciled Cost Of Revenue": 53745000.0,
        "EBITDA": 9003000.0,
        "EBIT": 90000.0,
        "Net Interest Income": -1171000.0,
        "Interest Expense": 1653000.0,
        "Interest Income": 482000.0,
        "Normalized Income": -5252000.0,
        "Net Income From Continuing And Discontinued Operation": -5252000.0,
        "Total Expenses": 139621000.0,
        "Total Operating Income As Reported": -824000.0,
        "Diluted Average Shares": 115611833.0,
        "Basic Average Shares": 115611833.0,
        "Diluted EPS": -0.05,
        "Basic EPS": -0.05,
        "Diluted NI Availto Com Stockholders": -5252000.0,
        "Net Income Common Stockholders": -5252000.0,
        "Net Income": -5252000.0,
        "Minority Interests": -1100000.0,
        "Net Income Including Noncontrolling Interests": -4152000.0,
        "Net Income Continuous Operations": -4152000.0,
        "Tax Provision": 2589000.0,
        "Pretax Income": -1563000.0,
        "Other Income Expense": 432000.0,
        "Other Non Operating Income Expenses": 432000.0,
        "Net Non Operating Interest Income Expense": -1171000.0,
        "Interest Expense Non Operating": 1653000.0,
        "Interest Income Non Operating": 482000.0,
        "Operating Income": -824000.0,
        "Operating Expense": 85876000.0,
        "Research And Development": 33039000.0,
        "Selling General And Administration": 52837000.0,
        "Selling And Marketing Expense": 29729000.0,
        "General And Administrative Expense": 23108000.0,
        "Other Gand A": 23108000.0,
        "Gross Profit": 85052000.0,
        "Cost Of Revenue": 53745000.0,
        "Total Revenue": 138797000.0,
        "Operating Revenue": 138797000.0
    },
    "2025-01-31": {
        "Tax Effect Of Unusual Items": 0.0,
        "Tax Rate For Calcs": 0.199044,
        "Normalized EBITDA": -5437000.0,
        "Net Income From Continuing Operation Net Minority Interest": -18610000.0,
        "Reconciled Depreciation": 10213000.0,
        "Reconciled Cost Of Revenue": 57013000.0,
        "EBITDA": -5437000.0,
        "EBIT": -15650000.0,
        "Net Interest Income": -3445000.0,
        "Interest Expense": 3798000.0,
        "Interest Income": 353000.0,
        "Normalized Income": -18610000.0,
        "Net Income From Continuing And Discontinued Operation": -18610000.0,
        "Total Expenses": 147108000.0,
        "Total Operating Income As Reported": -5738000.0,
        "Diluted Average Shares": 115826652.0,
        "Basic Average Shares": 115826652.0,
        "Diluted EPS": -0.16,
        "Basic EPS": -0.16,
        "Diluted NI Availto Com Stockholders": -18610000.0,
        "Net Income Common Stockholders": -18610000.0,
        "Net Income": -18610000.0,
        "Minority Interests": -3033000.0,
        "Net Income Including Noncontrolling Interests": -15577000.0,
        "Net Income Continuous Operations": -15577000.0,
        "Tax Provision": -3871000.0,
        "Pretax Income": -19448000.0,
        "Other Income Expense": -10265000.0,
        "Other Non Operating Income Expenses": -10265000.0,
        "Net Non Operating Interest Income Expense": -3445000.0,
        "Interest Expense Non Operating": 3798000.0,
        "Interest Income Non Operating": 353000.0,
        "Operating Income": -5738000.0,
        "Operating Expense": 90095000.0,
        "Research And Development": 32131000.0,
        "Selling General And Administration": 57964000.0,
        "Selling And Marketing Expense": 33744000.0,
        "General And Administrative Expense": 24220000.0,
        "Other Gand A": 24220000.0,
        "Gross Profit": 84357000.0,
        "Cost Of Revenue": 57013000.0,
        "Total Revenue": 141370000.0,
        "Operating Revenue": 141370000.0
    },
    "2025-04-30": {
        "Tax Effect Of Unusual Items": 0.0,
        "Tax Rate For Calcs": 0.21,
        "Normalized EBITDA": 25706000.0,
        "Net Income From Continuing Operation Net Minority Interest": 5562000.0,
        "Reconciled Depreciation": 10705000.0,
        "Reconciled Cost Of Revenue": 57695000.0,
        "EBITDA": 25706000.0,
        "EBIT": 15001000.0,
        "Net Interest Income": -4033000.0,
        "Interest Expense": 4450000.0,
        "Interest Income": 417000.0,
        "Normalized Income": 5562000.0,
        "Net Income From Continuing And Discontinued Operation": 5562000.0,
        "Total Expenses": 145650000.0,
        "Total Operating Income As Reported": -1513000.0,
        "Diluted Average Shares": 116578848.0,
        "Basic Average Shares": 114781654.0,
        "Diluted EPS": 0.05,
        "Basic EPS": 0.05,
        "Diluted NI Availto Com Stockholders": 5562000.0,
        "Net Income Common Stockholders": 5562000.0,
        "Net Income": 5562000.0,
        "Minority Interests": -455000.0,
        "Net Income Including Noncontrolling Interests": 6017000.0,
        "Net Income Continuous Operations": 6017000.0,
        "Tax Provision": 4534000.0,
        "Pretax Income": 10551000.0,
        "Other Income Expense": 16097000.0,
        "Other Non Operating Income Expenses": 16097000.0,
        "Net Non Operating Interest Income Expense": -4033000.0,
        "Interest Expense Non Operating": 4450000.0,
        "Interest Income Non Operating": 417000.0,
        "Operating Income": -1513000.0,
        "Operating Expense": 87955000.0,
        "Research And Development": 33341000.0,
        "Selling General And Administration": 54614000.0,
        "Selling And Marketing Expense": 32971000.0,
        "General And Administrative Expense": 21643000.0,
        "Other Gand A": 21643000.0,
        "Gross Profit": 86442000.0,
        "Cost Of Revenue": 57695000.0,
        "Total Revenue": 144137000.0,
        "Operating Revenue": 144137000.0
    },
    "2025-07-31": {
        "Tax Effect Of Unusual Items": 0.0,
        "Tax Rate For Calcs": 0.21,
        "Normalized EBITDA": 2636000.0,
        "Net Income From Continuing Operation Net Minority Interest": -15257000.0,
        "Reconciled Depreciation": 10702000.0,
        "Reconciled Cost Of Revenue": 60690000.0,
        "EBITDA": 2636000.0,
        "EBIT": -8066000.0,
        "Net Interest Income": -3931000.0,
        "Interest Expense": 4444000.0,
        "Interest Income": 513000.0,
        "Normalized Income": -15257000.0,
        "Net Income From Continuing And Discontinued Operation": -15257000.0,
        "Total Expenses": 158111000.0,
        "Total Operating Income As Reported": -9296000.0,
        "Diluted Average Shares": 115256497.0,
        "Basic Average Shares": 115256497.0,
        "Diluted EPS": -0.13,
        "Basic EPS": -0.13,
        "Diluted NI Availto Com Stockholders": -15257000.0,
        "Net Income Common Stockholders": -15257000.0,
        "Net Income": -15257000.0,
        "Minority Interests": -1538000.0,
        "Net Income Including Noncontrolling Interests": -13719000.0,
        "Net Income Continuous Operations": -13719000.0,
        "Tax Provision": 1209000.0,
        "Pretax Income": -12510000.0,
        "Other Income Expense": 717000.0,
        "Other Non Operating Income Expenses": 717000.0,
        "Net Non Operating Interest Income Expense": -3931000.0,
        "Interest Expense Non Operating": 4444000.0,
        "Interest Income Non Operating": 513000.0,
        "Operating Income": -9296000.0,
        "Operating Expense": 97421000.0,
        "Research And Development": 34667000.0,
        "Selling General And Administration": 62754000.0,
        "Selling And Marketing Expense": 37265000.0,
        "General And Administrative Expense": 25489000.0,
        "Other Gand A": 25489000.0,
        "Gross Profit": 88125000.0,
        "Cost Of Revenue": 60690000.0,
        "Total Revenue": 148815000.0,
        "Operating Revenue": 148815000.0
    }
}