{
    "2023-06-30": {
        "Tax Effect Of Unusual Items": NaN,
        "Tax Rate For Calcs": NaN,
        "Normalized EBITDA": NaN,
        "Total Unusual Items": NaN,
        "Total Unusual Items Excluding Goodwill": NaN,
        "Net Income From Continuing Operation Net Minority Interest": NaN,
        "Reconciled Depreciation": NaN,
        "Reconciled Cost Of Revenue": NaN,
        "EBITDA": NaN,
        "EBIT": NaN,
        "Net Interest Income": NaN,
        "Interest Expense": NaN,
        "Normalized Income": NaN,
        "Net Income From Continuing And Discontinued Operation": NaN,
        "Total Expenses": NaN,
        "Total Operating Income As Reported": NaN,
        "Diluted Average Shares": NaN,
        "Basic Average Shares": NaN,
        "Diluted EPS": NaN,
        "Basic EPS": NaN,
        "Diluted NI Availto Com Stockholders": NaN,
        "Net Income Common Stockholders": NaN,
        "Net Income": NaN,
        "Minority Interests": NaN,
        "Net Income Including Noncontrolling Interests": NaN,
        "Net Income Continuous Operations": NaN,
        "Tax Provision": NaN,
        "Pretax Income": NaN,
        "Other Income Expense": NaN,
        "Other Non Operating Income Expenses": NaN,
        "Special Income Charges": NaN,
        "Other Special Charges": 24886000.0,
        "Gain On Sale Of Security": NaN,
        "Net Non Operating Interest Income Expense": NaN,
        "Interest Expense Non Operating": NaN,
        "Operating Income": NaN,
        "Operating Expense": NaN,
        "Selling General And Administration": NaN,
        "Gross Profit": NaN,
        "Cost Of Revenue": NaN,
        "Total Revenue": NaN,
        "Operating Revenue": NaN
    },
    "2023-03-31": {
        "Tax Effect Of Unusual Items": NaN,
        "Tax Rate For Calcs": NaN,
        "Normalized EBITDA": NaN,
        "Total Unusual Items": NaN,
        "Total Unusual Items Excluding Goodwill": NaN,
        "Net Income From Continuing Operation Net Minority Interest": NaN,
        "Reconciled Depreciation": NaN,
        "Reconciled Cost Of Revenue": NaN,
        "EBITDA": NaN,
        "EBIT": NaN,
        "Net Interest Income": NaN,
        "Interest Expense": NaN,
        "Normalized Income": NaN,
        "Net Income From Continuing And Discontinued Operation": NaN,
        "Total Expenses": NaN,
        "Total Operating Income As Reported": NaN,
        "Diluted Average Shares": NaN,
        "Basic Average Shares": NaN,
        "Diluted EPS": NaN,
        "Basic EPS": NaN,
        "Diluted NI Availto Com Stockholders": NaN,
        "Net Income Common Stockholders": NaN,
        "Net Income": NaN,
        "Minority Interests": NaN,
        "Net Income Including Noncontrolling Interests": NaN,
        "Net Income Continuous Operations": NaN,
        "Tax Provision": NaN,
        "Pretax Income": NaN,
        "Other Income Expense": NaN,
        "Other Non Operating Income Expenses": NaN,
        "Special Income Charges": NaN,
        "Other Special Charges": 17514000.0,
        "Gain On Sale Of Security": NaN,
        "Net Non Operating Interest Income Expense": NaN,
        "Interest Expense Non Operating": NaN,
        "Operating Income": NaN,
        "Operating Expense": NaN,
        "Selling General And Administration": NaN,
        "Gross Profit": NaN,
        "Cost Of Revenue": NaN,
        "Total Revenue": NaN,
        "Operating Revenue": NaN
    },
    "2022-12-31": {
        "Tax Effect Of Unusual Items": 83230.015314,
        "Tax Rate For Calcs": 0.298315,
        "Normalized EBITDA": 4282000.0,
        "Total Unusual Items": 279000.0,
        "Total Unusual Items Excluding Goodwill": 279000.0,
        "Net Income From Continuing Operation Net Minority Interest": 1979000.0,
        "Reconciled Depreciation": 1075000.0,
        "Reconciled Cost Of Revenue": 25183000.0,
        "EBITDA": 4561000.0,
        "EBIT": 3486000.0,
        "Net Interest Income": -221000.0,
        "Interest Expense": 221000.0,
        "Normalized Income": 1783230.015314,
        "Net Income From Continuing And Discontinued Operation": 1979000.0,
        "Total Expenses": 38373000.0,
        "Total Operating Income As Reported": 1813000.0,
        "Diluted Average Shares": 2452000.0,
        "Basic Average Shares": 2439000.0,
        "Diluted EPS": 0.81,
        "Basic EPS": 0.81,
        "Diluted NI Availto Com Stockholders": 1979000.0,
        "Net Income Common Stockholders": 1979000.0,
        "Net Income": 1979000.0,
        "Minority Interests": -312000.0,
        "Net Income Including Noncontrolling Interests": 2291000.0,
        "Net Income Continuous Operations": 2291000.0,
        "Tax Provision": 974000.0,
        "Pretax Income": 3265000.0,
        "Other Income Expense": 1673000.0,
        "Other Non Operating Income Expenses": 1394000.0,
        "Special Income Charges": NaN,
        "Other Special Charges": NaN,
        "Gain On Sale Of Security": 279000.0,
        "Net Non Operating Interest Income Expense": -221000.0,
        "Interest Expense Non Operating": 221000.0,
        "Operating Income": 1813000.0,
        "Operating Expense": 13190000.0,
        "Selling General And Administration": 13190000.0,
        "Gross Profit": 15003000.0,
        "Cost Of Revenue": 25183000.0,
        "Total Revenue": 40186000.0,
        "Operating Revenue": 40186000.0
    },
    "2022-09-30": {
        "Tax Effect Of Unusual Items": -118230.0,
        "Tax Rate For Calcs": 0.21,
        "Normalized EBITDA": 5661000.0,
        "Total Unusual Items": -563000.0,
        "Total Unusual Items Excluding Goodwill": -563000.0,
        "Net Income From Continuing Operation Net Minority Interest": 3935000.0,
        "Reconciled Depreciation": 1050000.0,
        "Reconciled Cost Of Revenue": 29444000.0,
        "EBITDA": 5098000.0,
        "EBIT": 4048000.0,
        "Net Interest Income": -204000.0,
        "Interest Expense": 204000.0,
        "Normalized Income": 4379770.0,
        "Net Income From Continuing And Discontinued Operation": 3935000.0,
        "Total Expenses": 44823000.0,
        "Total Operating Income As Reported": 4047000.0,
        "Diluted Average Shares": 2488000.0,
        "Basic Average Shares": 2438000.0,
        "Diluted EPS": 1.58,
        "Basic EPS": 1.61,
        "Diluted NI Availto Com Stockholders": 3935000.0,
        "Net Income Common Stockholders": 3935000.0,
        "Net Income": 3935000.0,
        "Minority Interests": -29000.0,
        "Net Income Including Noncontrolling Interests": 3964000.0,
        "Net Income Continuous Operations": 3964000.0,
        "Tax Provision": -120000.0,
        "Pretax Income": 3844000.0,
        "Other Income Expense": 1000.0,
        "Other Non Operating Income Expenses": 564000.0,
        "Special Income Charges": NaN,
        "Other Special Charges": NaN,
        "Gain On Sale Of Security": -563000.0,
        "Net Non Operating Interest Income Expense": -204000.0,
        "Interest Expense Non Operating": 204000.0,
        "Operating Income": 4047000.0,
        "Operating Expense": 15379000.0,
        "Selling General And Administration": 15379000.0,
        "Gross Profit": 19426000.0,
        "Cost Of Revenue": 29444000.0,
        "Total Revenue": 48870000.0,
        "Operating Revenue": 48870000.0
    },
    "2022-06-30": {
        "Tax Effect Of Unusual Items": -20583.151535,
        "Tax Rate For Calcs": 0.080718,
        "Normalized EBITDA": -5297000.0,
        "Total Unusual Items": -255000.0,
        "Total Unusual Items Excluding Goodwill": -255000.0,
        "Net Income From Continuing Operation Net Minority Interest": -5481000.0,
        "Reconciled Depreciation": 1106000.0,
        "Reconciled Cost Of Revenue": 19629000.0,
        "EBITDA": -5552000.0,
        "EBIT": -5552000.0,
        "Net Interest Income": -407000.0,
        "Interest Expense": 407000.0,
        "Normalized Income": -5246583.151535,
        "Net Income From Continuing And Discontinued Operation": -5481000.0,
        "Total Expenses": 33374000.0,
        "Total Operating Income As Reported": -5910000.0,
        "Diluted Average Shares": 2438000.0,
        "Basic Average Shares": 2438000.0,
        "Diluted EPS": -2.25,
        "Basic EPS": -2.25,
        "Diluted NI Availto Com Stockholders": -5481000.0,
        "Net Income Common Stockholders": -5481000.0,
        "Net Income": -5481000.0,
        "Minority Interests": -3000.0,
        "Net Income Including Noncontrolling Interests": -5478000.0,
        "Net Income Continuous Operations": -5478000.0,
        "Tax Provision": -481000.0,
        "Pretax Income": -5959000.0,
        "Other Income Expense": 358000.0,
        "Other Non Operating Income Expenses": 613000.0,
        "Special Income Charges": NaN,
        "Other Special Charges": NaN,
        "Gain On Sale Of Security": -255000.0,
        "Net Non Operating Interest Income Expense": -407000.0,
        "Interest Expense Non Operating": 407000.0,
        "Operating Income": -5910000.0,
        "Operating Expense": 13745000.0,
        "Selling General And Administration": 13745000.0,
        "Gross Profit": 7835000.0,
        "Cost Of Revenue": 19629000.0,
        "Total Revenue": 27464000.0,
        "Operating Revenue": 27464000.0
    },
    "2022-03-31": {
        "Diluted EPS": -0.64,
        "Total Revenue": 39,
        "Gross Profit": 15,
        "Operating Income": -2,
        "EBIT": -1,
        "Net Income": -2
    },
    "2021-12-31": {
        "Diluted EPS": 0.72,
        "Total Revenue": 36,
        "Gross Profit": 16,
        "Operating Income": 1,
        "EBIT": 2,
        "Net Income": 2
    },
    "2021-09-30": {
        "Diluted EPS": 1.14,
        "Total Revenue": 32,
        "Gross Profit": 15,
        "Operating Income": 3,
        "EBIT": 4,
        "Net Income": 3
    },
    "2021-06-30": {
        "Diluted EPS": -2.41,
        "Total Revenue": 21,
        "Gross Profit": 8,
        "Operating Income": -5,
        "EBIT": -4,
        "Net Income": -6
    },
    "2021-03-31": {
        "Diluted EPS": -1.43,
        "Total Revenue": 29,
        "Gross Profit": 10,
        "Operating Income": -4,
        "EBIT": -2,
        "Net Income": -3
    },
    "2020-12-31": {
        "Diluted EPS": 3.73,
        "Total Revenue": 27,
        "Gross Profit": 12,
        "Operating Income": 0,
        "EBIT": 1,
        "Net Income": 9
    },
    "2020-09-30": {
        "Diluted EPS": -2.48,
        "Total Revenue": 16,
        "Gross Profit": 6,
        "Operating Income": -7,
        "EBIT": -6,
        "Net Income": -6
    },
    "2020-06-30": {
        "Diluted EPS": -3.7,
        "Total Revenue": 9,
        "Gross Profit": 2,
        "Operating Income": -14,
        "EBIT": -13,
        "Net Income": -9
    },
    "2020-03-31": {
        "Diluted EPS": -21.92,
        "Total Revenue": 55,
        "Gross Profit": 24,
        "Operating Income": -50,
        "EBIT": -47,
        "Net Income": -52
    },
    "2019-12-31": {
        "Diluted EPS": -0.88,
        "Total Revenue": 52,
        "Gross Profit": 26,
        "Operating Income": 1,
        "EBIT": 4,
        "Net Income": -2
    },
    "2019-09-30": {
        "Diluted EPS": 1.6,
        "Total Revenue": 61,
        "Gross Profit": 29,
        "Operating Income": 6,
        "EBIT": 8,
        "Net Income": 4
    },
    "2019-06-30": {
        "Diluted EPS": -9.6,
        "Total Revenue": 40,
        "Gross Profit": 17,
        "Operating Income": -17,
        "EBIT": -14,
        "Net Income": -22
    },
    "2019-03-31": {
        "Diluted EPS": -5.2,
        "Total Revenue": 53,
        "Gross Profit": 26,
        "Operating Income": 0,
        "EBIT": 3,
        "Net Income": -12
    },
    "2018-12-31": {
        "Diluted EPS": -90.4,
        "Total Revenue": 50,
        "Gross Profit": 24,
        "Operating Income": -228,
        "EBIT": -224,
        "Net Income": -203
    },
    "2018-09-30": {
        "Diluted EPS": 2.6,
        "Total Revenue": 63,
        "Gross Profit": 34,
        "Operating Income": 12,
        "EBIT": 16,
        "Net Income": 6
    },
    "2018-06-30": {
        "Diluted EPS": -1.8,
        "Total Revenue": 43,
        "Gross Profit": 23,
        "Operating Income": -3,
        "EBIT": 1,
        "Net Income": -4
    },
    "2018-03-31": {
        "Diluted EPS": 4.6,
        "Total Revenue": 71,
        "Gross Profit": 37,
        "Operating Income": 13,
        "EBIT": 18,
        "Net Income": 11
    },
    "2017-12-31": {
        "Diluted EPS": -1.8,
        "Total Revenue": 50,
        "Gross Profit": 26,
        "Operating Income": -5,
        "EBIT": 3,
        "Net Income": -3
    },
    "2017-09-30": {
        "Diluted EPS": 1.4,
        "Total Revenue": 56,
        "Gross Profit": 30,
        "Operating Income": 5,
        "EBIT": 13,
        "Net Income": 3
    },
    "2017-06-30": {
        "Diluted EPS": -2.2,
        "Total Revenue": 37,
        "Gross Profit": 18,
        "Operating Income": -6,
        "EBIT": 1,
        "Net Income": -4
    },
    "2017-03-31": {
        "Diluted EPS": 3.6,
        "Total Revenue": 59,
        "Gross Profit": 29,
        "Operating Income": 10,
        "EBIT": 17,
        "Net Income": 7
    },
    "2016-12-31": {
        "Diluted EPS": -0.6,
        "Total Revenue": 35,
        "Gross Profit": 15,
        "Operating Income": -3,
        "EBIT": 4,
        "Net Income": -1
    },
    "2016-09-30": {
        "Diluted EPS": -0.2,
        "Total Revenue": 29,
        "Gross Profit": 14,
        "Operating Income": -1,
        "EBIT": 6,
        "Net Income": 0
    },
    "2016-06-30": {
        "Diluted EPS": -5.0,
        "Total Revenue": 11,
        "Gross Profit": 5,
        "Operating Income": -10,
        "EBIT": -3,
        "Net Income": -9
    },
    "2016-03-31": {
        "Diluted EPS": -4.8,
        "Total Revenue": 23,
        "Gross Profit": 10,
        "Operating Income": -4,
        "EBIT": 2,
        "Net Income": -8
    },
    "2015-12-31": {
        "Diluted EPS": 0.0,
        "Total Revenue": NaN,
        "Gross Profit": NaN,
        "Operating Income": NaN,
        "EBIT": NaN,
        "Net Income": NaN
    },
    "2023-09-30": {
        "Tax Effect Of Unusual Items": NaN,
        "Tax Rate For Calcs": NaN,
        "Normalized EBITDA": NaN,
        "Total Unusual Items": NaN,
        "Total Unusual Items Excluding Goodwill": NaN,
        "Net Income From Continuing Operation Net Minority Interest": NaN,
        "Reconciled Depreciation": NaN,
        "Reconciled Cost Of Revenue": NaN,
        "EBITDA": NaN,
        "EBIT": NaN,
        "Net Interest Income": NaN,
        "Interest Expense": NaN,
        "Normalized Income": NaN,
        "Net Income From Continuing And Discontinued Operation": NaN,
        "Total Expenses": NaN,
        "Total Operating Income As Reported": NaN,
        "Diluted Average Shares": NaN,
        "Basic Average Shares": NaN,
        "Diluted EPS": NaN,
        "Basic EPS": NaN,
        "Diluted NI Availto Com Stockholders": NaN,
        "Net Income Common Stockholders": NaN,
        "Net Income": NaN,
        "Minority Interests": NaN,
        "Net Income Including Noncontrolling Interests": NaN,
        "Net Income Continuous Operations": NaN,
        "Tax Provision": NaN,
        "Pretax Income": NaN,
        "Other Income Expense": NaN,
        "Other Non Operating Income Expenses": NaN,
        "Special Income Charges": NaN,
        "Other Special Charges": 98000.0,
        "Gain On Sale Of Security": NaN,
        "Net Non Operating Interest Income Expense": NaN,
        "Interest Expense Non Operating": NaN,
        "Operating Income": NaN,
        "Operating Expense": NaN,
        "Selling General And Administration": NaN,
        "General And Administrative Expense": NaN,
        "Other Gand A": NaN,
        "Insurance And Claims": NaN,
        "Salaries And Wages": NaN,
        "Gross Profit": NaN,
        "Cost Of Revenue": NaN,
        "Total Revenue": NaN,
        "Operating Revenue": NaN
    },
    "2023-12-31": {
        "Tax Effect Of Unusual Items": NaN,
        "Tax Rate For Calcs": NaN,
        "Normalized EBITDA": NaN,
        "Total Unusual Items": NaN,
        "Total Unusual Items Excluding Goodwill": NaN,
        "Net Income From Continuing Operation Net Minority Interest": NaN,
        "Reconciled Depreciation": NaN,
        "Reconciled Cost Of Revenue": NaN,
        "EBITDA": NaN,
        "EBIT": NaN,
        "Net Interest Income": NaN,
        "Interest Expense": NaN,
        "Normalized Income": NaN,
        "Net Income From Continuing And Discontinued Operation": NaN,
        "Total Expenses": NaN,
        "Total Operating Income As Reported": NaN,
        "Diluted Average Shares": NaN,
        "Basic Average Shares": NaN,
        "Diluted EPS": NaN,
        "Basic EPS": NaN,
        "Diluted NI Availto Com Stockholders": NaN,
        "Net Income Common Stockholders": NaN,
        "Net Income": NaN,
        "Minority Interests": NaN,
        "Net Income Including Noncontrolling Interests": NaN,
        "Net Income Continuous Operations": NaN,
        "Tax Provision": NaN,
        "Pretax Income": NaN,
        "Other Income Expense": NaN,
        "Other Non Operating Income Expenses": NaN,
        "Special Income Charges": 40696000.0,
        "Other Special Charges": -40696000.0,
        "Gain On Sale Of Security": NaN,
        "Net Non Operating Interest Income Expense": NaN,
        "Interest Expense Non Operating": NaN,
        "Operating Income": NaN,
        "Operating Expense": NaN,
        "Selling General And Administration": NaN,
        "General And Administrative Expense": NaN,
        "Other Gand A": NaN,
        "Insurance And Claims": NaN,
        "Salaries And Wages": NaN,
        "Gross Profit": NaN,
        "Cost Of Revenue": NaN,
        "Total Revenue": NaN,
        "Operating Revenue": NaN
    },
    "2024-03-31": {
        "Tax Effect Of Unusual Items": NaN,
        "Tax Rate For Calcs": NaN,
        "Normalized EBITDA": NaN,
        "Total Unusual Items": NaN,
        "Total Unusual Items Excluding Goodwill": NaN,
        "Net Income From Continuing Operation Net Minority Interest": NaN,
        "Reconciled Depreciation": NaN,
        "Reconciled Cost Of Revenue": NaN,
        "EBITDA": NaN,
        "EBIT": NaN,
        "Net Interest Income": NaN,
        "Interest Expense": NaN,
        "Normalized Income": NaN,
        "Net Income From Continuing And Discontinued Operation": NaN,
        "Total Expenses": NaN,
        "Total Operating Income As Reported": NaN,
        "Diluted Average Shares": NaN,
        "Basic Average Shares": NaN,
        "Diluted EPS": NaN,
        "Basic EPS": NaN,
        "Diluted NI Availto Com Stockholders": NaN,
        "Net Income Common Stockholders": NaN,
        "Net Income": NaN,
        "Minority Interests": NaN,
        "Net Income Including Noncontrolling Interests": NaN,
        "Net Income Continuous Operations": NaN,
        "Tax Provision": NaN,
        "Pretax Income": NaN,
        "Other Income Expense": NaN,
        "Other Non Operating Income Expenses": NaN,
        "Special Income Charges": 0.0,
        "Gain On Sale Of Security": NaN,
        "Net Non Operating Interest Income Expense": NaN,
        "Interest Expense Non Operating": NaN,
        "Operating Income": NaN,
        "Operating Expense": NaN,
        "Selling General And Administration": NaN,
        "General And Administrative Expense": 13830000.0,
        "Other Gand A": 3809000.0,
        "Insurance And Claims": 524000.0,
        "Salaries And Wages": 9497000.0,
        "Gross Profit": NaN,
        "Cost Of Revenue": NaN,
        "Total Revenue": NaN,
        "Operating Revenue": NaN
    },
    "2024-06-30": {
        "Tax Effect Of Unusual Items": NaN,
        "Tax Rate For Calcs": NaN,
        "Normalized EBITDA": NaN,
        "Total Unusual Items": NaN,
        "Total Unusual Items Excluding Goodwill": NaN,
        "Net Income From Continuing Operation Net Minority Interest": NaN,
        "Reconciled Depreciation": NaN,
        "Reconciled Cost Of Revenue": NaN,
        "EBITDA": NaN,
        "EBIT": NaN,
        "Net Interest Income": NaN,
        "Interest Expense": NaN,
        "Normalized Income": NaN,
        "Net Income From Continuing And Discontinued Operation": NaN,
        "Total Expenses": NaN,
        "Total Operating Income As Reported": NaN,
        "Diluted Average Shares": NaN,
        "Basic Average Shares": NaN,
        "Diluted EPS": NaN,
        "Basic EPS": NaN,
        "Diluted NI Availto Com Stockholders": NaN,
        "Net Income Common Stockholders": NaN,
        "Net Income": NaN,
        "Minority Interests": NaN,
        "Net Income Including Noncontrolling Interests": NaN,
        "Net Income Continuous Operations": NaN,
        "Tax Provision": NaN,
        "Pretax Income": NaN,
        "Other Income Expense": NaN,
        "Other Non Operating Income Expenses": NaN,
        "Special Income Charges": 0.0,
        "Gain On Sale Of Security": NaN,
        "Net Non Operating Interest Income Expense": NaN,
        "Interest Expense Non Operating": NaN,
        "Operating Income": NaN,
        "Operating Expense": NaN,
        "Selling General And Administration": NaN,
        "General And Administrative Expense": 14820000.0,
        "Other Gand A": 4425000.0,
        "Insurance And Claims": 608000.0,
        "Salaries And Wages": 9787000.0,
        "Gross Profit": NaN,
        "Cost Of Revenue": NaN,
        "Total Revenue": NaN,
        "Operating Revenue": NaN
    },
    "2024-09-30": {
        "Tax Effect Of Unusual Items": 45570.0,
        "Tax Rate For Calcs": 0.21,
        "Normalized EBITDA": 5916000.0,
        "Total Unusual Items": 217000.0,
        "Total Unusual Items Excluding Goodwill": 217000.0,
        "Net Income From Continuing Operation Net Minority Interest": 4147000.0,
        "Reconciled Depreciation": 1356000.0,
        "Reconciled Cost Of Revenue": 26830000.0,
        "EBITDA": 6133000.0,
        "EBIT": 4777000.0,
        "Net Interest Income": -108000.0,
        "Interest Expense": 108000.0,
        "Normalized Income": 3975570.0,
        "Net Income From Continuing And Discontinued Operation": 4147000.0,
        "Total Expenses": 40969000.0,
        "Total Operating Income As Reported": 3037000.0,
        "Diluted Average Shares": 2588000.0,
        "Basic Average Shares": 2548000.0,
        "Diluted EPS": 1.6,
        "Basic EPS": 1.63,
        "Diluted NI Availto Com Stockholders": 4147000.0,
        "Net Income Common Stockholders": 4147000.0,
        "Net Income": 4147000.0,
        "Minority Interests": -557000.0,
        "Net Income Including Noncontrolling Interests": 4704000.0,
        "Net Income Continuous Operations": 4704000.0,
        "Tax Provision": -35000.0,
        "Pretax Income": 4669000.0,
        "Other Income Expense": 1740000.0,
        "Other Non Operating Income Expenses": 1523000.0,
        "Special Income Charges": 0.0,
        "Gain On Sale Of Security": 217000.0,
        "Net Non Operating Interest Income Expense": -108000.0,
        "Interest Expense Non Operating": 108000.0,
        "Operating Income": 3037000.0,
        "Operating Expense": 14139000.0,
        "Selling General And Administration": 14139000.0,
        "General And Administrative Expense": NaN,
        "Other Gand A": NaN,
        "Insurance And Claims": NaN,
        "Salaries And Wages": NaN,
        "Gross Profit": 17176000.0,
        "Cost Of Revenue": 26830000.0,
        "Total Revenue": 44006000.0,
        "Operating Revenue": 44006000.0
    },
    "2024-12-31": {
        "Tax Effect Of Unusual Items": -456750.0,
        "Tax Rate For Calcs": 0.21,
        "Normalized EBITDA": 6799000.0,
        "Total Unusual Items": -2175000.0,
        "Total Unusual Items Excluding Goodwill": -2175000.0,
        "Net Income From Continuing Operation Net Minority Interest": 3471000.0,
        "Reconciled Depreciation": 1419000.0,
        "Reconciled Cost Of Revenue": 27035000.0,
        "EBITDA": 4624000.0,
        "EBIT": 3205000.0,
        "Net Interest Income": -91000.0,
        "Interest Expense": 91000.0,
        "Normalized Income": 5189250.0,
        "Net Income From Continuing And Discontinued Operation": 3471000.0,
        "Total Expenses": 42066000.0,
        "Total Operating Income As Reported": 2937000.0,
        "Diluted Average Shares": 2628000.0,
        "Basic Average Shares": 2551000.0,
        "Diluted EPS": 1.32,
        "Basic EPS": 1.36,
        "Diluted NI Availto Com Stockholders": 3471000.0,
        "Net Income Common Stockholders": 3471000.0,
        "Net Income": 3471000.0,
        "Minority Interests": -249000.0,
        "Net Income Including Noncontrolling Interests": 3720000.0,
        "Net Income Continuous Operations": 3720000.0,
        "Tax Provision": -606000.0,
        "Pretax Income": 3114000.0,
        "Other Income Expense": 268000.0,
        "Other Non Operating Income Expenses": 2443000.0,
        "Special Income Charges": 0.0,
        "Gain On Sale Of Security": -2175000.0,
        "Net Non Operating Interest Income Expense": -91000.0,
        "Interest Expense Non Operating": 91000.0,
        "Operating Income": 2937000.0,
        "Operating Expense": 15031000.0,
        "Selling General And Administration": 15031000.0,
        "General And Administrative Expense": NaN,
        "Other Gand A": NaN,
        "Insurance And Claims": NaN,
        "Salaries And Wages": NaN,
        "Gross Profit": 17968000.0,
        "Cost Of Revenue": 27035000.0,
        "Total Revenue": 45003000.0,
        "Operating Revenue": 45003000.0
    },
    "2025-03-31": {
        "Tax Effect Of Unusual Items": -393.0,
        "Tax Rate For Calcs": 0.131,
        "Normalized EBITDA": 6543000.0,
        "Total Unusual Items": -3000.0,
        "Total Unusual Items Excluding Goodwill": -3000.0,
        "Net Income From Continuing Operation Net Minority Interest": 4056000.0,
        "Reconciled Depreciation": 1371000.0,
        "Reconciled Cost Of Revenue": 29521000.0,
        "EBITDA": 6540000.0,
        "EBIT": 5169000.0,
        "Net Interest Income": -42000.0,
        "Interest Expense": 42000.0,
        "Normalized Income": 4058607.0,
        "Net Income From Continuing And Discontinued Operation": 4056000.0,
        "Total Expenses": 45716000.0,
        "Total Operating Income As Reported": 4289000.0,
        "Diluted Average Shares": 2686000.0,
        "Basic Average Shares": 2568000.0,
        "Diluted EPS": 1.51,
        "Basic EPS": 1.58,
        "Diluted NI Availto Com Stockholders": 4056000.0,
        "Net Income Common Stockholders": 4056000.0,
        "Net Income": 4056000.0,
        "Minority Interests": -398000.0,
        "Net Income Including Noncontrolling Interests": 4454000.0,
        "Net Income Continuous Operations": 4454000.0,
        "Tax Provision": 673000.0,
        "Pretax Income": 5127000.0,
        "Other Income Expense": 880000.0,
        "Other Non Operating Income Expenses": 883000.0,
        "Special Income Charges": NaN,
        "Gain On Sale Of Security": -3000.0,
        "Net Non Operating Interest Income Expense": -42000.0,
        "Interest Expense Non Operating": 42000.0,
        "Operating Income": 4289000.0,
        "Operating Expense": 16195000.0,
        "Selling General And Administration": 16195000.0,
        "General And Administrative Expense": 16195000.0,
        "Other Gand A": 4307000.0,
        "Insurance And Claims": 491000.0,
        "Salaries And Wages": 11397000.0,
        "Gross Profit": 20484000.0,
        "Cost Of Revenue": 29521000.0,
        "Total Revenue": 50005000.0,
        "Operating Revenue": 50005000.0
    },
    "2025-06-30": {
        "Tax Effect Of Unusual Items": 252210.0,
        "Tax Rate For Calcs": 0.21,
        "Normalized EBITDA": 935000.0,
        "Total Unusual Items": 1201000.0,
        "Total Unusual Items Excluding Goodwill": 1201000.0,
        "Net Income From Continuing Operation Net Minority Interest": 924000.0,
        "Reconciled Depreciation": 1402000.0,
        "Reconciled Cost Of Revenue": 24858000.0,
        "EBITDA": 2136000.0,
        "EBIT": 734000.0,
        "Net Interest Income": -68000.0,
        "Interest Expense": 68000.0,
        "Normalized Income": -24790.0,
        "Net Income From Continuing And Discontinued Operation": 924000.0,
        "Total Expenses": 38484000.0,
        "Total Operating Income As Reported": -2030000.0,
        "Diluted Average Shares": 2734000.0,
        "Basic Average Shares": 2594000.0,
        "Diluted EPS": 0.34,
        "Basic EPS": 0.36,
        "Diluted NI Availto Com Stockholders": 924000.0,
        "Net Income Common Stockholders": 924000.0,
        "Net Income": 924000.0,
        "Minority Interests": -774000.0,
        "Net Income Including Noncontrolling Interests": 1698000.0,
        "Net Income Continuous Operations": 1698000.0,
        "Tax Provision": -1032000.0,
        "Pretax Income": 666000.0,
        "Other Income Expense": 2764000.0,
        "Other Non Operating Income Expenses": 1563000.0,
        "Special Income Charges": NaN,
        "Gain On Sale Of Security": 1201000.0,
        "Net Non Operating Interest Income Expense": -68000.0,
        "Interest Expense Non Operating": 68000.0,
        "Operating Income": -2030000.0,
        "Operating Expense": 13626000.0,
        "Selling General And Administration": 13626000.0,
        "General And Administrative Expense": 13626000.0,
        "Other Gand A": 3480000.0,
        "Insurance And Claims": 523000.0,
        "Salaries And Wages": 9623000.0,
        "Gross Profit": 11596000.0,
        "Cost Of Revenue": 24858000.0,
        "Total Revenue": 36454000.0,
        "Operating Revenue": 36454000.0
    },
    "2025-09-30": {
        "Tax Effect Of Unusual Items": -93870.0,
        "Tax Rate For Calcs": 0.21,
        "Normalized EBITDA": 5774000.0,
        "Total Unusual Items": -447000.0,
        "Total Unusual Items Excluding Goodwill": -447000.0,
        "Net Income From Continuing Operation Net Minority Interest": 3808000.0,
        "Reconciled Depreciation": 1535000.0,
        "Reconciled Cost Of Revenue": 28660000.0,
        "EBITDA": 5327000.0,
        "EBIT": 3792000.0,
        "Net Interest Income": -99000.0,
        "Interest Expense": 99000.0,
        "Normalized Income": 4161130.0,
        "Net Income From Continuing And Discontinued Operation": 3808000.0,
        "Total Expenses": 43475000.0,
        "Total Operating Income As Reported": 3063000.0,
        "Diluted Average Shares": 2778000.0,
        "Basic Average Shares": 2594000.0,
        "Diluted EPS": 1.37,
        "Basic EPS": 1.47,
        "Diluted NI Availto Com Stockholders": 3808000.0,
        "Net Income Common Stockholders": 3808000.0,
        "Net Income": 3808000.0,
        "Minority Interests": -434000.0,
        "Net Income Including Noncontrolling Interests": 4242000.0,
        "Net Income Continuous Operations": 4242000.0,
        "Tax Provision": -549000.0,
        "Pretax Income": 3693000.0,
        "Other Income Expense": 729000.0,
        "Other Non Operating Income Expenses": 1176000.0,
        "Special Income Charges": NaN,
        "Gain On Sale Of Security": -447000.0,
        "Net Non Operating Interest Income Expense": -99000.0,
        "Interest Expense Non Operating": 99000.0,
        "Operating Income": 3063000.0,
        "Operating Expense": 14815000.0,
        "Selling General And Administration": 14815000.0,
        "General And Administrative Expense": 14815000.0,
        "Other Gand A": 3711000.0,
        "Insurance And Claims": 545000.0,
        "Salaries And Wages": 10559000.0,
        "Gross Profit": 17878000.0,
        "Cost Of Revenue": 28660000.0,
        "Total Revenue": 46538000.0,
        "Operating Revenue": 46538000.0
    }
}