{
    "2023-06-30": {
        "Tax Effect Of Unusual Items": -12272000.0,
        "Tax Rate For Calcs": 0.208,
        "Normalized EBITDA": 495000000.0,
        "Total Unusual Items": -59000000.0,
        "Total Unusual Items Excluding Goodwill": -59000000.0,
        "Net Income From Continuing Operation Net Minority Interest": 267000000.0,
        "Reconciled Depreciation": 65000000.0,
        "Reconciled Cost Of Revenue": 834000000.0,
        "EBITDA": 436000000.0,
        "EBIT": 371000000.0,
        "Net Interest Income": -28000000.0,
        "Interest Expense": 34000000.0,
        "Interest Income": 8000000.0,
        "Normalized Income": 313728000.0,
        "Net Income From Continuing And Discontinued Operation": 267000000.0,
        "Total Expenses": 992000000.0,
        "Rent Expense Supplemental": 32000000.0,
        "Total Operating Income As Reported": 382000000.0,
        "Diluted Average Shares": 493631085.0,
        "Basic Average Shares": 490778304.0,
        "Diluted EPS": 0.54,
        "Basic EPS": 0.54,
        "Diluted NI Availto Com Stockholders": 267000000.0,
        "Net Income Common Stockholders": 267000000.0,
        "Net Income": 267000000.0,
        "Minority Interests": 0.0,
        "Net Income Including Noncontrolling Interests": 267000000.0,
        "Net Income Continuous Operations": 267000000.0,
        "Tax Provision": 70000000.0,
        "Pretax Income": 337000000.0,
        "Other Income Expense": -76000000.0,
        "Other Non Operating Income Expenses": -6000000.0,
        "Special Income Charges": -59000000.0,
        "Restructuring And Mergern Acquisition": 59000000.0,
        "Earnings From Equity Interest": -11000000.0,
        "Net Non Operating Interest Income Expense": -28000000.0,
        "Total Other Finance Cost": 2000000.0,
        "Interest Expense Non Operating": 34000000.0,
        "Interest Income Non Operating": 8000000.0,
        "Operating Income": 441000000.0,
        "Operating Expense": 158000000.0,
        "Depreciation Amortization Depletion Income Statement": 65000000.0,
        "Depreciation And Amortization In Income Statement": 65000000.0,
        "Selling General And Administration": 93000000.0,
        "Selling And Marketing Expense": 9000000.0,
        "General And Administrative Expense": 84000000.0,
        "Other Gand A": 52000000.0,
        "Rent And Landing Fees": 32000000.0,
        "Gross Profit": 599000000.0,
        "Cost Of Revenue": 834000000.0,
        "Total Revenue": 1433000000.0,
        "Operating Revenue": 1423000000.0
    },
    "2023-03-31": {
        "Tax Effect Of Unusual Items": -4800000.0,
        "Tax Rate For Calcs": 0.24,
        "Normalized EBITDA": 520000000.0,
        "Total Unusual Items": -20000000.0,
        "Total Unusual Items Excluding Goodwill": -20000000.0,
        "Net Income From Continuing Operation Net Minority Interest": 302000000.0,
        "Reconciled Depreciation": 69000000.0,
        "Reconciled Cost Of Revenue": 938000000.0,
        "EBITDA": 500000000.0,
        "EBIT": 431000000.0,
        "Net Interest Income": -30000000.0,
        "Interest Expense": 35000000.0,
        "Interest Income": 6000000.0,
        "Normalized Income": 317200000.0,
        "Net Income From Continuing And Discontinued Operation": 302000000.0,
        "Total Expenses": 1101000000.0,
        "Rent Expense Supplemental": 39000000.0,
        "Total Operating Income As Reported": 412000000.0,
        "Diluted Average Shares": 494769011.0,
        "Basic Average Shares": 489931178.0,
        "Diluted EPS": 0.61,
        "Basic EPS": 0.62,
        "Diluted NI Availto Com Stockholders": 302000000.0,
        "Net Income Common Stockholders": 302000000.0,
        "Net Income": 302000000.0,
        "Minority Interests": 1000000.0,
        "Net Income Including Noncontrolling Interests": 301000000.0,
        "Net Income Continuous Operations": 301000000.0,
        "Tax Provision": 95000000.0,
        "Pretax Income": 396000000.0,
        "Other Income Expense": -6000000.0,
        "Other Non Operating Income Expenses": NaN,
        "Special Income Charges": -20000000.0,
        "Gain On Sale Of Business": NaN,
        "Restructuring And Mergern Acquisition": 20000000.0,
        "Earnings From Equity Interest": 14000000.0,
        "Net Non Operating Interest Income Expense": -30000000.0,
        "Total Other Finance Cost": 1000000.0,
        "Interest Expense Non Operating": 35000000.0,
        "Interest Income Non Operating": 6000000.0,
        "Operating Income": 432000000.0,
        "Operating Expense": 163000000.0,
        "Depreciation Amortization Depletion Income Statement": 69000000.0,
        "Depreciation And Amortization In Income Statement": 69000000.0,
        "Selling General And Administration": 94000000.0,
        "Selling And Marketing Expense": 9000000.0,
        "General And Administrative Expense": 85000000.0,
        "Other Gand A": 46000000.0,
        "Rent And Landing Fees": 39000000.0,
        "Gross Profit": 595000000.0,
        "Cost Of Revenue": 938000000.0,
        "Total Revenue": 1533000000.0,
        "Operating Revenue": 1523000000.0
    },
    "2022-12-31": {
        "Tax Effect Of Unusual Items": NaN,
        "Tax Rate For Calcs": NaN,
        "Normalized EBITDA": NaN,
        "Total Unusual Items": NaN,
        "Total Unusual Items Excluding Goodwill": NaN,
        "Net Income From Continuing Operation Net Minority Interest": NaN,
        "Reconciled Depreciation": NaN,
        "Reconciled Cost Of Revenue": NaN,
        "EBITDA": NaN,
        "EBIT": NaN,
        "Net Interest Income": NaN,
        "Interest Expense": NaN,
        "Interest Income": NaN,
        "Normalized Income": NaN,
        "Net Income From Continuing And Discontinued Operation": NaN,
        "Total Expenses": NaN,
        "Rent Expense Supplemental": NaN,
        "Total Operating Income As Reported": NaN,
        "Diluted Average Shares": NaN,
        "Basic Average Shares": NaN,
        "Diluted EPS": NaN,
        "Basic EPS": NaN,
        "Diluted NI Availto Com Stockholders": NaN,
        "Net Income Common Stockholders": NaN,
        "Net Income": NaN,
        "Minority Interests": NaN,
        "Net Income Including Noncontrolling Interests": NaN,
        "Net Income Continuous Operations": NaN,
        "Tax Provision": NaN,
        "Pretax Income": NaN,
        "Other Income Expense": NaN,
        "Other Non Operating Income Expenses": NaN,
        "Special Income Charges": NaN,
        "Gain On Sale Of Business": 0.0,
        "Restructuring And Mergern Acquisition": NaN,
        "Earnings From Equity Interest": NaN,
        "Net Non Operating Interest Income Expense": NaN,
        "Total Other Finance Cost": NaN,
        "Interest Expense Non Operating": NaN,
        "Interest Income Non Operating": NaN,
        "Operating Income": NaN,
        "Operating Expense": NaN,
        "Depreciation Amortization Depletion Income Statement": NaN,
        "Depreciation And Amortization In Income Statement": NaN,
        "Selling General And Administration": NaN,
        "Selling And Marketing Expense": NaN,
        "General And Administrative Expense": NaN,
        "Other Gand A": NaN,
        "Rent And Landing Fees": NaN,
        "Gross Profit": NaN,
        "Cost Of Revenue": NaN,
        "Total Revenue": NaN,
        "Operating Revenue": NaN
    },
    "2022-09-30": {
        "Tax Effect Of Unusual Items": NaN,
        "Tax Rate For Calcs": NaN,
        "Normalized EBITDA": NaN,
        "Total Unusual Items": NaN,
        "Total Unusual Items Excluding Goodwill": NaN,
        "Net Income From Continuing Operation Net Minority Interest": NaN,
        "Reconciled Depreciation": NaN,
        "Reconciled Cost Of Revenue": NaN,
        "EBITDA": NaN,
        "EBIT": NaN,
        "Net Interest Income": NaN,
        "Interest Expense": NaN,
        "Interest Income": NaN,
        "Normalized Income": NaN,
        "Net Income From Continuing And Discontinued Operation": NaN,
        "Total Expenses": NaN,
        "Rent Expense Supplemental": NaN,
        "Total Operating Income As Reported": NaN,
        "Diluted Average Shares": NaN,
        "Basic Average Shares": NaN,
        "Diluted EPS": NaN,
        "Basic EPS": NaN,
        "Diluted NI Availto Com Stockholders": NaN,
        "Net Income Common Stockholders": NaN,
        "Net Income": NaN,
        "Minority Interests": NaN,
        "Net Income Including Noncontrolling Interests": NaN,
        "Net Income Continuous Operations": NaN,
        "Tax Provision": NaN,
        "Pretax Income": NaN,
        "Other Income Expense": NaN,
        "Other Non Operating Income Expenses": NaN,
        "Special Income Charges": NaN,
        "Gain On Sale Of Business": 0.0,
        "Restructuring And Mergern Acquisition": NaN,
        "Earnings From Equity Interest": NaN,
        "Net Non Operating Interest Income Expense": NaN,
        "Total Other Finance Cost": NaN,
        "Interest Expense Non Operating": NaN,
        "Interest Income Non Operating": NaN,
        "Operating Income": NaN,
        "Operating Expense": NaN,
        "Depreciation Amortization Depletion Income Statement": NaN,
        "Depreciation And Amortization In Income Statement": NaN,
        "Selling General And Administration": NaN,
        "Selling And Marketing Expense": NaN,
        "General And Administrative Expense": NaN,
        "Other Gand A": NaN,
        "Rent And Landing Fees": NaN,
        "Gross Profit": NaN,
        "Cost Of Revenue": NaN,
        "Total Revenue": NaN,
        "Operating Revenue": NaN
    },
    "2022-06-30": {
        "Tax Effect Of Unusual Items": -2720403.02267,
        "Tax Rate For Calcs": 0.2267,
        "Normalized EBITDA": 506000000.0,
        "Total Unusual Items": -12000000.0,
        "Total Unusual Items Excluding Goodwill": -12000000.0,
        "Net Income From Continuing Operation Net Minority Interest": 307000000.0,
        "Reconciled Depreciation": 65000000.0,
        "Reconciled Cost Of Revenue": 964000000.0,
        "EBITDA": 494000000.0,
        "EBIT": 429000000.0,
        "Net Interest Income": -32000000.0,
        "Interest Expense": 32000000.0,
        "Interest Income": 0.0,
        "Normalized Income": 316279596.97733,
        "Net Income From Continuing And Discontinued Operation": 307000000.0,
        "Total Expenses": 1128000000.0,
        "Rent Expense Supplemental": 25000000.0,
        "Total Operating Income As Reported": 412000000.0,
        "Diluted Average Shares": 496580127.0,
        "Basic Average Shares": 492235377.0,
        "Diluted EPS": 0.62,
        "Basic EPS": 0.62,
        "Diluted NI Availto Com Stockholders": 307000000.0,
        "Net Income Common Stockholders": 307000000.0,
        "Net Income": 307000000.0,
        "Minority Interests": 0.0,
        "Net Income Including Noncontrolling Interests": 307000000.0,
        "Net Income Continuous Operations": 307000000.0,
        "Tax Provision": 90000000.0,
        "Pretax Income": 397000000.0,
        "Other Income Expense": 5000000.0,
        "Other Non Operating Income Expenses": 8000000.0,
        "Special Income Charges": -12000000.0,
        "Gain On Sale Of Business": 0.0,
        "Restructuring And Mergern Acquisition": 12000000.0,
        "Earnings From Equity Interest": 9000000.0,
        "Net Non Operating Interest Income Expense": -32000000.0,
        "Total Other Finance Cost": 2000000.0,
        "Interest Expense Non Operating": 32000000.0,
        "Interest Income Non Operating": 0.0,
        "Operating Income": 424000000.0,
        "Operating Expense": 164000000.0,
        "Other Operating Expenses": NaN,
        "Depreciation Amortization Depletion Income Statement": 65000000.0,
        "Depreciation And Amortization In Income Statement": 65000000.0,
        "Selling General And Administration": 99000000.0,
        "Selling And Marketing Expense": 11000000.0,
        "General And Administrative Expense": 88000000.0,
        "Other Gand A": 63000000.0,
        "Rent And Landing Fees": 25000000.0,
        "Gross Profit": 588000000.0,
        "Cost Of Revenue": 964000000.0,
        "Total Revenue": 1552000000.0,
        "Operating Revenue": 1551000000.0
    },
    "2022-03-31": {
        "Diluted EPS": 0.57,
        "Total Revenue": NaN,
        "Gross Profit": 892,
        "Operating Income": 405,
        "EBIT": 472,
        "Net Income": 284
    },
    "2021-12-31": {
        "Diluted EPS": 0.51,
        "Total Revenue": NaN,
        "Gross Profit": 885,
        "Operating Income": 344,
        "EBIT": 425,
        "Net Income": 260
    },
    "2021-09-30": {
        "Diluted EPS": 0.56,
        "Total Revenue": NaN,
        "Gross Profit": 838,
        "Operating Income": 356,
        "EBIT": 422,
        "Net Income": 288
    },
    "2021-06-30": {
        "Diluted EPS": 0.68,
        "Total Revenue": NaN,
        "Gross Profit": 846,
        "Operating Income": 376,
        "EBIT": 444,
        "Net Income": 341
    },
    "2021-03-31": {
        "Diluted EPS": 0.59,
        "Total Revenue": NaN,
        "Gross Profit": 851,
        "Operating Income": 365,
        "EBIT": 428,
        "Net Income": 298
    },
    "2020-12-31": {
        "Diluted EPS": 0.44,
        "Total Revenue": NaN,
        "Gross Profit": 788,
        "Operating Income": 318,
        "EBIT": 371,
        "Net Income": 225
    },
    "2020-09-30": {
        "Diluted EPS": 0.53,
        "Total Revenue": NaN,
        "Gross Profit": 715,
        "Operating Income": 326,
        "EBIT": 377,
        "Net Income": 264
    },
    "2020-06-30": {
        "Diluted EPS": 0.48,
        "Total Revenue": NaN,
        "Gross Profit": 699,
        "Operating Income": 315,
        "EBIT": 365,
        "Net Income": 241
    },
    "2020-03-31": {
        "Diluted EPS": 0.41,
        "Total Revenue": NaN,
        "Gross Profit": 701,
        "Operating Income": 275,
        "EBIT": 323,
        "Net Income": 203
    },
    "2019-12-31": {
        "Diluted EPS": 0.4,
        "Total Revenue": NaN,
        "Gross Profit": 646,
        "Operating Income": 260,
        "EBIT": 307,
        "Net Income": 203
    },
    "2019-09-30": {
        "Diluted EPS": 0.3,
        "Total Revenue": NaN,
        "Gross Profit": 632,
        "Operating Income": 226,
        "EBIT": 273,
        "Net Income": 150
    },
    "2019-06-30": {
        "Diluted EPS": 0.35,
        "Total Revenue": NaN,
        "Gross Profit": 623,
        "Operating Income": 256,
        "EBIT": 304,
        "Net Income": 174
    },
    "2019-03-31": {
        "Diluted EPS": 0.49,
        "Total Revenue": NaN,
        "Gross Profit": 634,
        "Operating Income": 275,
        "EBIT": 323,
        "Net Income": 247
    },
    "2018-12-31": {
        "Diluted EPS": -0.09,
        "Total Revenue": NaN,
        "Gross Profit": 645,
        "Operating Income": 240,
        "EBIT": 291,
        "Net Income": -44
    },
    "2018-09-30": {
        "Diluted EPS": 0.32,
        "Total Revenue": 964,
        "Gross Profit": 600,
        "Operating Income": 246,
        "EBIT": 299,
        "Net Income": 163
    },
    "2018-06-30": {
        "Diluted EPS": 0.32,
        "Total Revenue": NaN,
        "Gross Profit": 615,
        "Operating Income": 269,
        "EBIT": 322,
        "Net Income": 162
    },
    "2018-03-31": {
        "Diluted EPS": 0.35,
        "Total Revenue": NaN,
        "Gross Profit": 666,
        "Operating Income": 273,
        "EBIT": 326,
        "Net Income": 177
    },
    "2017-12-31": {
        "Diluted EPS": 0.48,
        "Total Revenue": NaN,
        "Gross Profit": 631,
        "Operating Income": 241,
        "EBIT": 289,
        "Net Income": 245
    },
    "2017-09-30": {
        "Diluted EPS": 0.33,
        "Total Revenue": 965,
        "Gross Profit": 603,
        "Operating Income": 262,
        "EBIT": 310,
        "Net Income": 170
    },
    "2017-06-30": {
        "Diluted EPS": 0.29,
        "Total Revenue": 994,
        "Gross Profit": 596,
        "Operating Income": 242,
        "EBIT": 289,
        "Net Income": 146
    },
    "2017-03-31": {
        "Diluted EPS": 0.33,
        "Total Revenue": 969,
        "Gross Profit": 581,
        "Operating Income": 246,
        "EBIT": 291,
        "Net Income": 168
    },
    "2016-12-31": {
        "Diluted EPS": -0.45,
        "Total Revenue": 973,
        "Gross Profit": 598,
        "Operating Income": 210,
        "EBIT": 255,
        "Net Income": -227
    },
    "2016-09-30": {
        "Diluted EPS": 0.26,
        "Total Revenue": 929,
        "Gross Profit": 585,
        "Operating Income": 233,
        "EBIT": 279,
        "Net Income": 131
    },
    "2016-06-30": {
        "Diluted EPS": 0.14,
        "Total Revenue": 897,
        "Gross Profit": 559,
        "Operating Income": 174,
        "EBIT": 215,
        "Net Income": 70
    },
    "2016-03-31": {
        "Diluted EPS": 0.26,
        "Total Revenue": 905,
        "Gross Profit": 534,
        "Operating Income": 219,
        "EBIT": 257,
        "Net Income": 132
    },
    "2015-12-31": {
        "Diluted EPS": 0.29,
        "Total Revenue": 867,
        "Gross Profit": 536,
        "Operating Income": 245,
        "EBIT": 281,
        "Net Income": 148
    },
    "2015-09-30": {
        "Diluted EPS": 0.27,
        "Total Revenue": 871,
        "Gross Profit": 529,
        "Operating Income": 231,
        "EBIT": 266,
        "Net Income": 138
    },
    "2015-06-30": {
        "Diluted EPS": 0.26,
        "Total Revenue": 807,
        "Gross Profit": 518,
        "Operating Income": 217,
        "EBIT": 250,
        "Net Income": 133
    },
    "2015-03-31": {
        "Diluted EPS": 0.02,
        "Total Revenue": 858,
        "Gross Profit": 507,
        "Operating Income": 27,
        "EBIT": 61,
        "Net Income": 9
    },
    "2014-12-31": {
        "Diluted EPS": 0.17,
        "Total Revenue": 919,
        "Gross Profit": 518,
        "Operating Income": 172,
        "EBIT": 205,
        "Net Income": 87
    },
    "2014-09-30": {
        "Diluted EPS": 0.24,
        "Total Revenue": 818,
        "Gross Profit": 497,
        "Operating Income": 207,
        "EBIT": 242,
        "Net Income": 123
    },
    "2014-06-30": {
        "Diluted EPS": 0.2,
        "Total Revenue": 865,
        "Gross Profit": 523,
        "Operating Income": 191,
        "EBIT": 225,
        "Net Income": 101
    },
    "2014-03-31": {
        "Diluted EPS": 0.2,
        "Total Revenue": 898,
        "Gross Profit": 529,
        "Operating Income": 184,
        "EBIT": 219,
        "Net Income": 103
    },
    "2013-12-31": {
        "Diluted EPS": 0.27,
        "Total Revenue": 848,
        "Gross Profit": 520,
        "Operating Income": 237,
        "EBIT": 271,
        "Net Income": 142
    },
    "2013-09-30": {
        "Diluted EPS": 0.22,
        "Total Revenue": 805,
        "Gross Profit": 506,
        "Operating Income": 202,
        "EBIT": 235,
        "Net Income": 113
    },
    "2013-06-30": {
        "Diluted EPS": 0.17,
        "Total Revenue": 814,
        "Gross Profit": 451,
        "Operating Income": 159,
        "EBIT": 187,
        "Net Income": 88
    },
    "2013-03-31": {
        "Diluted EPS": 0.08,
        "Total Revenue": 744,
        "Gross Profit": 418,
        "Operating Income": 90,
        "EBIT": 117,
        "Net Income": 42
    },
    "2012-12-31": {
        "Diluted EPS": 0.17,
        "Total Revenue": 755,
        "Gross Profit": 421,
        "Operating Income": 174,
        "EBIT": 199,
        "Net Income": 85
    },
    "2012-09-30": {
        "Diluted EPS": 0.17,
        "Total Revenue": 746,
        "Gross Profit": 412,
        "Operating Income": 170,
        "EBIT": 197,
        "Net Income": 89
    },
    "2012-06-30": {
        "Diluted EPS": 0.18,
        "Total Revenue": 815,
        "Gross Profit": 427,
        "Operating Income": 175,
        "EBIT": 200,
        "Net Income": 93
    },
    "2012-03-31": {
        "Diluted EPS": 0.16,
        "Total Revenue": 804,
        "Gross Profit": 414,
        "Operating Income": 171,
        "EBIT": 198,
        "Net Income": 85
    },
    "2011-12-31": {
        "Diluted EPS": 0.15,
        "Total Revenue": 842,
        "Gross Profit": 426,
        "Operating Income": 160,
        "EBIT": 189,
        "Net Income": 81
    },
    "2011-09-30": {
        "Diluted EPS": 0.2,
        "Total Revenue": 944,
        "Gross Profit": 436,
        "Operating Income": 195,
        "EBIT": 224,
        "Net Income": 110
    },
    "2011-06-30": {
        "Diluted EPS": 0.17,
        "Total Revenue": 837,
        "Gross Profit": 415,
        "Operating Income": 158,
        "EBIT": 186,
        "Net Income": 92
    },
    "2011-03-31": {
        "Diluted EPS": 0.19,
        "Total Revenue": 815,
        "Gross Profit": 413,
        "Operating Income": 183,
        "EBIT": 212,
        "Net Income": 104
    },
    "2010-12-31": {
        "Diluted EPS": 0.22,
        "Total Revenue": 777,
        "Gross Profit": 394,
        "Operating Income": 175,
        "EBIT": 204,
        "Net Income": 136
    },
    "2010-09-30": {
        "Diluted EPS": 0.17,
        "Total Revenue": 757,
        "Gross Profit": 372,
        "Operating Income": 165,
        "EBIT": 192,
        "Net Income": 101
    },
    "2010-06-30": {
        "Diluted EPS": 0.15,
        "Total Revenue": 886,
        "Gross Profit": 390,
        "Operating Income": 179,
        "EBIT": 206,
        "Net Income": 96
    },
    "2010-03-31": {
        "Diluted EPS": 0.09,
        "Total Revenue": 771,
        "Gross Profit": 360,
        "Operating Income": 112,
        "EBIT": 138,
        "Net Income": 61
    },
    "2009-12-31": {
        "Diluted EPS": 0.07,
        "Total Revenue": 817,
        "Gross Profit": 368,
        "Operating Income": 147,
        "EBIT": 184,
        "Net Income": 43
    },
    "2009-09-30": {
        "Diluted EPS": 0.09,
        "Total Revenue": 810,
        "Gross Profit": 349,
        "Operating Income": 131,
        "EBIT": 159,
        "Net Income": 60
    },
    "2009-06-30": {
        "Diluted EPS": 0.11,
        "Total Revenue": 889,
        "Gross Profit": 367,
        "Operating Income": 159,
        "EBIT": 185,
        "Net Income": 69
    },
    "2009-03-31": {
        "Diluted EPS": 0.15,
        "Total Revenue": 895,
        "Gross Profit": 369,
        "Operating Income": 166,
        "EBIT": 190,
        "Net Income": 94
    },
    "2023-09-30": {
        "Tax Effect Of Unusual Items": NaN,
        "Tax Rate For Calcs": NaN,
        "Normalized EBITDA": NaN,
        "Total Unusual Items": NaN,
        "Total Unusual Items Excluding Goodwill": NaN,
        "Net Income From Continuing Operation Net Minority Interest": NaN,
        "Reconciled Depreciation": NaN,
        "Reconciled Cost Of Revenue": NaN,
        "EBITDA": NaN,
        "EBIT": NaN,
        "Net Interest Income": NaN,
        "Interest Expense": NaN,
        "Interest Income": NaN,
        "Normalized Income": NaN,
        "Net Income From Continuing And Discontinued Operation": NaN,
        "Total Expenses": NaN,
        "Rent Expense Supplemental": NaN,
        "Total Operating Income As Reported": NaN,
        "Diluted Average Shares": 494111962.0,
        "Basic Average Shares": 491315824.0,
        "Diluted EPS": 0.6,
        "Basic EPS": 0.6,
        "Diluted NI Availto Com Stockholders": NaN,
        "Net Income Common Stockholders": NaN,
        "Net Income": NaN,
        "Minority Interests": NaN,
        "Net Income Including Noncontrolling Interests": NaN,
        "Net Income Continuous Operations": NaN,
        "Tax Provision": NaN,
        "Pretax Income": NaN,
        "Other Income Expense": NaN,
        "Other Non Operating Income Expenses": NaN,
        "Special Income Charges": NaN,
        "Restructuring And Mergern Acquisition": NaN,
        "Earnings From Equity Interest": NaN,
        "Net Non Operating Interest Income Expense": NaN,
        "Total Other Finance Cost": NaN,
        "Interest Expense Non Operating": NaN,
        "Interest Income Non Operating": NaN,
        "Operating Income": NaN,
        "Operating Expense": NaN,
        "Depreciation Amortization Depletion Income Statement": NaN,
        "Depreciation And Amortization In Income Statement": NaN,
        "Selling General And Administration": NaN,
        "Selling And Marketing Expense": NaN,
        "General And Administrative Expense": NaN,
        "Other Gand A": NaN,
        "Rent And Landing Fees": NaN,
        "Gross Profit": NaN,
        "Cost Of Revenue": NaN,
        "Total Revenue": NaN,
        "Operating Revenue": NaN
    },
    "2023-12-31": {
        "Tax Effect Of Unusual Items": -37755395.683453,
        "Tax Rate For Calcs": 0.294964,
        "Normalized EBITDA": 637000000.0,
        "Total Unusual Items": -128000000.0,
        "Total Unusual Items Excluding Goodwill": -128000000.0,
        "Net Income From Continuing Operation Net Minority Interest": 197000000.0,
        "Reconciled Depreciation": 125000000.0,
        "Reconciled Cost Of Revenue": 907000000.0,
        "EBITDA": 509000000.0,
        "EBIT": 384000000.0,
        "Net Interest Income": -81000000.0,
        "Interest Expense": 106000000.0,
        "Interest Income": 29000000.0,
        "Normalized Income": 287244604.316547,
        "Net Income From Continuing And Discontinued Operation": 197000000.0,
        "Total Expenses": 1166000000.0,
        "Rent Expense Supplemental": 30000000.0,
        "Total Operating Income As Reported": 353000000.0,
        "Diluted Average Shares": 550600000.0,
        "Basic Average Shares": 547100000.0,
        "Diluted EPS": 0.36,
        "Basic EPS": 0.36,
        "Diluted NI Availto Com Stockholders": 197000000.0,
        "Net Income Common Stockholders": 197000000.0,
        "Net Income": 197000000.0,
        "Minority Interests": 1000000.0,
        "Net Income Including Noncontrolling Interests": 196000000.0,
        "Net Income Continuous Operations": 196000000.0,
        "Tax Provision": 82000000.0,
        "Pretax Income": 278000000.0,
        "Other Income Expense": -122000000.0,
        "Other Non Operating Income Expenses": 5000000.0,
        "Special Income Charges": -128000000.0,
        "Restructuring And Mergern Acquisition": 128000000.0,
        "Earnings From Equity Interest": 1000000.0,
        "Net Non Operating Interest Income Expense": -81000000.0,
        "Total Other Finance Cost": 4000000.0,
        "Interest Expense Non Operating": 106000000.0,
        "Interest Income Non Operating": 29000000.0,
        "Operating Income": 481000000.0,
        "Operating Expense": 259000000.0,
        "Depreciation Amortization Depletion Income Statement": 125000000.0,
        "Depreciation And Amortization In Income Statement": 125000000.0,
        "Selling General And Administration": 134000000.0,
        "Selling And Marketing Expense": 17000000.0,
        "General And Administrative Expense": 117000000.0,
        "Other Gand A": 87000000.0,
        "Rent And Landing Fees": 30000000.0,
        "Gross Profit": 740000000.0,
        "Cost Of Revenue": 907000000.0,
        "Total Revenue": 1647000000.0,
        "Operating Revenue": 1638000000.0
    },
    "2024-03-31": {
        "Tax Effect Of Unusual Items": -8855000.0,
        "Tax Rate For Calcs": 0.253,
        "Normalized EBITDA": 605000000.0,
        "Total Unusual Items": -35000000.0,
        "Total Unusual Items Excluding Goodwill": -35000000.0,
        "Net Income From Continuing Operation Net Minority Interest": 234000000.0,
        "Reconciled Depreciation": 155000000.0,
        "Reconciled Cost Of Revenue": 973000000.0,
        "EBITDA": 570000000.0,
        "EBIT": 415000000.0,
        "Net Interest Income": -102000000.0,
        "Interest Expense": 103000000.0,
        "Interest Income": 6000000.0,
        "Normalized Income": 260145000.0,
        "Net Income From Continuing And Discontinued Operation": 234000000.0,
        "Total Expenses": 1229000000.0,
        "Rent Expense Supplemental": 28000000.0,
        "Total Operating Income As Reported": 410000000.0,
        "Diluted Average Shares": 578900000.0,
        "Basic Average Shares": 575400000.0,
        "Diluted EPS": 0.4,
        "Basic EPS": 0.41,
        "Diluted NI Availto Com Stockholders": 234000000.0,
        "Net Income Common Stockholders": 234000000.0,
        "Net Income": 234000000.0,
        "Minority Interests": 1000000.0,
        "Net Income Including Noncontrolling Interests": 233000000.0,
        "Net Income Continuous Operations": 233000000.0,
        "Tax Provision": 79000000.0,
        "Pretax Income": 312000000.0,
        "Other Income Expense": -31000000.0,
        "Other Non Operating Income Expenses": 1000000.0,
        "Special Income Charges": -35000000.0,
        "Restructuring And Mergern Acquisition": 35000000.0,
        "Earnings From Equity Interest": 3000000.0,
        "Net Non Operating Interest Income Expense": -102000000.0,
        "Total Other Finance Cost": 5000000.0,
        "Interest Expense Non Operating": 103000000.0,
        "Interest Income Non Operating": 6000000.0,
        "Operating Income": 445000000.0,
        "Operating Expense": 256000000.0,
        "Depreciation Amortization Depletion Income Statement": 155000000.0,
        "Depreciation And Amortization In Income Statement": 155000000.0,
        "Selling General And Administration": 101000000.0,
        "Selling And Marketing Expense": 11000000.0,
        "General And Administrative Expense": 90000000.0,
        "Other Gand A": 62000000.0,
        "Rent And Landing Fees": 28000000.0,
        "Gross Profit": 701000000.0,
        "Cost Of Revenue": 973000000.0,
        "Total Revenue": 1674000000.0,
        "Operating Revenue": 1665000000.0
    },
    "2024-06-30": {
        "Tax Effect Of Unusual Items": -20938416.422287,
        "Tax Rate For Calcs": 0.348974,
        "Normalized EBITDA": 653000000.0,
        "Total Unusual Items": -60000000.0,
        "Total Unusual Items Excluding Goodwill": -60000000.0,
        "Net Income From Continuing Operation Net Minority Interest": 222000000.0,
        "Reconciled Depreciation": 153000000.0,
        "Reconciled Cost Of Revenue": 1048000000.0,
        "EBITDA": 593000000.0,
        "EBIT": 440000000.0,
        "Net Interest Income": -96000000.0,
        "Interest Expense": 99000000.0,
        "Interest Income": 6000000.0,
        "Normalized Income": 261061583.577713,
        "Net Income From Continuing And Discontinued Operation": 222000000.0,
        "Total Expenses": 1309000000.0,
        "Rent Expense Supplemental": 27000000.0,
        "Total Operating Income As Reported": 423000000.0,
        "Diluted Average Shares": 578950776.0,
        "Basic Average Shares": 576375433.0,
        "Diluted EPS": 0.38,
        "Basic EPS": 0.39,
        "Diluted NI Availto Com Stockholders": 222000000.0,
        "Net Income Common Stockholders": 222000000.0,
        "Net Income": 222000000.0,
        "Minority Interests": 0.0,
        "Net Income Including Noncontrolling Interests": 222000000.0,
        "Net Income Continuous Operations": 222000000.0,
        "Tax Provision": 119000000.0,
        "Pretax Income": 341000000.0,
        "Other Income Expense": -46000000.0,
        "Other Non Operating Income Expenses": 12000000.0,
        "Special Income Charges": -60000000.0,
        "Gain On Sale Of Business": 0.0,
        "Restructuring And Mergern Acquisition": 60000000.0,
        "Earnings From Equity Interest": 2000000.0,
        "Net Non Operating Interest Income Expense": -96000000.0,
        "Total Other Finance Cost": 3000000.0,
        "Interest Expense Non Operating": 99000000.0,
        "Interest Income Non Operating": 6000000.0,
        "Operating Income": 483000000.0,
        "Operating Expense": 261000000.0,
        "Depreciation Amortization Depletion Income Statement": 153000000.0,
        "Depreciation And Amortization In Income Statement": 153000000.0,
        "Selling General And Administration": 108000000.0,
        "Selling And Marketing Expense": 12000000.0,
        "General And Administrative Expense": 96000000.0,
        "Other Gand A": 69000000.0,
        "Rent And Landing Fees": 27000000.0,
        "Gross Profit": 744000000.0,
        "Cost Of Revenue": 1048000000.0,
        "Total Revenue": 1792000000.0,
        "Operating Revenue": 1784000000.0
    },
    "2024-09-30": {
        "Tax Effect Of Unusual Items": -4576000.0,
        "Tax Rate For Calcs": 0.143,
        "Normalized EBITDA": 639000000.0,
        "Total Unusual Items": -32000000.0,
        "Total Unusual Items Excluding Goodwill": -32000000.0,
        "Net Income From Continuing Operation Net Minority Interest": 306000000.0,
        "Reconciled Depreciation": 152000000.0,
        "Reconciled Cost Of Revenue": 1169000000.0,
        "EBITDA": 607000000.0,
        "EBIT": 454000000.0,
        "Net Interest Income": -94000000.0,
        "Interest Expense": 98000000.0,
        "Interest Income": 8000000.0,
        "Normalized Income": 333424000.0,
        "Net Income From Continuing And Discontinued Operation": 306000000.0,
        "Total Expenses": 1422000000.0,
        "Rent Expense Supplemental": 28000000.0,
        "Total Operating Income As Reported": 448000000.0,
        "Diluted Average Shares": 579017204.0,
        "Basic Average Shares": 575120541.0,
        "Diluted EPS": 0.53,
        "Basic EPS": 0.53,
        "Diluted NI Availto Com Stockholders": 306000000.0,
        "Net Income Common Stockholders": 306000000.0,
        "Net Income": 306000000.0,
        "Minority Interests": 1000000.0,
        "Net Income Including Noncontrolling Interests": 305000000.0,
        "Net Income Continuous Operations": 305000000.0,
        "Tax Provision": 51000000.0,
        "Pretax Income": 356000000.0,
        "Other Income Expense": -30000000.0,
        "Other Non Operating Income Expenses": 1000000.0,
        "Special Income Charges": -32000000.0,
        "Gain On Sale Of Business": NaN,
        "Restructuring And Mergern Acquisition": 32000000.0,
        "Earnings From Equity Interest": 1000000.0,
        "Net Non Operating Interest Income Expense": -94000000.0,
        "Total Other Finance Cost": 4000000.0,
        "Interest Expense Non Operating": 98000000.0,
        "Interest Income Non Operating": 8000000.0,
        "Operating Income": 480000000.0,
        "Operating Expense": 254000000.0,
        "Depreciation Amortization Depletion Income Statement": 153000000.0,
        "Depreciation And Amortization In Income Statement": 153000000.0,
        "Selling General And Administration": 101000000.0,
        "Selling And Marketing Expense": 11000000.0,
        "General And Administrative Expense": 90000000.0,
        "Other Gand A": 62000000.0,
        "Rent And Landing Fees": 28000000.0,
        "Gross Profit": 734000000.0,
        "Cost Of Revenue": 1168000000.0,
        "Total Revenue": 1902000000.0,
        "Operating Revenue": 1894000000.0
    },
    "2024-12-31": {
        "Tax Effect Of Unusual Items": -4783599.088838,
        "Tax Rate For Calcs": 0.191344,
        "Normalized EBITDA": 714000000.0,
        "Total Unusual Items": -25000000.0,
        "Total Unusual Items Excluding Goodwill": -25000000.0,
        "Net Income From Continuing Operation Net Minority Interest": 355000000.0,
        "Reconciled Depreciation": 153000000.0,
        "Reconciled Cost Of Revenue": 1219000000.0,
        "EBITDA": 689000000.0,
        "EBIT": 536000000.0,
        "Net Interest Income": -93000000.0,
        "Interest Expense": 97000000.0,
        "Interest Income": 8000000.0,
        "Normalized Income": 375216400.911162,
        "Net Income From Continuing And Discontinued Operation": 355000000.0,
        "Total Expenses": 1488000000.0,
        "Rent Expense Supplemental": 27000000.0,
        "Total Operating Income As Reported": 517000000.0,
        "Diluted Average Shares": 579700000.0,
        "Basic Average Shares": 574800000.0,
        "Diluted EPS": 0.61,
        "Basic EPS": 0.62,
        "Diluted NI Availto Com Stockholders": 355000000.0,
        "Net Income Common Stockholders": 355000000.0,
        "Net Income": 355000000.0,
        "Minority Interests": 0.0,
        "Net Income Including Noncontrolling Interests": 355000000.0,
        "Net Income Continuous Operations": 355000000.0,
        "Tax Provision": 84000000.0,
        "Pretax Income": 439000000.0,
        "Other Income Expense": -10000000.0,
        "Other Non Operating Income Expenses": 6000000.0,
        "Special Income Charges": -25000000.0,
        "Gain On Sale Of Business": NaN,
        "Restructuring And Mergern Acquisition": 25000000.0,
        "Earnings From Equity Interest": 9000000.0,
        "Net Non Operating Interest Income Expense": -93000000.0,
        "Total Other Finance Cost": 4000000.0,
        "Interest Expense Non Operating": 97000000.0,
        "Interest Income Non Operating": 8000000.0,
        "Operating Income": 542000000.0,
        "Operating Expense": 269000000.0,
        "Depreciation Amortization Depletion Income Statement": 153000000.0,
        "Depreciation And Amortization In Income Statement": 153000000.0,
        "Selling General And Administration": 116000000.0,
        "Selling And Marketing Expense": 20000000.0,
        "General And Administrative Expense": 96000000.0,
        "Other Gand A": 69000000.0,
        "Rent And Landing Fees": 27000000.0,
        "Gross Profit": 811000000.0,
        "Cost Of Revenue": 1219000000.0,
        "Total Revenue": 2030000000.0,
        "Operating Revenue": 2021000000.0
    },
    "2025-03-31": {
        "Tax Effect Of Unusual Items": -5539000.0,
        "Tax Rate For Calcs": 0.191,
        "Normalized EBITDA": 765000000.0,
        "Total Unusual Items": -29000000.0,
        "Total Unusual Items Excluding Goodwill": -29000000.0,
        "Net Income From Continuing Operation Net Minority Interest": 395000000.0,
        "Reconciled Depreciation": 156000000.0,
        "Reconciled Cost Of Revenue": 1274000000.0,
        "EBITDA": 736000000.0,
        "EBIT": 580000000.0,
        "Net Interest Income": -85000000.0,
        "Interest Expense": 92000000.0,
        "Interest Income": 11000000.0,
        "Normalized Income": 418461000.0,
        "Net Income From Continuing And Discontinued Operation": 395000000.0,
        "Total Expenses": 1514000000.0,
        "Rent Expense Supplemental": 28000000.0,
        "Total Operating Income As Reported": 547000000.0,
        "Diluted Average Shares": 579982858.0,
        "Basic Average Shares": 575045177.0,
        "Diluted EPS": 0.68,
        "Basic EPS": 0.69,
        "Diluted NI Availto Com Stockholders": 395000000.0,
        "Net Income Common Stockholders": 395000000.0,
        "Net Income": 395000000.0,
        "Minority Interests": 0.0,
        "Net Income Including Noncontrolling Interests": 395000000.0,
        "Net Income Continuous Operations": 395000000.0,
        "Tax Provision": 93000000.0,
        "Pretax Income": 488000000.0,
        "Other Income Expense": -3000000.0,
        "Other Non Operating Income Expenses": -1000000.0,
        "Special Income Charges": -29000000.0,
        "Gain On Sale Of Business": NaN,
        "Restructuring And Mergern Acquisition": 29000000.0,
        "Earnings From Equity Interest": 27000000.0,
        "Net Non Operating Interest Income Expense": -85000000.0,
        "Total Other Finance Cost": 4000000.0,
        "Interest Expense Non Operating": 92000000.0,
        "Interest Income Non Operating": 11000000.0,
        "Operating Income": 576000000.0,
        "Operating Expense": 240000000.0,
        "Depreciation Amortization Depletion Income Statement": 156000000.0,
        "Depreciation And Amortization In Income Statement": 156000000.0,
        "Selling General And Administration": 84000000.0,
        "Selling And Marketing Expense": 14000000.0,
        "General And Administrative Expense": 70000000.0,
        "Other Gand A": 42000000.0,
        "Rent And Landing Fees": 28000000.0,
        "Gross Profit": 816000000.0,
        "Cost Of Revenue": 1274000000.0,
        "Total Revenue": 2090000000.0,
        "Operating Revenue": 2081000000.0
    },
    "2025-06-30": {
        "Tax Effect Of Unusual Items": 1751824.817518,
        "Tax Rate For Calcs": 0.175182,
        "Normalized EBITDA": 788000000.0,
        "Total Unusual Items": 10000000.0,
        "Total Unusual Items Excluding Goodwill": 10000000.0,
        "Net Income From Continuing Operation Net Minority Interest": 452000000.0,
        "Reconciled Depreciation": 157000000.0,
        "Reconciled Cost Of Revenue": 1230000000.0,
        "EBITDA": 798000000.0,
        "EBIT": 640000000.0,
        "Net Interest Income": -83000000.0,
        "Interest Expense": 92000000.0,
        "Interest Income": 12000000.0,
        "Normalized Income": 443751824.817518,
        "Net Income From Continuing And Discontinued Operation": 452000000.0,
        "Total Expenses": 1493000000.0,
        "Rent Expense Supplemental": 30000000.0,
        "Total Operating Income As Reported": 568000000.0,
        "Diluted Average Shares": 578981157.0,
        "Basic Average Shares": 574073104.0,
        "Diluted EPS": 0.78,
        "Basic EPS": 0.79,
        "Diluted NI Availto Com Stockholders": 452000000.0,
        "Net Income Common Stockholders": 452000000.0,
        "Net Income": 452000000.0,
        "Minority Interests": 0.0,
        "Net Income Including Noncontrolling Interests": 452000000.0,
        "Net Income Continuous Operations": 452000000.0,
        "Tax Provision": 96000000.0,
        "Pretax Income": 548000000.0,
        "Other Income Expense": 34000000.0,
        "Other Non Operating Income Expenses": 1000000.0,
        "Special Income Charges": 10000000.0,
        "Gain On Sale Of Business": 39000000.0,
        "Restructuring And Mergern Acquisition": 29000000.0,
        "Earnings From Equity Interest": 23000000.0,
        "Net Non Operating Interest Income Expense": -83000000.0,
        "Total Other Finance Cost": 3000000.0,
        "Interest Expense Non Operating": 92000000.0,
        "Interest Income Non Operating": 12000000.0,
        "Operating Income": 597000000.0,
        "Operating Expense": 264000000.0,
        "Depreciation Amortization Depletion Income Statement": 158000000.0,
        "Depreciation And Amortization In Income Statement": 158000000.0,
        "Selling General And Administration": 106000000.0,
        "Selling And Marketing Expense": 14000000.0,
        "General And Administrative Expense": 92000000.0,
        "Other Gand A": 62000000.0,
        "Rent And Landing Fees": 30000000.0,
        "Gross Profit": 861000000.0,
        "Cost Of Revenue": 1229000000.0,
        "Total Revenue": 2090000000.0,
        "Operating Revenue": 2081000000.0
    }
}