{
    "2023-03-31": {
        "Tax Effect Of Unusual Items": NaN,
        "Tax Rate For Calcs": NaN,
        "Normalized EBITDA": NaN,
        "Total Unusual Items": NaN,
        "Total Unusual Items Excluding Goodwill": NaN,
        "Net Income From Continuing Operation Net Minority Interest": NaN,
        "Reconciled Depreciation": NaN,
        "Reconciled Cost Of Revenue": NaN,
        "EBITDA": NaN,
        "EBIT": NaN,
        "Net Interest Income": NaN,
        "Interest Expense": NaN,
        "Normalized Income": NaN,
        "Net Income From Continuing And Discontinued Operation": NaN,
        "Total Expenses": NaN,
        "Rent Expense Supplemental": NaN,
        "Total Operating Income As Reported": NaN,
        "Diluted Average Shares": NaN,
        "Basic Average Shares": NaN,
        "Diluted EPS": NaN,
        "Basic EPS": NaN,
        "Diluted NI Availto Com Stockholders": NaN,
        "Net Income Common Stockholders": NaN,
        "Net Income": NaN,
        "Net Income Including Noncontrolling Interests": NaN,
        "Net Income Continuous Operations": NaN,
        "Tax Provision": NaN,
        "Pretax Income": NaN,
        "Other Income Expense": NaN,
        "Special Income Charges": NaN,
        "Gain On Sale Of Ppe": NaN,
        "Other Special Charges": NaN,
        "Impairment Of Capital Assets": NaN,
        "Restructuring And Mergern Acquisition": NaN,
        "Net Non Operating Interest Income Expense": NaN,
        "Interest Expense Non Operating": NaN,
        "Operating Income": NaN,
        "Operating Expense": NaN,
        "Other Operating Expenses": 492000.0,
        "Depreciation Amortization Depletion Income Statement": NaN,
        "Depreciation And Amortization In Income Statement": NaN,
        "Selling General And Administration": NaN,
        "General And Administrative Expense": NaN,
        "Other Gand A": NaN,
        "Gross Profit": NaN,
        "Cost Of Revenue": NaN,
        "Total Revenue": NaN,
        "Operating Revenue": NaN
    },
    "2022-12-31": {
        "Tax Effect Of Unusual Items": NaN,
        "Tax Rate For Calcs": NaN,
        "Normalized EBITDA": NaN,
        "Total Unusual Items": NaN,
        "Total Unusual Items Excluding Goodwill": NaN,
        "Net Income From Continuing Operation Net Minority Interest": NaN,
        "Reconciled Depreciation": NaN,
        "Reconciled Cost Of Revenue": NaN,
        "EBITDA": NaN,
        "EBIT": NaN,
        "Net Interest Income": NaN,
        "Interest Expense": NaN,
        "Normalized Income": NaN,
        "Net Income From Continuing And Discontinued Operation": NaN,
        "Total Expenses": NaN,
        "Rent Expense Supplemental": NaN,
        "Total Operating Income As Reported": NaN,
        "Diluted Average Shares": NaN,
        "Basic Average Shares": NaN,
        "Diluted EPS": NaN,
        "Basic EPS": NaN,
        "Diluted NI Availto Com Stockholders": NaN,
        "Net Income Common Stockholders": NaN,
        "Net Income": NaN,
        "Net Income Including Noncontrolling Interests": NaN,
        "Net Income Continuous Operations": NaN,
        "Tax Provision": NaN,
        "Pretax Income": NaN,
        "Other Income Expense": NaN,
        "Special Income Charges": NaN,
        "Gain On Sale Of Ppe": NaN,
        "Other Special Charges": NaN,
        "Impairment Of Capital Assets": NaN,
        "Restructuring And Mergern Acquisition": NaN,
        "Net Non Operating Interest Income Expense": NaN,
        "Interest Expense Non Operating": NaN,
        "Operating Income": NaN,
        "Operating Expense": NaN,
        "Other Operating Expenses": 564000.0,
        "Depreciation Amortization Depletion Income Statement": NaN,
        "Depreciation And Amortization In Income Statement": NaN,
        "Selling General And Administration": NaN,
        "General And Administrative Expense": NaN,
        "Other Gand A": NaN,
        "Gross Profit": NaN,
        "Cost Of Revenue": NaN,
        "Total Revenue": NaN,
        "Operating Revenue": NaN
    },
    "2022-09-30": {
        "Tax Effect Of Unusual Items": NaN,
        "Tax Rate For Calcs": NaN,
        "Normalized EBITDA": NaN,
        "Total Unusual Items": NaN,
        "Total Unusual Items Excluding Goodwill": NaN,
        "Net Income From Continuing Operation Net Minority Interest": NaN,
        "Reconciled Depreciation": NaN,
        "Reconciled Cost Of Revenue": NaN,
        "EBITDA": NaN,
        "EBIT": NaN,
        "Net Interest Income": NaN,
        "Interest Expense": NaN,
        "Normalized Income": NaN,
        "Net Income From Continuing And Discontinued Operation": NaN,
        "Total Expenses": NaN,
        "Rent Expense Supplemental": NaN,
        "Total Operating Income As Reported": NaN,
        "Diluted Average Shares": NaN,
        "Basic Average Shares": NaN,
        "Diluted EPS": NaN,
        "Basic EPS": NaN,
        "Diluted NI Availto Com Stockholders": NaN,
        "Net Income Common Stockholders": NaN,
        "Net Income": NaN,
        "Net Income Including Noncontrolling Interests": NaN,
        "Net Income Continuous Operations": NaN,
        "Tax Provision": NaN,
        "Pretax Income": NaN,
        "Other Income Expense": NaN,
        "Special Income Charges": NaN,
        "Gain On Sale Of Ppe": NaN,
        "Other Special Charges": 337000.0,
        "Impairment Of Capital Assets": NaN,
        "Restructuring And Mergern Acquisition": NaN,
        "Net Non Operating Interest Income Expense": NaN,
        "Interest Expense Non Operating": NaN,
        "Operating Income": NaN,
        "Operating Expense": NaN,
        "Other Operating Expenses": 337000.0,
        "Depreciation Amortization Depletion Income Statement": NaN,
        "Depreciation And Amortization In Income Statement": NaN,
        "Selling General And Administration": NaN,
        "General And Administrative Expense": NaN,
        "Other Gand A": NaN,
        "Gross Profit": NaN,
        "Cost Of Revenue": NaN,
        "Total Revenue": NaN,
        "Operating Revenue": NaN
    },
    "2022-06-30": {
        "Tax Effect Of Unusual Items": -63072.0,
        "Tax Rate For Calcs": 0.032,
        "Normalized EBITDA": 9612000.0,
        "Total Unusual Items": -1971000.0,
        "Total Unusual Items Excluding Goodwill": -1971000.0,
        "Net Income From Continuing Operation Net Minority Interest": 1345000.0,
        "Reconciled Depreciation": 5763000.0,
        "Reconciled Cost Of Revenue": 108358000.0,
        "EBITDA": 7641000.0,
        "EBIT": 1878000.0,
        "Net Interest Income": -489000.0,
        "Interest Expense": 489000.0,
        "Normalized Income": 3252928.0,
        "Net Income From Continuing And Discontinued Operation": 1345000.0,
        "Total Expenses": 127218000.0,
        "Rent Expense Supplemental": 11074000.0,
        "Total Operating Income As Reported": 1878000.0,
        "Diluted Average Shares": 46108720.0,
        "Basic Average Shares": 45881354.0,
        "Diluted EPS": 0.03,
        "Basic EPS": 0.03,
        "Diluted NI Availto Com Stockholders": 1345000.0,
        "Net Income Common Stockholders": 1345000.0,
        "Net Income": 1345000.0,
        "Net Income Including Noncontrolling Interests": 1345000.0,
        "Net Income Continuous Operations": 1345000.0,
        "Tax Provision": 44000.0,
        "Pretax Income": 1389000.0,
        "Other Income Expense": -1971000.0,
        "Special Income Charges": -1971000.0,
        "Gain On Sale Of Ppe": -838000.0,
        "Impairment Of Capital Assets": 668000.0,
        "Restructuring And Mergern Acquisition": 465000.0,
        "Net Non Operating Interest Income Expense": -489000.0,
        "Interest Expense Non Operating": 489000.0,
        "Operating Income": 3849000.0,
        "Operating Expense": 18860000.0,
        "Other Operating Expenses": 353000.0,
        "Depreciation Amortization Depletion Income Statement": 5763000.0,
        "Depreciation And Amortization In Income Statement": 5763000.0,
        "Selling General And Administration": 13097000.0,
        "General And Administrative Expense": 13097000.0,
        "Other Gand A": 13097000.0,
        "Gross Profit": 22709000.0,
        "Cost Of Revenue": 108358000.0,
        "Total Revenue": 131067000.0,
        "Operating Revenue": 131067000.0
    },
    "2022-03-31": {
        "Diluted EPS": -0.14,
        "Total Revenue": 113,
        "Gross Profit": 82,
        "Operating Income": -6,
        "EBIT": 0,
        "Net Income": -6
    },
    "2021-12-31": {
        "Diluted EPS": -0.1,
        "Total Revenue": 115,
        "Gross Profit": 86,
        "Operating Income": -4,
        "EBIT": 1,
        "Net Income": -5
    },
    "2021-09-30": {
        "Diluted EPS": 0.1,
        "Total Revenue": 125,
        "Gross Profit": 94,
        "Operating Income": 5,
        "EBIT": 11,
        "Net Income": 5
    },
    "2021-06-30": {
        "Diluted EPS": 0.12,
        "Total Revenue": 126,
        "Gross Profit": 95,
        "Operating Income": 6,
        "EBIT": 12,
        "Net Income": 6
    },
    "2021-03-31": {
        "Diluted EPS": -0.04,
        "Total Revenue": 110,
        "Gross Profit": 83,
        "Operating Income": -1,
        "EBIT": 4,
        "Net Income": -2
    },
    "2020-12-31": {
        "Diluted EPS": -0.1,
        "Total Revenue": 107,
        "Gross Profit": 81,
        "Operating Income": -3,
        "EBIT": 2,
        "Net Income": -4
    },
    "2020-09-30": {
        "Diluted EPS": -0.0,
        "Total Revenue": 106,
        "Gross Profit": 80,
        "Operating Income": 1,
        "EBIT": 6,
        "Net Income": 0
    },
    "2020-06-30": {
        "Diluted EPS": -0.3,
        "Total Revenue": 80,
        "Gross Profit": 60,
        "Operating Income": -13,
        "EBIT": -7,
        "Net Income": -13
    },
    "2020-03-31": {
        "Diluted EPS": -0.13,
        "Total Revenue": 100,
        "Gross Profit": 75,
        "Operating Income": -5,
        "EBIT": 1,
        "Net Income": -6
    },
    "2019-12-31": {
        "Diluted EPS": -0.02,
        "Total Revenue": 114,
        "Gross Profit": 86,
        "Operating Income": 0,
        "EBIT": 6,
        "Net Income": -1
    },
    "2019-09-30": {
        "Diluted EPS": 0.09,
        "Total Revenue": 118,
        "Gross Profit": 89,
        "Operating Income": 5,
        "EBIT": 11,
        "Net Income": 4
    },
    "2019-06-30": {
        "Diluted EPS": 0.01,
        "Total Revenue": 120,
        "Gross Profit": 90,
        "Operating Income": 1,
        "EBIT": 7,
        "Net Income": 0
    },
    "2019-03-31": {
        "Diluted EPS": -0.04,
        "Total Revenue": 110,
        "Gross Profit": 81,
        "Operating Income": -1,
        "EBIT": 5,
        "Net Income": -2
    },
    "2018-12-31": {
        "Diluted EPS": 0.01,
        "Total Revenue": 113,
        "Gross Profit": 83,
        "Operating Income": 1,
        "EBIT": 7,
        "Net Income": 0
    },
    "2018-09-30": {
        "Diluted EPS": 0.02,
        "Total Revenue": 117,
        "Gross Profit": 86,
        "Operating Income": 2,
        "EBIT": 8,
        "Net Income": 1
    },
    "2018-06-30": {
        "Diluted EPS": -0.14,
        "Total Revenue": 117,
        "Gross Profit": 86,
        "Operating Income": -4,
        "EBIT": 2,
        "Net Income": -6
    },
    "2018-03-31": {
        "Diluted EPS": -0.09,
        "Total Revenue": 111,
        "Gross Profit": 81,
        "Operating Income": -3,
        "EBIT": 3,
        "Net Income": -4
    },
    "2017-12-31": {
        "Diluted EPS": 0.21,
        "Total Revenue": 113,
        "Gross Profit": 83,
        "Operating Income": 0,
        "EBIT": 6,
        "Net Income": 0
    },
    "2017-09-30": {
        "Diluted EPS": -0.2,
        "Total Revenue": 114,
        "Gross Profit": 84,
        "Operating Income": -7,
        "EBIT": -1,
        "Net Income": -8
    },
    "2017-06-30": {
        "Diluted EPS": -0.22,
        "Total Revenue": 113,
        "Gross Profit": 83,
        "Operating Income": -1,
        "EBIT": 6,
        "Net Income": -9
    },
    "2017-03-31": {
        "Diluted EPS": -0.99,
        "Total Revenue": 117,
        "Gross Profit": 85,
        "Operating Income": -26,
        "EBIT": -19,
        "Net Income": -28
    },
    "2016-12-31": {
        "Diluted EPS": -1.63,
        "Total Revenue": 129,
        "Gross Profit": 94,
        "Operating Income": -44,
        "EBIT": -37,
        "Net Income": -45
    },
    "2016-09-30": {
        "Diluted EPS": -0.35,
        "Total Revenue": 123,
        "Gross Profit": 90,
        "Operating Income": -9,
        "EBIT": -2,
        "Net Income": -10
    },
    "2016-06-30": {
        "Diluted EPS": -0.51,
        "Total Revenue": 121,
        "Gross Profit": 89,
        "Operating Income": -11,
        "EBIT": -4,
        "Net Income": -14
    },
    "2016-03-31": {
        "Diluted EPS": -0.09,
        "Total Revenue": 114,
        "Gross Profit": 84,
        "Operating Income": -3,
        "EBIT": 4,
        "Net Income": -2
    },
    "2015-12-31": {
        "Diluted EPS": -0.14,
        "Total Revenue": 117,
        "Gross Profit": 85,
        "Operating Income": -6,
        "EBIT": 0,
        "Net Income": -4
    },
    "2015-09-30": {
        "Diluted EPS": -0.35,
        "Total Revenue": 117,
        "Gross Profit": 86,
        "Operating Income": -15,
        "EBIT": -8,
        "Net Income": -10
    },
    "2015-06-30": {
        "Diluted EPS": 0.1,
        "Total Revenue": 115,
        "Gross Profit": 85,
        "Operating Income": 5,
        "EBIT": 12,
        "Net Income": 3
    },
    "2015-03-31": {
        "Diluted EPS": -0.09,
        "Total Revenue": 106,
        "Gross Profit": 78,
        "Operating Income": -4,
        "EBIT": 3,
        "Net Income": -3
    },
    "2014-12-31": {
        "Diluted EPS": 0.11,
        "Total Revenue": 109,
        "Gross Profit": 80,
        "Operating Income": 5,
        "EBIT": 12,
        "Net Income": 4
    },
    "2014-09-30": {
        "Diluted EPS": 0.1,
        "Total Revenue": 106,
        "Gross Profit": 78,
        "Operating Income": 5,
        "EBIT": 12,
        "Net Income": 3
    },
    "2014-06-30": {
        "Diluted EPS": 0.11,
        "Total Revenue": 99,
        "Gross Profit": 73,
        "Operating Income": 6,
        "EBIT": 12,
        "Net Income": 4
    },
    "2014-03-31": {
        "Diluted EPS": 0.05,
        "Total Revenue": 90,
        "Gross Profit": 66,
        "Operating Income": 2,
        "EBIT": 8,
        "Net Income": 1
    },
    "2013-12-31": {
        "Diluted EPS": 0.09,
        "Total Revenue": 91,
        "Gross Profit": 67,
        "Operating Income": 5,
        "EBIT": 11,
        "Net Income": 2
    },
    "2013-09-30": {
        "Diluted EPS": 0.11,
        "Total Revenue": 89,
        "Gross Profit": 66,
        "Operating Income": 6,
        "EBIT": 11,
        "Net Income": 3
    },
    "2013-06-30": {
        "Diluted EPS": 0.0,
        "Total Revenue": 89,
        "Gross Profit": 66,
        "Operating Income": 1,
        "EBIT": 6,
        "Net Income": 0
    },
    "2013-03-31": {
        "Diluted EPS": 0.04,
        "Total Revenue": 81,
        "Gross Profit": 60,
        "Operating Income": 3,
        "EBIT": 7,
        "Net Income": 1
    },
    "2012-12-31": {
        "Diluted EPS": 0.07,
        "Total Revenue": 78,
        "Gross Profit": 78,
        "Operating Income": 78,
        "EBIT": 83,
        "Net Income": 2
    },
    "2012-09-30": {
        "Diluted EPS": 0.01,
        "Total Revenue": 77,
        "Gross Profit": 57,
        "Operating Income": 4,
        "EBIT": 11,
        "Net Income": 0
    },
    "2012-06-30": {
        "Diluted EPS": 0.09,
        "Total Revenue": 75,
        "Gross Profit": 56,
        "Operating Income": 5,
        "EBIT": 5,
        "Net Income": 2
    },
    "2012-03-31": {
        "Diluted EPS": 0.06,
        "Total Revenue": 70,
        "Gross Profit": 70,
        "Operating Income": 70,
        "EBIT": 70,
        "Net Income": 1
    },
    "2011-12-31": {
        "Diluted EPS": 0.0,
        "Total Revenue": NaN,
        "Gross Profit": NaN,
        "Operating Income": NaN,
        "EBIT": NaN,
        "Net Income": NaN
    },
    "2023-06-30": {
        "Tax Effect Of Unusual Items": NaN,
        "Tax Rate For Calcs": NaN,
        "Normalized EBITDA": NaN,
        "Total Unusual Items": NaN,
        "Total Unusual Items Excluding Goodwill": NaN,
        "Net Income From Continuing Operation Net Minority Interest": NaN,
        "Reconciled Depreciation": NaN,
        "Reconciled Cost Of Revenue": NaN,
        "EBITDA": NaN,
        "EBIT": NaN,
        "Net Interest Income": NaN,
        "Interest Expense": NaN,
        "Normalized Income": NaN,
        "Net Income From Continuing And Discontinued Operation": NaN,
        "Total Expenses": NaN,
        "Rent Expense Supplemental": NaN,
        "Total Operating Income As Reported": NaN,
        "Diluted Average Shares": NaN,
        "Basic Average Shares": NaN,
        "Diluted EPS": NaN,
        "Basic EPS": NaN,
        "Diluted NI Availto Com Stockholders": NaN,
        "Net Income Common Stockholders": NaN,
        "Net Income": NaN,
        "Net Income Including Noncontrolling Interests": NaN,
        "Net Income Continuous Operations": NaN,
        "Tax Provision": NaN,
        "Pretax Income": NaN,
        "Other Income Expense": NaN,
        "Special Income Charges": NaN,
        "Gain On Sale Of Ppe": NaN,
        "Other Special Charges": 609000.0,
        "Impairment Of Capital Assets": NaN,
        "Restructuring And Mergern Acquisition": NaN,
        "Net Non Operating Interest Income Expense": NaN,
        "Interest Expense Non Operating": NaN,
        "Operating Income": NaN,
        "Operating Expense": NaN,
        "Other Operating Expenses": 609000.0,
        "Depreciation Amortization Depletion Income Statement": NaN,
        "Depreciation And Amortization In Income Statement": NaN,
        "Selling General And Administration": NaN,
        "General And Administrative Expense": NaN,
        "Other Gand A": NaN,
        "Gross Profit": NaN,
        "Cost Of Revenue": NaN,
        "Total Revenue": NaN,
        "Operating Revenue": NaN
    },
    "2023-09-30": {
        "Tax Effect Of Unusual Items": NaN,
        "Tax Rate For Calcs": NaN,
        "Normalized EBITDA": NaN,
        "Total Unusual Items": NaN,
        "Total Unusual Items Excluding Goodwill": NaN,
        "Net Income From Continuing Operation Net Minority Interest": NaN,
        "Reconciled Depreciation": NaN,
        "Reconciled Cost Of Revenue": NaN,
        "EBITDA": NaN,
        "EBIT": NaN,
        "Net Interest Income": NaN,
        "Interest Expense": NaN,
        "Normalized Income": NaN,
        "Net Income From Continuing And Discontinued Operation": NaN,
        "Total Expenses": NaN,
        "Rent Expense Supplemental": NaN,
        "Total Operating Income As Reported": NaN,
        "Diluted Average Shares": NaN,
        "Basic Average Shares": NaN,
        "Diluted EPS": NaN,
        "Basic EPS": NaN,
        "Diluted NI Availto Com Stockholders": NaN,
        "Net Income Common Stockholders": NaN,
        "Net Income": NaN,
        "Net Income Including Noncontrolling Interests": NaN,
        "Net Income Continuous Operations": NaN,
        "Tax Provision": NaN,
        "Pretax Income": NaN,
        "Other Income Expense": NaN,
        "Special Income Charges": NaN,
        "Gain On Sale Of Ppe": NaN,
        "Other Special Charges": 541000.0,
        "Impairment Of Capital Assets": NaN,
        "Restructuring And Mergern Acquisition": NaN,
        "Net Non Operating Interest Income Expense": NaN,
        "Interest Expense Non Operating": NaN,
        "Operating Income": NaN,
        "Operating Expense": NaN,
        "Other Operating Expenses": NaN,
        "Depreciation Amortization Depletion Income Statement": NaN,
        "Depreciation And Amortization In Income Statement": NaN,
        "Selling General And Administration": NaN,
        "General And Administrative Expense": NaN,
        "Other Gand A": NaN,
        "Gross Profit": NaN,
        "Cost Of Revenue": NaN,
        "Total Revenue": NaN,
        "Operating Revenue": NaN
    },
    "2023-12-31": {
        "Tax Effect Of Unusual Items": -4927.736278,
        "Tax Rate For Calcs": 0.00341,
        "Normalized EBITDA": 4368000.0,
        "Total Unusual Items": -1445000.0,
        "Total Unusual Items Excluding Goodwill": -1445000.0,
        "Net Income From Continuing Operation Net Minority Interest": -6137000.0,
        "Reconciled Depreciation": 7479000.0,
        "Reconciled Cost Of Revenue": 103872000.0,
        "EBITDA": 2923000.0,
        "EBIT": -4556000.0,
        "Net Interest Income": -1602000.0,
        "Interest Expense": 1602000.0,
        "Normalized Income": -4696927.736278,
        "Net Income From Continuing And Discontinued Operation": -6137000.0,
        "Total Expenses": 127431000.0,
        "Rent Expense Supplemental": 11574000.0,
        "Total Operating Income As Reported": -4556000.0,
        "Diluted Average Shares": 44955913.0,
        "Basic Average Shares": 44955913.0,
        "Diluted EPS": -0.14,
        "Basic EPS": -0.14,
        "Diluted NI Availto Com Stockholders": -6137000.0,
        "Net Income Common Stockholders": -6137000.0,
        "Net Income": -6137000.0,
        "Net Income Including Noncontrolling Interests": -6137000.0,
        "Net Income Continuous Operations": -6137000.0,
        "Tax Provision": -21000.0,
        "Pretax Income": -6158000.0,
        "Other Income Expense": -1445000.0,
        "Special Income Charges": -1445000.0,
        "Gain On Sale Of Ppe": -1138000.0,
        "Other Special Charges": NaN,
        "Impairment Of Capital Assets": 1747000.0,
        "Restructuring And Mergern Acquisition": 202000.0,
        "Net Non Operating Interest Income Expense": -1602000.0,
        "Interest Expense Non Operating": 1602000.0,
        "Operating Income": -3111000.0,
        "Operating Expense": 23559000.0,
        "Other Operating Expenses": NaN,
        "Depreciation Amortization Depletion Income Statement": 7479000.0,
        "Depreciation And Amortization In Income Statement": 7479000.0,
        "Selling General And Administration": 13865000.0,
        "General And Administrative Expense": 13865000.0,
        "Other Gand A": 13865000.0,
        "Gross Profit": 20448000.0,
        "Cost Of Revenue": 103872000.0,
        "Total Revenue": 124320000.0,
        "Operating Revenue": 124320000.0
    },
    "2024-03-31": {
        "Tax Effect Of Unusual Items": NaN,
        "Tax Rate For Calcs": NaN,
        "Normalized EBITDA": NaN,
        "Total Unusual Items": NaN,
        "Total Unusual Items Excluding Goodwill": NaN,
        "Net Income From Continuing Operation Net Minority Interest": NaN,
        "Reconciled Depreciation": NaN,
        "Reconciled Cost Of Revenue": NaN,
        "EBITDA": NaN,
        "EBIT": NaN,
        "Net Interest Income": NaN,
        "Interest Expense": NaN,
        "Normalized Income": NaN,
        "Net Income From Continuing And Discontinued Operation": NaN,
        "Total Expenses": NaN,
        "Rent Expense Supplemental": NaN,
        "Total Operating Income As Reported": NaN,
        "Diluted Average Shares": NaN,
        "Basic Average Shares": NaN,
        "Diluted EPS": NaN,
        "Basic EPS": NaN,
        "Diluted NI Availto Com Stockholders": NaN,
        "Net Income Common Stockholders": NaN,
        "Net Income": NaN,
        "Net Income Including Noncontrolling Interests": NaN,
        "Net Income Continuous Operations": NaN,
        "Tax Provision": NaN,
        "Pretax Income": NaN,
        "Other Income Expense": NaN,
        "Special Income Charges": NaN,
        "Gain On Sale Of Ppe": NaN,
        "Other Special Charges": NaN,
        "Impairment Of Capital Assets": NaN,
        "Restructuring And Mergern Acquisition": NaN,
        "Net Non Operating Interest Income Expense": NaN,
        "Interest Expense Non Operating": NaN,
        "Operating Income": NaN,
        "Operating Expense": NaN,
        "Other Operating Expenses": 437000.0,
        "Depreciation Amortization Depletion Income Statement": NaN,
        "Depreciation And Amortization In Income Statement": NaN,
        "Selling General And Administration": NaN,
        "General And Administrative Expense": NaN,
        "Other Gand A": NaN,
        "Gross Profit": NaN,
        "Cost Of Revenue": NaN,
        "Total Revenue": NaN,
        "Operating Revenue": NaN
    },
    "2024-06-30": {
        "Tax Effect Of Unusual Items": NaN,
        "Tax Rate For Calcs": NaN,
        "Normalized EBITDA": NaN,
        "Total Unusual Items": NaN,
        "Total Unusual Items Excluding Goodwill": NaN,
        "Net Income From Continuing Operation Net Minority Interest": NaN,
        "Reconciled Depreciation": NaN,
        "Reconciled Cost Of Revenue": NaN,
        "EBITDA": NaN,
        "EBIT": NaN,
        "Net Interest Income": NaN,
        "Interest Expense": NaN,
        "Normalized Income": NaN,
        "Net Income From Continuing And Discontinued Operation": NaN,
        "Total Expenses": NaN,
        "Rent Expense Supplemental": NaN,
        "Total Operating Income As Reported": NaN,
        "Diluted Average Shares": NaN,
        "Basic Average Shares": NaN,
        "Diluted EPS": NaN,
        "Basic EPS": NaN,
        "Diluted NI Availto Com Stockholders": NaN,
        "Net Income Common Stockholders": NaN,
        "Net Income": NaN,
        "Net Income Including Noncontrolling Interests": NaN,
        "Net Income Continuous Operations": NaN,
        "Tax Provision": NaN,
        "Pretax Income": NaN,
        "Other Income Expense": NaN,
        "Special Income Charges": NaN,
        "Gain On Sale Of Ppe": NaN,
        "Other Special Charges": 531000.0,
        "Impairment Of Capital Assets": NaN,
        "Restructuring And Mergern Acquisition": NaN,
        "Net Non Operating Interest Income Expense": NaN,
        "Interest Expense Non Operating": NaN,
        "Operating Income": NaN,
        "Operating Expense": NaN,
        "Other Operating Expenses": NaN,
        "Depreciation Amortization Depletion Income Statement": NaN,
        "Depreciation And Amortization In Income Statement": NaN,
        "Selling General And Administration": NaN,
        "General And Administrative Expense": NaN,
        "Other Gand A": NaN,
        "Gross Profit": NaN,
        "Cost Of Revenue": NaN,
        "Total Revenue": NaN,
        "Operating Revenue": NaN
    },
    "2024-09-30": {
        "Tax Effect Of Unusual Items": -49013.65882,
        "Tax Rate For Calcs": 0.018454,
        "Normalized EBITDA": 5104000.0,
        "Total Unusual Items": -2656000.0,
        "Total Unusual Items Excluding Goodwill": -2656000.0,
        "Net Income From Continuing Operation Net Minority Interest": -6755000.0,
        "Reconciled Depreciation": 7248000.0,
        "Reconciled Cost Of Revenue": 104755000.0,
        "EBITDA": 2448000.0,
        "EBIT": -4800000.0,
        "Net Interest Income": -2082000.0,
        "Interest Expense": 2082000.0,
        "Normalized Income": -4148013.65882,
        "Net Income From Continuing And Discontinued Operation": -6755000.0,
        "Total Expenses": 124895000.0,
        "Rent Expense Supplemental": 11543000.0,
        "Total Operating Income As Reported": -4800000.0,
        "Diluted Average Shares": 45639662.0,
        "Basic Average Shares": 45639662.0,
        "Diluted EPS": -0.15,
        "Basic EPS": -0.15,
        "Diluted NI Availto Com Stockholders": -6755000.0,
        "Net Income Common Stockholders": -6755000.0,
        "Net Income": -6755000.0,
        "Net Income Including Noncontrolling Interests": -6755000.0,
        "Net Income Continuous Operations": -6755000.0,
        "Tax Provision": -127000.0,
        "Pretax Income": -6882000.0,
        "Other Income Expense": -2656000.0,
        "Special Income Charges": -2656000.0,
        "Gain On Sale Of Ppe": -1047000.0,
        "Other Special Charges": 454000.0,
        "Impairment Of Capital Assets": 160000.0,
        "Restructuring And Mergern Acquisition": 995000.0,
        "Net Non Operating Interest Income Expense": -2082000.0,
        "Interest Expense Non Operating": 2082000.0,
        "Operating Income": -2144000.0,
        "Operating Expense": 20140000.0,
        "Other Operating Expenses": NaN,
        "Depreciation Amortization Depletion Income Statement": 7248000.0,
        "Depreciation And Amortization In Income Statement": 7248000.0,
        "Selling General And Administration": 12892000.0,
        "General And Administrative Expense": 12892000.0,
        "Other Gand A": 12892000.0,
        "Gross Profit": 17996000.0,
        "Cost Of Revenue": 104755000.0,
        "Total Revenue": 122751000.0,
        "Operating Revenue": 122751000.0
    },
    "2024-12-31": {
        "Tax Effect Of Unusual Items": -705180.0,
        "Tax Rate For Calcs": 0.21,
        "Normalized EBITDA": 3075000.0,
        "Total Unusual Items": -3358000.0,
        "Total Unusual Items Excluding Goodwill": -3358000.0,
        "Net Income From Continuing Operation Net Minority Interest": -9693000.0,
        "Reconciled Depreciation": 7081000.0,
        "Reconciled Cost Of Revenue": 105835000.0,
        "EBITDA": -283000.0,
        "EBIT": -7364000.0,
        "Net Interest Income": -2323000.0,
        "Interest Expense": 2323000.0,
        "Normalized Income": -7040180.0,
        "Net Income From Continuing And Discontinued Operation": -9693000.0,
        "Total Expenses": 125780000.0,
        "Rent Expense Supplemental": 11381000.0,
        "Total Operating Income As Reported": -7364000.0,
        "Diluted Average Shares": 45692943.0,
        "Basic Average Shares": 45692943.0,
        "Diluted EPS": -0.21,
        "Basic EPS": -0.21,
        "Diluted NI Availto Com Stockholders": -9693000.0,
        "Net Income Common Stockholders": -9693000.0,
        "Net Income": -9693000.0,
        "Net Income Including Noncontrolling Interests": -9693000.0,
        "Net Income Continuous Operations": -9693000.0,
        "Tax Provision": 6000.0,
        "Pretax Income": -9687000.0,
        "Other Income Expense": -3358000.0,
        "Special Income Charges": -3358000.0,
        "Gain On Sale Of Ppe": -1523000.0,
        "Other Special Charges": NaN,
        "Impairment Of Capital Assets": 2177000.0,
        "Restructuring And Mergern Acquisition": 1080000.0,
        "Net Non Operating Interest Income Expense": -2323000.0,
        "Interest Expense Non Operating": 2323000.0,
        "Operating Income": -4006000.0,
        "Operating Expense": 19945000.0,
        "Other Operating Expenses": NaN,
        "Depreciation Amortization Depletion Income Statement": 7081000.0,
        "Depreciation And Amortization In Income Statement": 7081000.0,
        "Selling General And Administration": 11321000.0,
        "General And Administrative Expense": 11321000.0,
        "Other Gand A": 11321000.0,
        "Gross Profit": 15939000.0,
        "Cost Of Revenue": 105835000.0,
        "Total Revenue": 121774000.0,
        "Operating Revenue": 121774000.0
    },
    "2025-03-31": {
        "Tax Effect Of Unusual Items": -271110.0,
        "Tax Rate For Calcs": 0.21,
        "Normalized EBITDA": 1994000.0,
        "Total Unusual Items": -1291000.0,
        "Total Unusual Items Excluding Goodwill": -1291000.0,
        "Net Income From Continuing Operation Net Minority Interest": -9057000.0,
        "Reconciled Depreciation": 7090000.0,
        "Reconciled Cost Of Revenue": 108839000.0,
        "EBITDA": 703000.0,
        "EBIT": -6387000.0,
        "Net Interest Income": -2647000.0,
        "Interest Expense": 2647000.0,
        "Normalized Income": -8037110.0,
        "Net Income From Continuing And Discontinued Operation": -9057000.0,
        "Total Expenses": 128890000.0,
        "Rent Expense Supplemental": 11494000.0,
        "Total Operating Income As Reported": -6387000.0,
        "Diluted Average Shares": 45783353.0,
        "Basic Average Shares": 45783353.0,
        "Diluted EPS": -0.2,
        "Basic EPS": -0.2,
        "Diluted NI Availto Com Stockholders": -9057000.0,
        "Net Income Common Stockholders": -9057000.0,
        "Net Income": -9057000.0,
        "Net Income Including Noncontrolling Interests": -9057000.0,
        "Net Income Continuous Operations": -9057000.0,
        "Tax Provision": 23000.0,
        "Pretax Income": -9034000.0,
        "Other Income Expense": -1291000.0,
        "Special Income Charges": -1291000.0,
        "Gain On Sale Of Ppe": -1412000.0,
        "Other Special Charges": NaN,
        "Impairment Of Capital Assets": 626000.0,
        "Restructuring And Mergern Acquisition": -747000.0,
        "Net Non Operating Interest Income Expense": -2647000.0,
        "Interest Expense Non Operating": 2647000.0,
        "Operating Income": -5096000.0,
        "Operating Expense": 20051000.0,
        "Other Operating Expenses": 151000.0,
        "Depreciation Amortization Depletion Income Statement": 7090000.0,
        "Depreciation And Amortization In Income Statement": 7090000.0,
        "Selling General And Administration": 12810000.0,
        "General And Administrative Expense": 12810000.0,
        "Other Gand A": 12810000.0,
        "Gross Profit": 14955000.0,
        "Cost Of Revenue": 108839000.0,
        "Total Revenue": 123794000.0,
        "Operating Revenue": 123794000.0
    },
    "2025-06-30": {
        "Tax Effect Of Unusual Items": -2881620.0,
        "Tax Rate For Calcs": 0.21,
        "Normalized EBITDA": 6083000.0,
        "Total Unusual Items": -13722000.0,
        "Total Unusual Items Excluding Goodwill": -13722000.0,
        "Net Income From Continuing Operation Net Minority Interest": -17552000.0,
        "Reconciled Depreciation": 7139000.0,
        "Reconciled Cost Of Revenue": 107946000.0,
        "EBITDA": -7639000.0,
        "EBIT": -14778000.0,
        "Net Interest Income": -2753000.0,
        "Interest Expense": 2753000.0,
        "Normalized Income": -6711620.0,
        "Net Income From Continuing And Discontinued Operation": -17552000.0,
        "Total Expenses": 127489000.0,
        "Rent Expense Supplemental": 11393000.0,
        "Total Operating Income As Reported": -14778000.0,
        "Diluted Average Shares": 46161993.0,
        "Basic Average Shares": 46161993.0,
        "Diluted EPS": -0.38,
        "Basic EPS": -0.38,
        "Diluted NI Availto Com Stockholders": -17552000.0,
        "Net Income Common Stockholders": -17552000.0,
        "Net Income": -17552000.0,
        "Net Income Including Noncontrolling Interests": -17552000.0,
        "Net Income Continuous Operations": -17552000.0,
        "Tax Provision": 21000.0,
        "Pretax Income": -17531000.0,
        "Other Income Expense": -13722000.0,
        "Special Income Charges": -13722000.0,
        "Gain On Sale Of Ppe": -1099000.0,
        "Other Special Charges": 69000.0,
        "Impairment Of Capital Assets": 11861000.0,
        "Restructuring And Mergern Acquisition": 693000.0,
        "Net Non Operating Interest Income Expense": -2753000.0,
        "Interest Expense Non Operating": 2753000.0,
        "Operating Income": -1056000.0,
        "Operating Expense": 19543000.0,
        "Other Operating Expenses": NaN,
        "Depreciation Amortization Depletion Income Statement": 7139000.0,
        "Depreciation And Amortization In Income Statement": 7139000.0,
        "Selling General And Administration": 12404000.0,
        "General And Administrative Expense": 12404000.0,
        "Other Gand A": 12404000.0,
        "Gross Profit": 18487000.0,
        "Cost Of Revenue": 107946000.0,
        "Total Revenue": 126433000.0,
        "Operating Revenue": 126433000.0
    },
    "2025-09-30": {
        "Tax Effect Of Unusual Items": -1194270.0,
        "Tax Rate For Calcs": 0.21,
        "Normalized EBITDA": 5972000.0,
        "Total Unusual Items": -5687000.0,
        "Total Unusual Items Excluding Goodwill": -5687000.0,
        "Net Income From Continuing Operation Net Minority Interest": -9151000.0,
        "Reconciled Depreciation": 6604000.0,
        "Reconciled Cost Of Revenue": 103842000.0,
        "EBITDA": 285000.0,
        "EBIT": -6319000.0,
        "Net Interest Income": -2827000.0,
        "Interest Expense": 2827000.0,
        "Normalized Income": -4658270.0,
        "Net Income From Continuing And Discontinued Operation": -9151000.0,
        "Total Expenses": 122718000.0,
        "Rent Expense Supplemental": 11076000.0,
        "Total Operating Income As Reported": -6319000.0,
        "Diluted Average Shares": 46458845.0,
        "Basic Average Shares": 46458845.0,
        "Diluted EPS": -0.2,
        "Basic EPS": -0.2,
        "Diluted NI Availto Com Stockholders": -9151000.0,
        "Net Income Common Stockholders": -9151000.0,
        "Net Income": -9151000.0,
        "Net Income Including Noncontrolling Interests": -9151000.0,
        "Net Income Continuous Operations": -9151000.0,
        "Tax Provision": 5000.0,
        "Pretax Income": -9146000.0,
        "Other Income Expense": -5687000.0,
        "Special Income Charges": -5687000.0,
        "Gain On Sale Of Ppe": -1013000.0,
        "Other Special Charges": 6000.0,
        "Impairment Of Capital Assets": 5326000.0,
        "Restructuring And Mergern Acquisition": -658000.0,
        "Net Non Operating Interest Income Expense": -2827000.0,
        "Interest Expense Non Operating": 2827000.0,
        "Operating Income": -632000.0,
        "Operating Expense": 18876000.0,
        "Other Operating Expenses": NaN,
        "Depreciation Amortization Depletion Income Statement": 6604000.0,
        "Depreciation And Amortization In Income Statement": 6604000.0,
        "Selling General And Administration": 12272000.0,
        "General And Administrative Expense": 12272000.0,
        "Other Gand A": 12272000.0,
        "Gross Profit": 18244000.0,
        "Cost Of Revenue": 103842000.0,
        "Total Revenue": 122086000.0,
        "Operating Revenue": 122086000.0
    }
}