{
    "2023-04-30": {
        "Tax Effect Of Unusual Items": 0.0,
        "Tax Rate For Calcs": 0.211,
        "Normalized EBITDA": 198641000.0,
        "Total Unusual Items": NaN,
        "Total Unusual Items Excluding Goodwill": NaN,
        "Net Income From Continuing Operation Net Minority Interest": 127563000.0,
        "Reconciled Depreciation": 27101000.0,
        "Reconciled Cost Of Revenue": 298040000.0,
        "EBITDA": 198641000.0,
        "EBIT": 171540000.0,
        "Net Interest Income": -9475000.0,
        "Interest Expense": 9913000.0,
        "Interest Income": 438000.0,
        "Normalized Income": 127563000.0,
        "Net Income From Continuing And Discontinued Operation": 127563000.0,
        "Total Expenses": 477658000.0,
        "Total Operating Income As Reported": 172507000.0,
        "Diluted Average Shares": 57680000.0,
        "Basic Average Shares": 57184000.0,
        "Diluted EPS": 2.21,
        "Basic EPS": 2.23,
        "Diluted NI Availto Com Stockholders": 127563000.0,
        "Net Income Common Stockholders": 127563000.0,
        "Net Income": 127563000.0,
        "Net Income Including Noncontrolling Interests": 127563000.0,
        "Net Income Continuous Operations": 127563000.0,
        "Tax Provision": 34064000.0,
        "Pretax Income": 161627000.0,
        "Other Income Expense": -1405000.0,
        "Other Non Operating Income Expenses": -1405000.0,
        "Gain On Sale Of Security": NaN,
        "Net Non Operating Interest Income Expense": -9475000.0,
        "Interest Expense Non Operating": 9913000.0,
        "Interest Income Non Operating": 438000.0,
        "Operating Income": 172507000.0,
        "Operating Expense": 179618000.0,
        "Selling General And Administration": 179618000.0,
        "General And Administrative Expense": NaN,
        "Other Gand A": NaN,
        "Salaries And Wages": NaN,
        "Gross Profit": 352125000.0,
        "Cost Of Revenue": 298040000.0,
        "Total Revenue": 650165000.0,
        "Operating Revenue": 650165000.0
    },
    "2023-01-31": {
        "Tax Effect Of Unusual Items": NaN,
        "Tax Rate For Calcs": NaN,
        "Normalized EBITDA": NaN,
        "Total Unusual Items": -4571000.0,
        "Total Unusual Items Excluding Goodwill": -4571000.0,
        "Net Income From Continuing Operation Net Minority Interest": NaN,
        "Reconciled Depreciation": NaN,
        "Reconciled Cost Of Revenue": NaN,
        "EBITDA": NaN,
        "EBIT": NaN,
        "Net Interest Income": NaN,
        "Interest Expense": NaN,
        "Interest Income": NaN,
        "Normalized Income": NaN,
        "Net Income From Continuing And Discontinued Operation": NaN,
        "Total Expenses": NaN,
        "Total Operating Income As Reported": NaN,
        "Diluted Average Shares": NaN,
        "Basic Average Shares": NaN,
        "Diluted EPS": NaN,
        "Basic EPS": NaN,
        "Diluted NI Availto Com Stockholders": NaN,
        "Net Income Common Stockholders": NaN,
        "Net Income": NaN,
        "Net Income Including Noncontrolling Interests": NaN,
        "Net Income Continuous Operations": NaN,
        "Tax Provision": NaN,
        "Pretax Income": NaN,
        "Other Income Expense": NaN,
        "Other Non Operating Income Expenses": NaN,
        "Gain On Sale Of Security": -4571000.0,
        "Net Non Operating Interest Income Expense": NaN,
        "Interest Expense Non Operating": NaN,
        "Interest Income Non Operating": NaN,
        "Operating Income": NaN,
        "Operating Expense": NaN,
        "Selling General And Administration": NaN,
        "General And Administrative Expense": 183279000.0,
        "Other Gand A": 184648000.0,
        "Salaries And Wages": -1369000.0,
        "Gross Profit": NaN,
        "Cost Of Revenue": NaN,
        "Total Revenue": NaN,
        "Operating Revenue": NaN
    },
    "2022-10-31": {
        "Tax Effect Of Unusual Items": 0.0,
        "Tax Rate For Calcs": 0.20441,
        "Normalized EBITDA": 207886000.0,
        "Net Income From Continuing Operation Net Minority Interest": 141249000.0,
        "Reconciled Depreciation": 24681000.0,
        "Reconciled Cost Of Revenue": 320398000.0,
        "EBITDA": 207886000.0,
        "EBIT": 183205000.0,
        "Net Interest Income": -5095000.0,
        "Interest Expense": 5665000.0,
        "Interest Income": 570000.0,
        "Normalized Income": 141249000.0,
        "Net Income From Continuing And Discontinued Operation": 141249000.0,
        "Total Expenses": 505972000.0,
        "Total Operating Income As Reported": 177609000.0,
        "Diluted Average Shares": 57823000.0,
        "Basic Average Shares": 57170000.0,
        "Diluted EPS": 2.44,
        "Basic EPS": 2.47,
        "Diluted NI Availto Com Stockholders": 141249000.0,
        "Net Income Common Stockholders": 141249000.0,
        "Net Income": 141249000.0,
        "Net Income Including Noncontrolling Interests": 141249000.0,
        "Net Income Continuous Operations": 141249000.0,
        "Tax Provision": 36291000.0,
        "Pretax Income": 177540000.0,
        "Other Income Expense": 5026000.0,
        "Other Non Operating Income Expenses": 5026000.0,
        "Net Non Operating Interest Income Expense": -5095000.0,
        "Interest Expense Non Operating": 5665000.0,
        "Interest Income Non Operating": 570000.0,
        "Operating Income": 177609000.0,
        "Operating Expense": 185574000.0,
        "Selling General And Administration": 185574000.0,
        "Gross Profit": 363183000.0,
        "Cost Of Revenue": 320398000.0,
        "Total Revenue": 683581000.0,
        "Operating Revenue": 683581000.0
    },
    "2022-07-31": {
        "Tax Effect Of Unusual Items": 0.0,
        "Tax Rate For Calcs": 0.214365,
        "Normalized EBITDA": 210557000.0,
        "Net Income From Continuing Operation Net Minority Interest": 141811000.0,
        "Reconciled Depreciation": 24887000.0,
        "Reconciled Cost Of Revenue": 296544000.0,
        "EBITDA": 210557000.0,
        "EBIT": 185670000.0,
        "Net Interest Income": -5165000.0,
        "Interest Expense": 5165000.0,
        "Interest Income": 572000.0,
        "Normalized Income": 141811000.0,
        "Net Income From Continuing And Discontinued Operation": 141811000.0,
        "Total Expenses": 477210000.0,
        "Total Operating Income As Reported": 184918000.0,
        "Diluted Average Shares": 57969000.0,
        "Basic Average Shares": 57409000.0,
        "Diluted EPS": 2.45,
        "Basic EPS": 2.47,
        "Diluted NI Availto Com Stockholders": 141811000.0,
        "Net Income Common Stockholders": 141811000.0,
        "Net Income": 141811000.0,
        "Net Income Including Noncontrolling Interests": 141811000.0,
        "Net Income Continuous Operations": 141811000.0,
        "Tax Provision": 38694000.0,
        "Pretax Income": 180505000.0,
        "Other Income Expense": 752000.0,
        "Other Non Operating Income Expenses": 752000.0,
        "Net Non Operating Interest Income Expense": -5165000.0,
        "Interest Expense Non Operating": 5165000.0,
        "Interest Income Non Operating": 572000.0,
        "Operating Income": 184918000.0,
        "Operating Expense": 180666000.0,
        "Selling General And Administration": 180666000.0,
        "Gross Profit": 365584000.0,
        "Cost Of Revenue": 296544000.0,
        "Total Revenue": 662128000.0,
        "Operating Revenue": 662128000.0
    },
    "2022-04-30": {
        "Diluted EPS": 1.88,
        "Total Revenue": 635,
        "Gross Profit": 358,
        "Operating Income": 184,
        "EBIT": 209,
        "Net Income": 110
    },
    "2022-01-31": {
        "Diluted EPS": 2.05,
        "Total Revenue": 609,
        "Gross Profit": 340,
        "Operating Income": 156,
        "EBIT": 181,
        "Net Income": 120
    },
    "2021-10-31": {
        "Diluted EPS": 1.88,
        "Total Revenue": 599,
        "Gross Profit": 331,
        "Operating Income": 151,
        "EBIT": 177,
        "Net Income": 110
    },
    "2021-07-31": {
        "Diluted EPS": 2.42,
        "Total Revenue": 647,
        "Gross Profit": 365,
        "Operating Income": 188,
        "EBIT": 215,
        "Net Income": 142
    },
    "2021-04-30": {
        "Diluted EPS": 2.12,
        "Total Revenue": 590,
        "Gross Profit": 338,
        "Operating Income": 166,
        "EBIT": 192,
        "Net Income": 124
    },
    "2021-01-31": {
        "Diluted EPS": 1.32,
        "Total Revenue": 527,
        "Gross Profit": 290,
        "Operating Income": 109,
        "EBIT": 135,
        "Net Income": 78
    },
    "2020-10-31": {
        "Diluted EPS": 0.31,
        "Total Revenue": 559,
        "Gross Profit": 297,
        "Operating Income": 37,
        "EBIT": 67,
        "Net Income": 18
    },
    "2020-07-31": {
        "Diluted EPS": 1.49,
        "Total Revenue": 538,
        "Gross Profit": 281,
        "Operating Income": 112,
        "EBIT": 141,
        "Net Income": 87
    },
    "2020-04-30": {
        "Diluted EPS": 1.58,
        "Total Revenue": 529,
        "Gross Profit": 290,
        "Operating Income": 125,
        "EBIT": 152,
        "Net Income": 92
    },
    "2020-01-31": {
        "Diluted EPS": 0.89,
        "Total Revenue": 495,
        "Gross Profit": 263,
        "Operating Income": 75,
        "EBIT": 104,
        "Net Income": 52
    },
    "2019-10-31": {
        "Diluted EPS": 1.76,
        "Total Revenue": 585,
        "Gross Profit": 319,
        "Operating Income": 140,
        "EBIT": 167,
        "Net Income": 103
    },
    "2019-07-31": {
        "Diluted EPS": 1.62,
        "Total Revenue": 560,
        "Gross Profit": 303,
        "Operating Income": 130,
        "EBIT": 158,
        "Net Income": 94
    },
    "2019-04-30": {
        "Diluted EPS": 1.58,
        "Total Revenue": 551,
        "Gross Profit": 302,
        "Operating Income": 129,
        "EBIT": 157,
        "Net Income": 92
    },
    "2019-01-31": {
        "Diluted EPS": 0.83,
        "Total Revenue": 498,
        "Gross Profit": 269,
        "Operating Income": 84,
        "EBIT": 112,
        "Net Income": 49
    },
    "2018-10-31": {
        "Diluted EPS": 1.46,
        "Total Revenue": 569,
        "Gross Profit": 308,
        "Operating Income": 117,
        "EBIT": 144,
        "Net Income": 87
    },
    "2018-07-31": {
        "Diluted EPS": 1.61,
        "Total Revenue": 581,
        "Gross Profit": 320,
        "Operating Income": 138,
        "EBIT": 165,
        "Net Income": 95
    },
    "2018-04-30": {
        "Diluted EPS": 1.55,
        "Total Revenue": 554,
        "Gross Profit": 307,
        "Operating Income": 129,
        "EBIT": 156,
        "Net Income": 91
    },
    "2018-01-31": {
        "Diluted EPS": 1.78,
        "Total Revenue": 550,
        "Gross Profit": 301,
        "Operating Income": 119,
        "EBIT": 146,
        "Net Income": 105
    },
    "2017-10-31": {
        "Diluted EPS": 1.37,
        "Total Revenue": 574,
        "Gross Profit": 312,
        "Operating Income": 133,
        "EBIT": 159,
        "Net Income": 80
    },
    "2017-07-31": {
        "Diluted EPS": 1.74,
        "Total Revenue": 589,
        "Gross Profit": 326,
        "Operating Income": 153,
        "EBIT": 179,
        "Net Income": 101
    },
    "2017-04-30": {
        "Diluted EPS": 1.11,
        "Total Revenue": 496,
        "Gross Profit": 276,
        "Operating Income": 104,
        "EBIT": 124,
        "Net Income": 65
    },
    "2017-01-31": {
        "Diluted EPS": 0.86,
        "Total Revenue": 407,
        "Gross Profit": 225,
        "Operating Income": 76,
        "EBIT": 94,
        "Net Income": 50
    },
    "2016-10-31": {
        "Diluted EPS": 1.32,
        "Total Revenue": 509,
        "Gross Profit": 275,
        "Operating Income": 111,
        "EBIT": 128,
        "Net Income": 76
    },
    "2016-07-31": {
        "Diluted EPS": 1.46,
        "Total Revenue": 490,
        "Gross Profit": 273,
        "Operating Income": 124,
        "EBIT": 141,
        "Net Income": 84
    },
    "2016-04-30": {
        "Diluted EPS": 1.23,
        "Total Revenue": 438,
        "Gross Profit": 248,
        "Operating Income": 102,
        "EBIT": 120,
        "Net Income": 71
    },
    "2016-01-31": {
        "Diluted EPS": 0.72,
        "Total Revenue": 372,
        "Gross Profit": 197,
        "Operating Income": 52,
        "EBIT": 69,
        "Net Income": 41
    },
    "2015-10-31": {
        "Diluted EPS": 0.82,
        "Total Revenue": 446,
        "Gross Profit": 235,
        "Operating Income": 76,
        "EBIT": 92,
        "Net Income": 50
    },
    "2015-07-31": {
        "Diluted EPS": 1.14,
        "Total Revenue": 463,
        "Gross Profit": 248,
        "Operating Income": 103,
        "EBIT": 120,
        "Net Income": 69
    },
    "2015-04-30": {
        "Diluted EPS": 0.8,
        "Total Revenue": 401,
        "Gross Profit": 222,
        "Operating Income": 76,
        "EBIT": 93,
        "Net Income": 49
    },
    "2015-01-31": {
        "Diluted EPS": 0.69,
        "Total Revenue": 379,
        "Gross Profit": 209,
        "Operating Income": 63,
        "EBIT": 79,
        "Net Income": 43
    },
    "2014-10-31": {
        "Diluted EPS": 1.13,
        "Total Revenue": 469,
        "Gross Profit": 257,
        "Operating Income": 106,
        "EBIT": 122,
        "Net Income": 72
    },
    "2014-07-31": {
        "Diluted EPS": 1.21,
        "Total Revenue": 459,
        "Gross Profit": 258,
        "Operating Income": 114,
        "EBIT": 129,
        "Net Income": 78
    },
    "2014-04-30": {
        "Diluted EPS": 0.96,
        "Total Revenue": 417,
        "Gross Profit": 236,
        "Operating Income": 93,
        "EBIT": 108,
        "Net Income": 62
    },
    "2014-01-31": {
        "Diluted EPS": 0.54,
        "Total Revenue": 359,
        "Gross Profit": 195,
        "Operating Income": 54,
        "EBIT": 68,
        "Net Income": 35
    },
    "2013-10-31": {
        "Diluted EPS": 0.92,
        "Total Revenue": 411,
        "Gross Profit": 227,
        "Operating Income": 87,
        "EBIT": 102,
        "Net Income": 60
    },
    "2013-07-31": {
        "Diluted EPS": 1.01,
        "Total Revenue": 403,
        "Gross Profit": 225,
        "Operating Income": 93,
        "EBIT": 107,
        "Net Income": 65
    },
    "2013-04-30": {
        "Diluted EPS": 0.84,
        "Total Revenue": 382,
        "Gross Profit": 217,
        "Operating Income": 82,
        "EBIT": 95,
        "Net Income": 55
    },
    "2013-01-31": {
        "Diluted EPS": 0.65,
        "Total Revenue": 347,
        "Gross Profit": 197,
        "Operating Income": 62,
        "EBIT": 75,
        "Net Income": 42
    },
    "2012-10-31": {
        "Diluted EPS": 1.04,
        "Total Revenue": 439,
        "Gross Profit": 241,
        "Operating Income": 104,
        "EBIT": 117,
        "Net Income": 68
    },
    "2012-07-31": {
        "Diluted EPS": 1.03,
        "Total Revenue": 380,
        "Gross Profit": 223,
        "Operating Income": 99,
        "EBIT": 108,
        "Net Income": 67
    },
    "2012-04-30": {
        "Diluted EPS": 0.8,
        "Total Revenue": 315,
        "Gross Profit": 190,
        "Operating Income": 77,
        "EBIT": 85,
        "Net Income": 52
    },
    "2012-01-31": {
        "Diluted EPS": 0.58,
        "Total Revenue": 276,
        "Gross Profit": 169,
        "Operating Income": 56,
        "EBIT": 64,
        "Net Income": 38
    },
    "2011-10-31": {
        "Diluted EPS": 0.81,
        "Total Revenue": 331,
        "Gross Profit": 196,
        "Operating Income": 79,
        "EBIT": 89,
        "Net Income": 55
    },
    "2011-07-31": {
        "Diluted EPS": 0.82,
        "Total Revenue": 312,
        "Gross Profit": 188,
        "Operating Income": 79,
        "EBIT": 85,
        "Net Income": 57
    },
    "2011-04-30": {
        "Diluted EPS": 0.95,
        "Total Revenue": 319,
        "Gross Profit": 198,
        "Operating Income": 92,
        "EBIT": 99,
        "Net Income": 65
    },
    "2011-01-31": {
        "Diluted EPS": 0.67,
        "Total Revenue": 271,
        "Gross Profit": 166,
        "Operating Income": 66,
        "EBIT": 73,
        "Net Income": 46
    },
    "2010-10-31": {
        "Diluted EPS": 0.8,
        "Total Revenue": 290,
        "Gross Profit": 170,
        "Operating Income": 73,
        "EBIT": 80,
        "Net Income": 54
    },
    "2010-07-31": {
        "Diluted EPS": 0.8,
        "Total Revenue": 279,
        "Gross Profit": 166,
        "Operating Income": 68,
        "EBIT": 75,
        "Net Income": 55
    },
    "2010-04-30": {
        "Diluted EPS": 0.47,
        "Total Revenue": 252,
        "Gross Profit": 154,
        "Operating Income": 58,
        "EBIT": 65,
        "Net Income": 32
    },
    "2010-01-31": {
        "Diluted EPS": 0.39,
        "Total Revenue": 221,
        "Gross Profit": 132,
        "Operating Income": 36,
        "EBIT": 44,
        "Net Income": 27
    },
    "2009-10-31": {
        "Diluted EPS": -3.11,
        "Total Revenue": 237,
        "Gross Profit": 137,
        "Operating Income": -197,
        "EBIT": 54,
        "Net Income": -209
    },
    "2009-07-31": {
        "Diluted EPS": 0.36,
        "Total Revenue": 206,
        "Gross Profit": 122,
        "Operating Income": 37,
        "EBIT": 45,
        "Net Income": 24
    },
    "2009-04-30": {
        "Diluted EPS": 0.21,
        "Total Revenue": 189,
        "Gross Profit": 103,
        "Operating Income": 19,
        "EBIT": 27,
        "Net Income": 14
    },
    "2009-01-31": {
        "Diluted EPS": 0.17,
        "Total Revenue": 187,
        "Gross Profit": 107,
        "Operating Income": 13,
        "EBIT": 21,
        "Net Income": 11
    },
    "2023-07-31": {
        "Tax Effect Of Unusual Items": NaN,
        "Tax Rate For Calcs": NaN,
        "Normalized EBITDA": NaN,
        "Total Unusual Items": NaN,
        "Total Unusual Items Excluding Goodwill": NaN,
        "Net Income From Continuing Operation Net Minority Interest": NaN,
        "Reconciled Depreciation": NaN,
        "Reconciled Cost Of Revenue": NaN,
        "EBITDA": NaN,
        "EBIT": NaN,
        "Net Interest Income": NaN,
        "Interest Expense": NaN,
        "Interest Income": NaN,
        "Normalized Income": NaN,
        "Net Income From Continuing And Discontinued Operation": NaN,
        "Total Expenses": NaN,
        "Total Operating Income As Reported": NaN,
        "Diluted Average Shares": 57530000.0,
        "Basic Average Shares": 56989000.0,
        "Diluted EPS": 2.22,
        "Basic EPS": 2.24,
        "Diluted NI Availto Com Stockholders": NaN,
        "Net Income Common Stockholders": NaN,
        "Net Income": NaN,
        "Net Income Including Noncontrolling Interests": NaN,
        "Net Income Continuous Operations": NaN,
        "Tax Provision": NaN,
        "Pretax Income": NaN,
        "Other Income Expense": NaN,
        "Other Non Operating Income Expenses": NaN,
        "Gain On Sale Of Security": NaN,
        "Net Non Operating Interest Income Expense": NaN,
        "Interest Expense Non Operating": NaN,
        "Interest Income Non Operating": NaN,
        "Operating Income": NaN,
        "Operating Expense": NaN,
        "Selling General And Administration": NaN,
        "General And Administrative Expense": NaN,
        "Other Gand A": NaN,
        "Salaries And Wages": NaN,
        "Gross Profit": NaN,
        "Cost Of Revenue": NaN,
        "Total Revenue": NaN,
        "Operating Revenue": NaN
    },
    "2023-10-31": {
        "Tax Effect Of Unusual Items": 0.0,
        "Tax Rate For Calcs": 0.204272,
        "Normalized EBITDA": 218814000.0,
        "Total Unusual Items": NaN,
        "Total Unusual Items Excluding Goodwill": NaN,
        "Net Income From Continuing Operation Net Minority Interest": 127778000.0,
        "Reconciled Depreciation": 31261000.0,
        "Reconciled Cost Of Revenue": 335220000.0,
        "EBITDA": 218814000.0,
        "EBIT": 187553000.0,
        "Net Interest Income": -25921000.0,
        "Interest Expense": 26973000.0,
        "Interest Income": 1052000.0,
        "Normalized Income": 127778000.0,
        "Net Income From Continuing And Discontinued Operation": 127778000.0,
        "Total Expenses": 534274000.0,
        "Total Operating Income As Reported": 185039000.0,
        "Diluted Average Shares": 57552000.0,
        "Basic Average Shares": 57020000.0,
        "Diluted EPS": 2.22,
        "Basic EPS": 2.24,
        "Diluted NI Availto Com Stockholders": 127778000.0,
        "Net Income Common Stockholders": 127778000.0,
        "Net Income": 127778000.0,
        "Net Income Including Noncontrolling Interests": 127778000.0,
        "Net Income Continuous Operations": 127778000.0,
        "Tax Provision": 32802000.0,
        "Pretax Income": 160580000.0,
        "Other Income Expense": 1462000.0,
        "Other Non Operating Income Expenses": 1462000.0,
        "Gain On Sale Of Security": NaN,
        "Net Non Operating Interest Income Expense": -25921000.0,
        "Interest Expense Non Operating": 26973000.0,
        "Interest Income Non Operating": 1052000.0,
        "Operating Income": 185039000.0,
        "Operating Expense": 199054000.0,
        "Selling General And Administration": 199054000.0,
        "General And Administrative Expense": NaN,
        "Other Gand A": NaN,
        "Salaries And Wages": NaN,
        "Gross Profit": 384093000.0,
        "Cost Of Revenue": 335220000.0,
        "Total Revenue": 719313000.0,
        "Operating Revenue": 719313000.0
    },
    "2024-01-31": {
        "Tax Effect Of Unusual Items": 0.0,
        "Tax Rate For Calcs": 0.21,
        "Normalized EBITDA": 193685000.0,
        "Total Unusual Items": -822000.0,
        "Total Unusual Items Excluding Goodwill": -822000.0,
        "Net Income From Continuing Operation Net Minority Interest": 109572000.0,
        "Reconciled Depreciation": 33544000.0,
        "Reconciled Cost Of Revenue": 284766000.0,
        "EBITDA": 193685000.0,
        "EBIT": 160141000.0,
        "Net Interest Income": -20398000.0,
        "Interest Expense": 21442000.0,
        "Interest Income": 1044000.0,
        "Normalized Income": 109572000.0,
        "Net Income From Continuing And Discontinued Operation": 109572000.0,
        "Total Expenses": 473758000.0,
        "Total Operating Income As Reported": 159435000.0,
        "Diluted Average Shares": 57555000.0,
        "Basic Average Shares": 57064000.0,
        "Diluted EPS": 1.9,
        "Basic EPS": 1.92,
        "Diluted NI Availto Com Stockholders": 109572000.0,
        "Net Income Common Stockholders": 109572000.0,
        "Net Income": 109572000.0,
        "Net Income Including Noncontrolling Interests": 109572000.0,
        "Net Income Continuous Operations": 109572000.0,
        "Tax Provision": 29127000.0,
        "Pretax Income": 138699000.0,
        "Other Income Expense": -338000.0,
        "Other Non Operating Income Expenses": -338000.0,
        "Gain On Sale Of Security": -822000.0,
        "Net Non Operating Interest Income Expense": -20398000.0,
        "Interest Expense Non Operating": 21442000.0,
        "Interest Income Non Operating": 1044000.0,
        "Operating Income": 159435000.0,
        "Operating Expense": 188992000.0,
        "Selling General And Administration": 188992000.0,
        "General And Administrative Expense": 187967000.0,
        "Other Gand A": 188992000.0,
        "Salaries And Wages": -1025000.0,
        "Gross Profit": 348427000.0,
        "Cost Of Revenue": 284766000.0,
        "Total Revenue": 633193000.0,
        "Operating Revenue": 633193000.0
    },
    "2024-04-30": {
        "Tax Effect Of Unusual Items": 0.0,
        "Tax Rate For Calcs": 0.208,
        "Normalized EBITDA": 202105000.0,
        "Total Unusual Items": NaN,
        "Total Unusual Items Excluding Goodwill": NaN,
        "Net Income From Continuing Operation Net Minority Interest": 118217000.0,
        "Reconciled Depreciation": 32720000.0,
        "Reconciled Cost Of Revenue": 284765000.0,
        "EBITDA": 202105000.0,
        "EBIT": 169385000.0,
        "Net Interest Income": -18555000.0,
        "Interest Expense": 20109000.0,
        "Interest Income": 1554000.0,
        "Normalized Income": 118217000.0,
        "Net Income From Continuing And Discontinued Operation": 118217000.0,
        "Total Expenses": 482026000.0,
        "Total Operating Income As Reported": 168616000.0,
        "Diluted Average Shares": 57681000.0,
        "Basic Average Shares": 57222000.0,
        "Diluted EPS": 2.05,
        "Basic EPS": 2.07,
        "Diluted NI Availto Com Stockholders": 118217000.0,
        "Net Income Common Stockholders": 118217000.0,
        "Net Income": 118217000.0,
        "Net Income Including Noncontrolling Interests": 118217000.0,
        "Net Income Continuous Operations": 118217000.0,
        "Tax Provision": 31059000.0,
        "Pretax Income": 149276000.0,
        "Other Income Expense": -785000.0,
        "Other Non Operating Income Expenses": -785000.0,
        "Gain On Sale Of Security": NaN,
        "Net Non Operating Interest Income Expense": -18555000.0,
        "Interest Expense Non Operating": 20109000.0,
        "Interest Income Non Operating": 1554000.0,
        "Operating Income": 168616000.0,
        "Operating Expense": 197261000.0,
        "Selling General And Administration": 197261000.0,
        "General And Administrative Expense": NaN,
        "Other Gand A": NaN,
        "Salaries And Wages": NaN,
        "Gross Profit": 365877000.0,
        "Cost Of Revenue": 284765000.0,
        "Total Revenue": 650642000.0,
        "Operating Revenue": 650642000.0
    },
    "2024-07-31": {
        "Tax Effect Of Unusual Items": 0.0,
        "Tax Rate For Calcs": 0.215,
        "Normalized EBITDA": 201619000.0,
        "Total Unusual Items": NaN,
        "Total Unusual Items Excluding Goodwill": NaN,
        "Net Income From Continuing Operation Net Minority Interest": 117327000.0,
        "Reconciled Depreciation": 33382000.0,
        "Reconciled Cost Of Revenue": 292603000.0,
        "EBITDA": 201619000.0,
        "EBIT": 168237000.0,
        "Net Interest Income": -17776000.0,
        "Interest Expense": 18803000.0,
        "Interest Income": 1027000.0,
        "Normalized Income": 117327000.0,
        "Net Income From Continuing And Discontinued Operation": 117327000.0,
        "Total Expenses": 494546000.0,
        "Total Operating Income As Reported": 167058000.0,
        "Diluted Average Shares": 57624000.0,
        "Basic Average Shares": 57229000.0,
        "Diluted EPS": 2.04,
        "Basic EPS": 2.05,
        "Diluted NI Availto Com Stockholders": 117327000.0,
        "Net Income Common Stockholders": 117327000.0,
        "Net Income": 117327000.0,
        "Net Income Including Noncontrolling Interests": 117327000.0,
        "Net Income Continuous Operations": 117327000.0,
        "Tax Provision": 32107000.0,
        "Pretax Income": 149434000.0,
        "Other Income Expense": 152000.0,
        "Other Non Operating Income Expenses": 152000.0,
        "Gain On Sale Of Security": NaN,
        "Net Non Operating Interest Income Expense": -17776000.0,
        "Interest Expense Non Operating": 18803000.0,
        "Interest Income Non Operating": 1027000.0,
        "Operating Income": 167058000.0,
        "Operating Expense": 201943000.0,
        "Selling General And Administration": 201943000.0,
        "General And Administrative Expense": NaN,
        "Other Gand A": NaN,
        "Salaries And Wages": NaN,
        "Gross Profit": 369001000.0,
        "Cost Of Revenue": 292603000.0,
        "Total Revenue": 661604000.0,
        "Operating Revenue": 661604000.0
    },
    "2024-10-31": {
        "Tax Effect Of Unusual Items": 0.0,
        "Tax Rate For Calcs": 0.174942,
        "Normalized EBITDA": 213171000.0,
        "Total Unusual Items": NaN,
        "Total Unusual Items Excluding Goodwill": NaN,
        "Net Income From Continuing Operation Net Minority Interest": 122168000.0,
        "Reconciled Depreciation": 36529000.0,
        "Reconciled Cost Of Revenue": 341658000.0,
        "EBITDA": 213171000.0,
        "EBIT": 176642000.0,
        "Net Interest Income": -27282000.0,
        "Interest Expense": 28570000.0,
        "Interest Income": 1288000.0,
        "Normalized Income": 122168000.0,
        "Net Income From Continuing And Discontinued Operation": 122168000.0,
        "Total Expenses": 565590000.0,
        "Total Operating Income As Reported": 178892000.0,
        "Diluted Average Shares": 57603000.0,
        "Basic Average Shares": 57188000.0,
        "Diluted EPS": 2.12,
        "Basic EPS": 2.14,
        "Diluted NI Availto Com Stockholders": 122168000.0,
        "Net Income Common Stockholders": 122168000.0,
        "Net Income": 122168000.0,
        "Net Income Including Noncontrolling Interests": 122168000.0,
        "Net Income Continuous Operations": 122168000.0,
        "Tax Provision": 25904000.0,
        "Pretax Income": 148072000.0,
        "Other Income Expense": -3538000.0,
        "Other Non Operating Income Expenses": -3538000.0,
        "Gain On Sale Of Security": NaN,
        "Net Non Operating Interest Income Expense": -27282000.0,
        "Interest Expense Non Operating": 28570000.0,
        "Interest Income Non Operating": 1288000.0,
        "Operating Income": 178892000.0,
        "Operating Expense": 223932000.0,
        "Selling General And Administration": 223932000.0,
        "General And Administrative Expense": NaN,
        "Other Gand A": NaN,
        "Salaries And Wages": NaN,
        "Gross Profit": 402824000.0,
        "Cost Of Revenue": 341658000.0,
        "Total Revenue": 744482000.0,
        "Operating Revenue": 744482000.0
    },
    "2025-01-31": {
        "Tax Effect Of Unusual Items": 0.0,
        "Tax Rate For Calcs": 0.19,
        "Normalized EBITDA": 180445000.0,
        "Total Unusual Items": NaN,
        "Total Unusual Items Excluding Goodwill": NaN,
        "Net Income From Continuing Operation Net Minority Interest": 94652000.0,
        "Reconciled Depreciation": 37031000.0,
        "Reconciled Cost Of Revenue": 279524000.0,
        "EBITDA": 180445000.0,
        "EBIT": 143414000.0,
        "Net Interest Income": -25618000.0,
        "Interest Expense": 26559000.0,
        "Interest Income": 941000.0,
        "Normalized Income": 94652000.0,
        "Net Income From Continuing And Discontinued Operation": 94652000.0,
        "Total Expenses": 474473000.0,
        "Total Operating Income As Reported": 140947000.0,
        "Diluted Average Shares": 57486000.0,
        "Basic Average Shares": 57129000.0,
        "Diluted EPS": 1.65,
        "Basic EPS": 1.66,
        "Diluted NI Availto Com Stockholders": 94652000.0,
        "Net Income Common Stockholders": 94652000.0,
        "Net Income": 94652000.0,
        "Net Income Including Noncontrolling Interests": 94652000.0,
        "Net Income Continuous Operations": 94652000.0,
        "Tax Provision": 22203000.0,
        "Pretax Income": 116855000.0,
        "Other Income Expense": 1526000.0,
        "Other Non Operating Income Expenses": 1526000.0,
        "Gain On Sale Of Security": NaN,
        "Net Non Operating Interest Income Expense": -25618000.0,
        "Interest Expense Non Operating": 26559000.0,
        "Interest Income Non Operating": 941000.0,
        "Operating Income": 140947000.0,
        "Operating Expense": 194949000.0,
        "Selling General And Administration": 194949000.0,
        "General And Administrative Expense": NaN,
        "Other Gand A": NaN,
        "Salaries And Wages": NaN,
        "Gross Profit": 335896000.0,
        "Cost Of Revenue": 279524000.0,
        "Total Revenue": 615420000.0,
        "Operating Revenue": 615420000.0
    }
}