{
    "2023-06-30": {
        "Tax Effect Of Unusual Items": NaN,
        "Tax Rate For Calcs": NaN,
        "Total Unusual Items": 0.0,
        "Total Unusual Items Excluding Goodwill": 0.0,
        "Net Income From Continuing Operation Net Minority Interest": NaN,
        "Reconciled Depreciation": NaN,
        "Net Interest Income": NaN,
        "Interest Expense": NaN,
        "Interest Income": NaN,
        "Normalized Income": NaN,
        "Net Income From Continuing And Discontinued Operation": NaN,
        "Diluted Average Shares": NaN,
        "Basic Average Shares": NaN,
        "Diluted EPS": NaN,
        "Basic EPS": NaN,
        "Diluted NI Availto Com Stockholders": NaN,
        "Net Income Common Stockholders": NaN,
        "Net Income": NaN,
        "Net Income Including Noncontrolling Interests": NaN,
        "Net Income Continuous Operations": NaN,
        "Tax Provision": NaN,
        "Pretax Income": NaN,
        "Special Income Charges": 0.0,
        "Gain On Sale Of Security": NaN,
        "Selling General And Administration": NaN,
        "Selling And Marketing Expense": NaN,
        "General And Administrative Expense": NaN,
        "Insurance And Claims": NaN,
        "Salaries And Wages": NaN,
        "Total Revenue": NaN,
        "Operating Revenue": NaN,
        "Occupancy And Equipment": NaN,
        "Professional Expense And Contract Services Expense": NaN,
        "Other Non Interest Expense": NaN
    },
    "2023-03-31": {
        "Tax Effect Of Unusual Items": 0.0,
        "Tax Rate For Calcs": 0.287,
        "Total Unusual Items": NaN,
        "Total Unusual Items Excluding Goodwill": NaN,
        "Net Income From Continuing Operation Net Minority Interest": 11244000.0,
        "Reconciled Depreciation": 316000.0,
        "Net Interest Income": 22838000.0,
        "Interest Expense": 5673000.0,
        "Interest Income": 28511000.0,
        "Normalized Income": 11244000.0,
        "Net Income From Continuing And Discontinued Operation": 11244000.0,
        "Diluted Average Shares": 14696000.0,
        "Basic Average Shares": 14649000.0,
        "Diluted EPS": 0.77,
        "Basic EPS": 0.77,
        "Diluted NI Availto Com Stockholders": 11244000.0,
        "Net Income Common Stockholders": 11244000.0,
        "Net Income": 11244000.0,
        "Net Income Including Noncontrolling Interests": 11244000.0,
        "Net Income Continuous Operations": 11244000.0,
        "Tax Provision": 4517000.0,
        "Pretax Income": 15761000.0,
        "Special Income Charges": NaN,
        "Other Special Charges": NaN,
        "Gain On Sale Of Security": 225000.0,
        "Selling General And Administration": 4968000.0,
        "Selling And Marketing Expense": 49000.0,
        "General And Administrative Expense": 4919000.0,
        "Other Gand A": NaN,
        "Insurance And Claims": 95000.0,
        "Salaries And Wages": 4824000.0,
        "Total Revenue": 23953000.0,
        "Operating Revenue": 23953000.0,
        "Occupancy And Equipment": 973000.0,
        "Professional Expense And Contract Services Expense": 420000.0,
        "Other Non Interest Expense": 1830000.0
    },
    "2022-12-31": {
        "Tax Effect Of Unusual Items": NaN,
        "Tax Rate For Calcs": NaN,
        "Total Unusual Items": -451000.0,
        "Total Unusual Items Excluding Goodwill": -451000.0,
        "Net Income From Continuing Operation Net Minority Interest": NaN,
        "Reconciled Depreciation": NaN,
        "Net Interest Income": NaN,
        "Interest Expense": NaN,
        "Interest Income": NaN,
        "Normalized Income": NaN,
        "Net Income From Continuing And Discontinued Operation": NaN,
        "Diluted Average Shares": NaN,
        "Basic Average Shares": NaN,
        "Diluted EPS": NaN,
        "Basic EPS": NaN,
        "Diluted NI Availto Com Stockholders": NaN,
        "Net Income Common Stockholders": NaN,
        "Net Income": NaN,
        "Net Income Including Noncontrolling Interests": NaN,
        "Net Income Continuous Operations": NaN,
        "Tax Provision": NaN,
        "Pretax Income": NaN,
        "Special Income Charges": -451000.0,
        "Other Special Charges": 0.0,
        "Gain On Sale Of Security": NaN,
        "Selling General And Administration": NaN,
        "Selling And Marketing Expense": NaN,
        "General And Administrative Expense": NaN,
        "Other Gand A": 524000.0,
        "Insurance And Claims": NaN,
        "Salaries And Wages": NaN,
        "Total Revenue": NaN,
        "Operating Revenue": NaN,
        "Occupancy And Equipment": NaN,
        "Professional Expense And Contract Services Expense": NaN,
        "Other Non Interest Expense": NaN
    },
    "2022-09-30": {
        "Tax Effect Of Unusual Items": NaN,
        "Tax Rate For Calcs": NaN,
        "Total Unusual Items": 52000.0,
        "Total Unusual Items Excluding Goodwill": 52000.0,
        "Net Income From Continuing Operation Net Minority Interest": NaN,
        "Reconciled Depreciation": NaN,
        "Net Interest Income": NaN,
        "Interest Expense": NaN,
        "Interest Income": NaN,
        "Normalized Income": NaN,
        "Net Income From Continuing And Discontinued Operation": NaN,
        "Diluted Average Shares": NaN,
        "Basic Average Shares": NaN,
        "Diluted EPS": NaN,
        "Basic EPS": NaN,
        "Diluted NI Availto Com Stockholders": NaN,
        "Net Income Common Stockholders": NaN,
        "Net Income": NaN,
        "Net Income Including Noncontrolling Interests": NaN,
        "Net Income Continuous Operations": NaN,
        "Tax Provision": NaN,
        "Pretax Income": NaN,
        "Special Income Charges": 52000.0,
        "Other Special Charges": -52000.0,
        "Gain On Sale Of Security": NaN,
        "Selling General And Administration": NaN,
        "Selling And Marketing Expense": NaN,
        "General And Administrative Expense": NaN,
        "Other Gand A": 466000.0,
        "Insurance And Claims": NaN,
        "Salaries And Wages": NaN,
        "Total Revenue": NaN,
        "Operating Revenue": NaN
    },
    "2022-06-30": {
        "Tax Effect Of Unusual Items": 10902.0,
        "Tax Rate For Calcs": 0.237,
        "Total Unusual Items": 46000.0,
        "Total Unusual Items Excluding Goodwill": 46000.0,
        "Net Income From Continuing Operation Net Minority Interest": 5393000.0,
        "Reconciled Depreciation": 300000.0,
        "Net Interest Income": 13542000.0,
        "Interest Expense": 1296000.0,
        "Interest Income": 14838000.0,
        "Normalized Income": 5357902.0,
        "Net Income From Continuing And Discontinued Operation": 5393000.0,
        "Diluted Average Shares": 15544000.0,
        "Basic Average Shares": 15544000.0,
        "Diluted EPS": 0.35,
        "Basic EPS": 0.35,
        "Diluted NI Availto Com Stockholders": 5393000.0,
        "Net Income Common Stockholders": 5393000.0,
        "Net Income": 5393000.0,
        "Net Income Including Noncontrolling Interests": 5393000.0,
        "Net Income Continuous Operations": 5393000.0,
        "Tax Provision": 1678000.0,
        "Pretax Income": 7071000.0,
        "Special Income Charges": 46000.0,
        "Other Special Charges": -46000.0,
        "Impairment Of Capital Assets": NaN,
        "Gain On Sale Of Security": -430000.0,
        "Selling General And Administration": 3664000.0,
        "Selling And Marketing Expense": 51000.0,
        "General And Administrative Expense": 3613000.0,
        "Other Gand A": 479000.0,
        "Insurance And Claims": 96000.0,
        "Salaries And Wages": 3613000.0,
        "Total Revenue": 14032000.0,
        "Operating Revenue": 14032000.0
    },
    "2022-03-31": {
        "Diluted EPS": 0.0,
        "Total Revenue": 13,
        "Gross Profit": 12,
        "Operating Income": 5,
        "EBIT": NaN,
        "Net Income": 4
    },
    "2021-12-31": {
        "Diluted EPS": -0.48,
        "Total Revenue": 13,
        "Gross Profit": 12,
        "Operating Income": 6,
        "EBIT": NaN,
        "Net Income": 4
    },
    "2021-09-30": {
        "Diluted EPS": 0.05,
        "Total Revenue": 13,
        "Gross Profit": 11,
        "Operating Income": 1,
        "EBIT": NaN,
        "Net Income": 1
    },
    "2021-06-30": {
        "Diluted EPS": 0.23,
        "Total Revenue": 12,
        "Gross Profit": 11,
        "Operating Income": 5,
        "EBIT": NaN,
        "Net Income": 4
    },
    "2021-03-31": {
        "Diluted EPS": 0.2,
        "Total Revenue": 12,
        "Gross Profit": 11,
        "Operating Income": 4,
        "EBIT": NaN,
        "Net Income": 3
    },
    "2020-12-31": {
        "Diluted EPS": 0.16,
        "Total Revenue": 13,
        "Gross Profit": 11,
        "Operating Income": 4,
        "EBIT": NaN,
        "Net Income": 3
    },
    "2020-09-30": {
        "Diluted EPS": 0.19,
        "Total Revenue": 13,
        "Gross Profit": 10,
        "Operating Income": 4,
        "EBIT": NaN,
        "Net Income": 3
    },
    "2020-06-30": {
        "Diluted EPS": 0.21,
        "Total Revenue": 13,
        "Gross Profit": 10,
        "Operating Income": 3,
        "EBIT": NaN,
        "Net Income": 2
    },
    "2020-03-31": {
        "Diluted EPS": 0.2,
        "Total Revenue": 14,
        "Gross Profit": 10,
        "Operating Income": 4,
        "EBIT": NaN,
        "Net Income": 3
    },
    "2015-12-31": {
        "Diluted EPS": 0.05,
        "Total Revenue": 6,
        "Gross Profit": 5,
        "Operating Income": 1,
        "EBIT": NaN,
        "Net Income": 1
    },
    "2015-09-30": {
        "Diluted EPS": 0.06,
        "Total Revenue": 6,
        "Gross Profit": 5,
        "Operating Income": 1,
        "EBIT": NaN,
        "Net Income": 1
    },
    "2015-06-30": {
        "Diluted EPS": 0.05,
        "Total Revenue": 6,
        "Gross Profit": 5,
        "Operating Income": 1,
        "EBIT": NaN,
        "Net Income": 1
    },
    "2015-03-31": {
        "Diluted EPS": -0.01,
        "Total Revenue": 6,
        "Gross Profit": 5,
        "Operating Income": 0,
        "EBIT": NaN,
        "Net Income": 0
    },
    "2014-12-31": {
        "Diluted EPS": 0.04,
        "Total Revenue": 6,
        "Gross Profit": 5,
        "Operating Income": 1,
        "EBIT": NaN,
        "Net Income": 1
    },
    "2014-09-30": {
        "Diluted EPS": 0.02,
        "Total Revenue": 5,
        "Gross Profit": 4,
        "Operating Income": 1,
        "EBIT": NaN,
        "Net Income": 0
    },
    "2014-06-30": {
        "Diluted EPS": 0.03,
        "Total Revenue": 5,
        "Gross Profit": 5,
        "Operating Income": 1,
        "EBIT": NaN,
        "Net Income": 0
    },
    "2014-03-31": {
        "Diluted EPS": 0.02,
        "Total Revenue": 5,
        "Gross Profit": 4,
        "Operating Income": 0,
        "EBIT": NaN,
        "Net Income": 0
    },
    "2013-12-31": {
        "Diluted EPS": 0.01,
        "Total Revenue": 5,
        "Gross Profit": 4,
        "Operating Income": 0,
        "EBIT": NaN,
        "Net Income": 0
    },
    "2013-09-30": {
        "Diluted EPS": 0.02,
        "Total Revenue": 5,
        "Gross Profit": 4,
        "Operating Income": 1,
        "EBIT": NaN,
        "Net Income": 0
    },
    "2013-06-30": {
        "Diluted EPS": 0.02,
        "Total Revenue": 5,
        "Gross Profit": 4,
        "Operating Income": 1,
        "EBIT": NaN,
        "Net Income": 0
    },
    "2013-03-31": {
        "Diluted EPS": 0.02,
        "Total Revenue": 5,
        "Gross Profit": 4,
        "Operating Income": 0,
        "EBIT": NaN,
        "Net Income": 0
    },
    "2012-12-31": {
        "Diluted EPS": -0.12,
        "Total Revenue": 6,
        "Gross Profit": 5,
        "Operating Income": -3,
        "EBIT": NaN,
        "Net Income": -2
    },
    "2012-09-30": {
        "Diluted EPS": -0.06,
        "Total Revenue": 6,
        "Gross Profit": 5,
        "Operating Income": -2,
        "EBIT": NaN,
        "Net Income": -1
    },
    "2012-06-30": {
        "Diluted EPS": 0.02,
        "Total Revenue": 6,
        "Gross Profit": 5,
        "Operating Income": 0,
        "EBIT": NaN,
        "Net Income": 0
    },
    "2012-03-31": {
        "Diluted EPS": 0.02,
        "Total Revenue": 6,
        "Gross Profit": 4,
        "Operating Income": 0,
        "EBIT": NaN,
        "Net Income": 0
    },
    "2011-12-31": {
        "Diluted EPS": 0.02,
        "Total Revenue": 6,
        "Gross Profit": 5,
        "Operating Income": 0,
        "EBIT": NaN,
        "Net Income": 0
    },
    "2011-09-30": {
        "Diluted EPS": 0.03,
        "Total Revenue": 6,
        "Gross Profit": 5,
        "Operating Income": 1,
        "EBIT": NaN,
        "Net Income": 0
    },
    "2011-06-30": {
        "Diluted EPS": 0.05,
        "Total Revenue": 6,
        "Gross Profit": 5,
        "Operating Income": 1,
        "EBIT": NaN,
        "Net Income": 1
    },
    "2011-03-31": {
        "Diluted EPS": 0.05,
        "Total Revenue": 6,
        "Gross Profit": 5,
        "Operating Income": 1,
        "EBIT": NaN,
        "Net Income": 1
    },
    "2010-12-31": {
        "Diluted EPS": 0.05,
        "Total Revenue": 9,
        "Gross Profit": 7,
        "Operating Income": 1,
        "EBIT": NaN,
        "Net Income": 1
    },
    "2010-09-30": {
        "Diluted EPS": 0.03,
        "Total Revenue": 6,
        "Gross Profit": 4,
        "Operating Income": 1,
        "EBIT": NaN,
        "Net Income": 1
    },
    "2010-06-30": {
        "Diluted EPS": 0.01,
        "Total Revenue": 6,
        "Gross Profit": 4,
        "Operating Income": 0,
        "EBIT": NaN,
        "Net Income": 0
    },
    "2010-03-31": {
        "Diluted EPS": 0.03,
        "Total Revenue": 6,
        "Gross Profit": 4,
        "Operating Income": 1,
        "EBIT": NaN,
        "Net Income": 1
    },
    "2009-12-31": {
        "Diluted EPS": 0.0,
        "Total Revenue": 7,
        "Gross Profit": 4,
        "Operating Income": -4,
        "EBIT": NaN,
        "Net Income": -2
    },
    "2009-09-30": {
        "Diluted EPS": 0.0,
        "Total Revenue": 7,
        "Gross Profit": 4,
        "Operating Income": -2,
        "EBIT": NaN,
        "Net Income": -1
    },
    "2009-06-30": {
        "Diluted EPS": 0.0,
        "Total Revenue": 7,
        "Gross Profit": 4,
        "Operating Income": 0,
        "EBIT": NaN,
        "Net Income": 0
    },
    "2009-03-31": {
        "Diluted EPS": 0.0,
        "Total Revenue": 6,
        "Gross Profit": 4,
        "Operating Income": 1,
        "EBIT": NaN,
        "Net Income": 1
    },
    "2023-09-30": {
        "Tax Effect Of Unusual Items": NaN,
        "Tax Rate For Calcs": NaN,
        "Total Unusual Items": 0.0,
        "Total Unusual Items Excluding Goodwill": 0.0,
        "Net Income From Continuing Operation Net Minority Interest": NaN,
        "Reconciled Depreciation": NaN,
        "Net Interest Income": NaN,
        "Interest Expense": NaN,
        "Interest Income": NaN,
        "Normalized Income": NaN,
        "Net Income From Continuing And Discontinued Operation": NaN,
        "Diluted Average Shares": NaN,
        "Basic Average Shares": NaN,
        "Diluted EPS": NaN,
        "Basic EPS": NaN,
        "Diluted NI Availto Com Stockholders": NaN,
        "Net Income Common Stockholders": NaN,
        "Net Income": NaN,
        "Net Income Including Noncontrolling Interests": NaN,
        "Net Income Continuous Operations": NaN,
        "Tax Provision": NaN,
        "Pretax Income": NaN,
        "Special Income Charges": 0.0,
        "Gain On Sale Of Security": NaN,
        "Selling General And Administration": NaN,
        "Selling And Marketing Expense": NaN,
        "General And Administrative Expense": NaN,
        "Insurance And Claims": NaN,
        "Salaries And Wages": NaN,
        "Total Revenue": NaN,
        "Operating Revenue": NaN,
        "Occupancy And Equipment": NaN,
        "Professional Expense And Contract Services Expense": NaN,
        "Other Non Interest Expense": NaN
    },
    "2023-12-31": {
        "Tax Effect Of Unusual Items": NaN,
        "Tax Rate For Calcs": NaN,
        "Total Unusual Items": -156000.0,
        "Total Unusual Items Excluding Goodwill": -156000.0,
        "Net Income From Continuing Operation Net Minority Interest": NaN,
        "Reconciled Depreciation": NaN,
        "Net Interest Income": NaN,
        "Interest Expense": NaN,
        "Interest Income": NaN,
        "Normalized Income": NaN,
        "Net Income From Continuing And Discontinued Operation": NaN,
        "Diluted Average Shares": NaN,
        "Basic Average Shares": NaN,
        "Diluted EPS": NaN,
        "Basic EPS": NaN,
        "Diluted NI Availto Com Stockholders": NaN,
        "Net Income Common Stockholders": NaN,
        "Net Income": NaN,
        "Net Income Including Noncontrolling Interests": NaN,
        "Net Income Continuous Operations": NaN,
        "Tax Provision": NaN,
        "Pretax Income": NaN,
        "Special Income Charges": -156000.0,
        "Gain On Sale Of Security": NaN,
        "Selling General And Administration": NaN,
        "Selling And Marketing Expense": NaN,
        "General And Administrative Expense": NaN,
        "Insurance And Claims": NaN,
        "Salaries And Wages": NaN,
        "Total Revenue": NaN,
        "Operating Revenue": NaN,
        "Occupancy And Equipment": NaN,
        "Professional Expense And Contract Services Expense": NaN,
        "Other Non Interest Expense": NaN
    },
    "2024-03-31": {
        "Tax Effect Of Unusual Items": 0.0,
        "Tax Rate For Calcs": 0.29019,
        "Total Unusual Items": NaN,
        "Total Unusual Items Excluding Goodwill": NaN,
        "Net Income From Continuing Operation Net Minority Interest": 11374000.0,
        "Reconciled Depreciation": 297000.0,
        "Net Interest Income": 24986000.0,
        "Interest Expense": 13135000.0,
        "Interest Income": 38121000.0,
        "Normalized Income": 11374000.0,
        "Net Income From Continuing And Discontinued Operation": 11374000.0,
        "Diluted Average Shares": 13191000.0,
        "Basic Average Shares": 13118000.0,
        "Diluted EPS": 0.86,
        "Basic EPS": 0.87,
        "Diluted NI Availto Com Stockholders": 11374000.0,
        "Net Income Common Stockholders": 11374000.0,
        "Net Income": 11374000.0,
        "Net Income Including Noncontrolling Interests": 11374000.0,
        "Net Income Continuous Operations": 11374000.0,
        "Tax Provision": 4650000.0,
        "Pretax Income": 16024000.0,
        "Special Income Charges": NaN,
        "Gain On Sale Of Security": -82000.0,
        "Selling General And Administration": 5866000.0,
        "Selling And Marketing Expense": 88000.0,
        "General And Administrative Expense": 5778000.0,
        "Insurance And Claims": 102000.0,
        "Salaries And Wages": 5676000.0,
        "Total Revenue": 25540000.0,
        "Operating Revenue": 25540000.0,
        "Occupancy And Equipment": 960000.0,
        "Professional Expense And Contract Services Expense": 432000.0,
        "Other Non Interest Expense": 2423000.0
    },
    "2024-06-30": {
        "Tax Effect Of Unusual Items": 0.0,
        "Tax Rate For Calcs": 0.276,
        "Total Unusual Items": NaN,
        "Total Unusual Items Excluding Goodwill": NaN,
        "Net Income From Continuing Operation Net Minority Interest": 12798000.0,
        "Reconciled Depreciation": 301000.0,
        "Net Interest Income": 26222000.0,
        "Interest Expense": 14015000.0,
        "Interest Income": 40237000.0,
        "Normalized Income": 12798000.0,
        "Net Income From Continuing And Discontinued Operation": 12798000.0,
        "Diluted Average Shares": 13181000.0,
        "Basic Average Shares": 13084000.0,
        "Diluted EPS": 0.97,
        "Basic EPS": 0.98,
        "Diluted NI Availto Com Stockholders": 12798000.0,
        "Net Income Common Stockholders": 12798000.0,
        "Net Income": 12798000.0,
        "Net Income Including Noncontrolling Interests": 12798000.0,
        "Net Income Continuous Operations": 12798000.0,
        "Tax Provision": 4883000.0,
        "Pretax Income": 17681000.0,
        "Special Income Charges": NaN,
        "Gain On Sale Of Security": -20000.0,
        "Selling General And Administration": 5777000.0,
        "Selling And Marketing Expense": 94000.0,
        "General And Administrative Expense": 5683000.0,
        "Insurance And Claims": 110000.0,
        "Salaries And Wages": 5573000.0,
        "Total Revenue": 26239000.0,
        "Operating Revenue": 26239000.0,
        "Occupancy And Equipment": 895000.0,
        "Professional Expense And Contract Services Expense": 429000.0,
        "Other Non Interest Expense": 1683000.0
    },
    "2024-09-30": {
        "Tax Effect Of Unusual Items": 0.0,
        "Tax Rate For Calcs": 0.278,
        "Total Unusual Items": NaN,
        "Total Unusual Items Excluding Goodwill": NaN,
        "Net Income From Continuing Operation Net Minority Interest": 12686000.0,
        "Reconciled Depreciation": 286000.0,
        "Net Interest Income": 26286000.0,
        "Interest Expense": 14897000.0,
        "Interest Income": 41183000.0,
        "Normalized Income": 12686000.0,
        "Net Income From Continuing And Discontinued Operation": 12686000.0,
        "Diluted Average Shares": 13417000.0,
        "Basic Average Shares": 13075000.0,
        "Diluted EPS": 0.95,
        "Basic EPS": 0.97,
        "Diluted NI Availto Com Stockholders": 12686000.0,
        "Net Income Common Stockholders": 12686000.0,
        "Net Income": 12686000.0,
        "Net Income Including Noncontrolling Interests": 12686000.0,
        "Net Income Continuous Operations": 12686000.0,
        "Tax Provision": 4883000.0,
        "Pretax Income": 17569000.0,
        "Special Income Charges": NaN,
        "Gain On Sale Of Security": 547000.0,
        "Selling General And Administration": 5680000.0,
        "Selling And Marketing Expense": 128000.0,
        "General And Administrative Expense": 5552000.0,
        "Insurance And Claims": 106000.0,
        "Salaries And Wages": 5446000.0,
        "Total Revenue": 26812000.0,
        "Operating Revenue": 26812000.0,
        "Occupancy And Equipment": 922000.0,
        "Professional Expense And Contract Services Expense": 404000.0,
        "Other Non Interest Expense": 2132000.0
    },
    "2024-12-31": {
        "Tax Effect Of Unusual Items": 0.0,
        "Tax Rate For Calcs": 0.2954,
        "Total Unusual Items": NaN,
        "Total Unusual Items Excluding Goodwill": NaN,
        "Net Income From Continuing Operation Net Minority Interest": 10216000.0,
        "Reconciled Depreciation": 302000.0,
        "Net Interest Income": 25298000.0,
        "Interest Expense": 15174000.0,
        "Interest Income": 40472000.0,
        "Normalized Income": 10216000.0,
        "Net Income From Continuing And Discontinued Operation": 10216000.0,
        "Diluted Average Shares": 13582000.0,
        "Basic Average Shares": 13132000.0,
        "Diluted EPS": 0.8,
        "Basic EPS": 0.83,
        "Diluted NI Availto Com Stockholders": 10216000.0,
        "Net Income Common Stockholders": 10216000.0,
        "Net Income": 10216000.0,
        "Net Income Including Noncontrolling Interests": 10216000.0,
        "Net Income Continuous Operations": 10216000.0,
        "Tax Provision": 4283000.0,
        "Pretax Income": 14499000.0,
        "Special Income Charges": NaN,
        "Gain On Sale Of Security": -554000.0,
        "Selling General And Administration": 5960000.0,
        "Selling And Marketing Expense": 108000.0,
        "General And Administrative Expense": 5852000.0,
        "Insurance And Claims": 94000.0,
        "Salaries And Wages": 5702000.0,
        "Total Revenue": 24776000.0,
        "Operating Revenue": 24776000.0,
        "Occupancy And Equipment": 941000.0,
        "Professional Expense And Contract Services Expense": 403000.0,
        "Other Non Interest Expense": 1969000.0
    },
    "2025-03-31": {
        "Tax Effect Of Unusual Items": 0.0,
        "Tax Rate For Calcs": 0.278358,
        "Total Unusual Items": NaN,
        "Total Unusual Items Excluding Goodwill": NaN,
        "Net Income From Continuing Operation Net Minority Interest": 10567000.0,
        "Reconciled Depreciation": 298000.0,
        "Net Interest Income": 24264000.0,
        "Interest Expense": 13943000.0,
        "Interest Income": 38207000.0,
        "Normalized Income": 10567000.0,
        "Net Income From Continuing And Discontinued Operation": 10567000.0,
        "Diluted Average Shares": 13560000.0,
        "Basic Average Shares": 13192000.0,
        "Diluted EPS": 0.78,
        "Basic EPS": 0.8,
        "Diluted NI Availto Com Stockholders": 10567000.0,
        "Net Income Common Stockholders": 10567000.0,
        "Net Income": 10567000.0,
        "Net Income Including Noncontrolling Interests": 10567000.0,
        "Net Income Continuous Operations": 10567000.0,
        "Tax Provision": 4076000.0,
        "Pretax Income": 14643000.0,
        "Special Income Charges": NaN,
        "Gain On Sale Of Security": 300000.0,
        "Selling General And Administration": 6437000.0,
        "Selling And Marketing Expense": 102000.0,
        "General And Administrative Expense": 6335000.0,
        "Insurance And Claims": 106000.0,
        "Salaries And Wages": 6229000.0,
        "Total Revenue": 25499000.0,
        "Operating Revenue": 25499000.0,
        "Occupancy And Equipment": 964000.0,
        "Professional Expense And Contract Services Expense": 432000.0,
        "Other Non Interest Expense": 2786000.0
    }
}