{
    "2023-05-31": {
        "Tax Effect Of Unusual Items": 0.0,
        "Tax Rate For Calcs": 0.271634,
        "Normalized EBITDA": 54043000.0,
        "Total Unusual Items": NaN,
        "Total Unusual Items Excluding Goodwill": NaN,
        "Net Income From Continuing Operation Net Minority Interest": 5572000.0,
        "Reconciled Depreciation": 28439000.0,
        "Reconciled Cost Of Revenue": 118628000.0,
        "EBITDA": 54043000.0,
        "EBIT": 25604000.0,
        "Net Interest Income": -16951000.0,
        "Interest Expense": 17954000.0,
        "Interest Income": 1003000.0,
        "Normalized Income": 5572000.0,
        "Net Income From Continuing And Discontinued Operation": 5572000.0,
        "Total Expenses": 218385000.0,
        "Total Operating Income As Reported": 23425000.0,
        "Diluted Average Shares": 216442000.0,
        "Basic Average Shares": 216245501.0,
        "Diluted EPS": 0.025767,
        "Basic EPS": 0.025767,
        "Diluted NI Availto Com Stockholders": 5572000.0,
        "Net Income Common Stockholders": 5572000.0,
        "Net Income": 5572000.0,
        "Net Income Including Noncontrolling Interests": 5572000.0,
        "Net Income Continuous Operations": 5572000.0,
        "Tax Provision": 2078000.0,
        "Pretax Income": 7650000.0,
        "Other Income Expense": 1176000.0,
        "Other Non Operating Income Expenses": -6327000.0,
        "Special Income Charges": NaN,
        "Gain On Sale Of Business": NaN,
        "Restructuring And Mergern Acquisition": NaN,
        "Gain On Sale Of Security": NaN,
        "Net Non Operating Interest Income Expense": -16951000.0,
        "Interest Expense Non Operating": 17954000.0,
        "Interest Income Non Operating": 1003000.0,
        "Operating Income": 23425000.0,
        "Operating Expense": 99757000.0,
        "Research And Development": 7054000.0,
        "Selling General And Administration": 92703000.0,
        "Selling And Marketing Expense": 42893000.0,
        "General And Administrative Expense": 49810000.0,
        "Other Gand A": 49810000.0,
        "Gross Profit": 123182000.0,
        "Cost Of Revenue": 118628000.0,
        "Total Revenue": 241810000.0,
        "Operating Revenue": 241810000.0
    },
    "2023-02-28": {
        "Tax Effect Of Unusual Items": NaN,
        "Tax Rate For Calcs": NaN,
        "Normalized EBITDA": NaN,
        "Total Unusual Items": -973000.0,
        "Total Unusual Items Excluding Goodwill": -973000.0,
        "Net Income From Continuing Operation Net Minority Interest": NaN,
        "Reconciled Depreciation": NaN,
        "Reconciled Cost Of Revenue": NaN,
        "EBITDA": NaN,
        "EBIT": NaN,
        "Net Interest Income": NaN,
        "Interest Expense": NaN,
        "Interest Income": NaN,
        "Normalized Income": NaN,
        "Net Income From Continuing And Discontinued Operation": NaN,
        "Total Expenses": NaN,
        "Total Operating Income As Reported": NaN,
        "Diluted Average Shares": NaN,
        "Basic Average Shares": NaN,
        "Diluted EPS": NaN,
        "Basic EPS": NaN,
        "Diluted NI Availto Com Stockholders": NaN,
        "Net Income Common Stockholders": NaN,
        "Net Income": NaN,
        "Net Income Including Noncontrolling Interests": NaN,
        "Net Income Continuous Operations": NaN,
        "Tax Provision": NaN,
        "Pretax Income": NaN,
        "Other Income Expense": NaN,
        "Other Non Operating Income Expenses": NaN,
        "Special Income Charges": -1216000.0,
        "Gain On Sale Of Business": -1516000.0,
        "Restructuring And Mergern Acquisition": -300000.0,
        "Gain On Sale Of Security": 243000.0,
        "Net Non Operating Interest Income Expense": NaN,
        "Interest Expense Non Operating": NaN,
        "Interest Income Non Operating": NaN,
        "Operating Income": NaN,
        "Operating Expense": NaN,
        "Research And Development": NaN,
        "Selling General And Administration": NaN,
        "Selling And Marketing Expense": NaN,
        "General And Administrative Expense": NaN,
        "Other Gand A": NaN,
        "Gross Profit": NaN,
        "Cost Of Revenue": NaN,
        "Total Revenue": NaN,
        "Operating Revenue": NaN
    },
    "2022-11-30": {
        "Tax Effect Of Unusual Items": NaN,
        "Tax Rate For Calcs": NaN,
        "Normalized EBITDA": NaN,
        "Total Unusual Items": -6108000.0,
        "Total Unusual Items Excluding Goodwill": -6108000.0,
        "Net Income From Continuing Operation Net Minority Interest": NaN,
        "Reconciled Depreciation": NaN,
        "Reconciled Cost Of Revenue": NaN,
        "EBITDA": NaN,
        "EBIT": NaN,
        "Net Interest Income": NaN,
        "Interest Expense": NaN,
        "Interest Income": NaN,
        "Normalized Income": NaN,
        "Net Income From Continuing And Discontinued Operation": NaN,
        "Total Expenses": NaN,
        "Total Operating Income As Reported": NaN,
        "Diluted Average Shares": NaN,
        "Basic Average Shares": NaN,
        "Diluted EPS": NaN,
        "Basic EPS": NaN,
        "Diluted NI Availto Com Stockholders": NaN,
        "Net Income Common Stockholders": NaN,
        "Net Income": NaN,
        "Net Income Including Noncontrolling Interests": NaN,
        "Net Income Continuous Operations": NaN,
        "Tax Provision": NaN,
        "Pretax Income": NaN,
        "Other Income Expense": NaN,
        "Other Non Operating Income Expenses": NaN,
        "Special Income Charges": 0.0,
        "Gain On Sale Of Business": NaN,
        "Restructuring And Mergern Acquisition": 0.0,
        "Gain On Sale Of Security": -6108000.0,
        "Net Non Operating Interest Income Expense": NaN,
        "Interest Expense Non Operating": NaN,
        "Interest Income Non Operating": NaN,
        "Operating Income": NaN,
        "Operating Expense": NaN,
        "Research And Development": NaN,
        "Selling General And Administration": NaN,
        "Selling And Marketing Expense": NaN,
        "General And Administrative Expense": NaN,
        "Other Gand A": NaN,
        "Gross Profit": NaN,
        "Cost Of Revenue": NaN,
        "Total Revenue": NaN,
        "Operating Revenue": NaN
    },
    "2022-08-31": {
        "Tax Effect Of Unusual Items": NaN,
        "Tax Rate For Calcs": NaN,
        "Normalized EBITDA": NaN,
        "Total Unusual Items": NaN,
        "Total Unusual Items Excluding Goodwill": NaN,
        "Net Income From Continuing Operation Net Minority Interest": NaN,
        "Reconciled Depreciation": NaN,
        "Reconciled Cost Of Revenue": NaN,
        "EBITDA": NaN,
        "EBIT": NaN,
        "Net Interest Income": NaN,
        "Interest Expense": NaN,
        "Interest Income": NaN,
        "Normalized Income": NaN,
        "Net Income From Continuing And Discontinued Operation": NaN,
        "Total Expenses": NaN,
        "Total Operating Income As Reported": NaN,
        "Diluted Average Shares": NaN,
        "Basic Average Shares": NaN,
        "Diluted EPS": NaN,
        "Basic EPS": NaN,
        "Diluted NI Availto Com Stockholders": NaN,
        "Net Income Common Stockholders": NaN,
        "Net Income": NaN,
        "Net Income Including Noncontrolling Interests": NaN,
        "Net Income Continuous Operations": NaN,
        "Tax Provision": NaN,
        "Pretax Income": NaN,
        "Other Income Expense": NaN,
        "Other Non Operating Income Expenses": NaN,
        "Special Income Charges": NaN,
        "Gain On Sale Of Business": NaN,
        "Restructuring And Mergern Acquisition": NaN,
        "Gain On Sale Of Security": NaN,
        "Net Non Operating Interest Income Expense": NaN,
        "Total Other Finance Cost": -969000.0,
        "Interest Expense Non Operating": NaN,
        "Interest Income Non Operating": NaN,
        "Operating Income": NaN,
        "Operating Expense": NaN,
        "Research And Development": NaN,
        "Selling General And Administration": NaN,
        "Selling And Marketing Expense": NaN,
        "General And Administrative Expense": NaN,
        "Other Gand A": NaN,
        "Gross Profit": NaN,
        "Cost Of Revenue": NaN,
        "Total Revenue": NaN,
        "Operating Revenue": NaN
    },
    "2022-05-31": {
        "Tax Effect Of Unusual Items": 0.0,
        "Tax Rate For Calcs": 0.208895,
        "Normalized EBITDA": 18027000.0,
        "Total Unusual Items": NaN,
        "Total Unusual Items Excluding Goodwill": NaN,
        "Net Income From Continuing Operation Net Minority Interest": 14959000.0,
        "Reconciled Depreciation": 5861000.0,
        "Reconciled Cost Of Revenue": 75094000.0,
        "EBIT": 18027000.0,
        "Net Interest Income": 526000.0,
        "Interest Expense": NaN,
        "Interest Income": NaN,
        "Normalized Income": 14959000.0,
        "Net Income From Continuing And Discontinued Operation": 14959000.0,
        "Total Expenses": 122066000.0,
        "Total Operating Income As Reported": 18027000.0,
        "Diluted Average Shares": 107792000.0,
        "Basic Average Shares": 107792000.0,
        "Diluted EPS": 0.138765,
        "Basic EPS": 0.138765,
        "Diluted NI Availto Com Stockholders": 14959000.0,
        "Net Income Common Stockholders": 14959000.0,
        "Net Income": 14959000.0,
        "Net Income Including Noncontrolling Interests": 14959000.0,
        "Net Income Continuous Operations": 14959000.0,
        "Tax Provision": 3950000.0,
        "Pretax Income": 18909000.0,
        "Other Income Expense": 882000.0,
        "Other Non Operating Income Expenses": 882000.0,
        "Special Income Charges": NaN,
        "Gain On Sale Of Business": NaN,
        "Restructuring And Mergern Acquisition": NaN,
        "Gain On Sale Of Security": NaN,
        "Net Non Operating Interest Income Expense": 526000.0,
        "Total Other Finance Cost": NaN,
        "Interest Expense Non Operating": NaN,
        "Interest Income Non Operating": NaN,
        "Operating Income": 18027000.0,
        "Operating Expense": 46972000.0,
        "Research And Development": 3831000.0,
        "Selling General And Administration": 43141000.0,
        "Selling And Marketing Expense": 21384000.0,
        "General And Administrative Expense": 21757000.0,
        "Other Gand A": 21757000.0,
        "Gross Profit": 64999000.0,
        "Cost Of Revenue": 75094000.0,
        "Total Revenue": 140093000.0,
        "Operating Revenue": 140093000.0
    },
    "2022-02-28": {
        "Diluted EPS": 0.05,
        "Total Revenue": 128,
        "Gross Profit": 57,
        "Operating Income": 6,
        "EBIT": 13,
        "Net Income": 5
    },
    "2021-11-30": {
        "Diluted EPS": 0.1,
        "Total Revenue": 131,
        "Gross Profit": 61,
        "Operating Income": 12,
        "EBIT": 18,
        "Net Income": 11
    },
    "2021-08-31": {
        "Diluted EPS": 0.16,
        "Total Revenue": 128,
        "Gross Profit": 60,
        "Operating Income": 22,
        "EBIT": 27,
        "Net Income": 17
    },
    "2021-05-31": {
        "Diluted EPS": 0.15,
        "Total Revenue": 127,
        "Gross Profit": 58,
        "Operating Income": 20,
        "EBIT": 26,
        "Net Income": 16
    },
    "2021-02-28": {
        "Diluted EPS": 0.12,
        "Total Revenue": 117,
        "Gross Profit": 54,
        "Operating Income": 16,
        "EBIT": 21,
        "Net Income": 13
    },
    "2020-11-30": {
        "Diluted EPS": 0.15,
        "Total Revenue": 115,
        "Gross Profit": 53,
        "Operating Income": 19,
        "EBIT": 24,
        "Net Income": 16
    },
    "2020-08-31": {
        "Diluted EPS": 0.15,
        "Total Revenue": 109,
        "Gross Profit": 50,
        "Operating Income": 19,
        "EBIT": 24,
        "Net Income": 16
    },
    "2020-05-31": {
        "Diluted EPS": 0.15,
        "Total Revenue": 109,
        "Gross Profit": 52,
        "Operating Income": 20,
        "EBIT": 25,
        "Net Income": 16
    },
    "2020-02-29": {
        "Diluted EPS": 0.12,
        "Total Revenue": 100,
        "Gross Profit": 45,
        "Operating Income": 13,
        "EBIT": 18,
        "Net Income": 12
    },
    "2019-11-30": {
        "Diluted EPS": 0.16,
        "Total Revenue": 108,
        "Gross Profit": 51,
        "Operating Income": 18,
        "EBIT": 23,
        "Net Income": 16
    },
    "2019-08-31": {
        "Diluted EPS": 0.14,
        "Total Revenue": 101,
        "Gross Profit": 48,
        "Operating Income": 16,
        "EBIT": 21,
        "Net Income": 15
    },
    "2019-05-31": {
        "Diluted EPS": 0.15,
        "Total Revenue": 110,
        "Gross Profit": 51,
        "Operating Income": 19,
        "EBIT": 23,
        "Net Income": 16
    },
    "2019-02-28": {
        "Diluted EPS": 0.13,
        "Total Revenue": 98,
        "Gross Profit": 45,
        "Operating Income": 15,
        "EBIT": 19,
        "Net Income": 13
    },
    "2018-11-30": {
        "Diluted EPS": 0.16,
        "Total Revenue": 107,
        "Gross Profit": 50,
        "Operating Income": 18,
        "EBIT": 23,
        "Net Income": 16
    },
    "2018-08-31": {
        "Diluted EPS": 0.15,
        "Total Revenue": 100,
        "Gross Profit": 47,
        "Operating Income": 16,
        "EBIT": 21,
        "Net Income": 15
    },
    "2018-05-31": {
        "Diluted EPS": 0.17,
        "Total Revenue": 108,
        "Gross Profit": 48,
        "Operating Income": 20,
        "EBIT": 24,
        "Net Income": 18
    },
    "2018-02-28": {
        "Diluted EPS": 0.16,
        "Total Revenue": 95,
        "Gross Profit": 45,
        "Operating Income": 16,
        "EBIT": 20,
        "Net Income": 17
    },
    "2017-11-30": {
        "Diluted EPS": 0.17,
        "Total Revenue": 101,
        "Gross Profit": 48,
        "Operating Income": 18,
        "EBIT": 22,
        "Net Income": 17
    },
    "2017-08-31": {
        "Diluted EPS": 0.12,
        "Total Revenue": 94,
        "Gross Profit": 45,
        "Operating Income": 16,
        "EBIT": 20,
        "Net Income": 12
    },
    "2017-05-31": {
        "Diluted EPS": 0.12,
        "Total Revenue": 96,
        "Gross Profit": 44,
        "Operating Income": 19,
        "EBIT": 23,
        "Net Income": 12
    },
    "2017-02-28": {
        "Diluted EPS": 0.1,
        "Total Revenue": 88,
        "Gross Profit": 41,
        "Operating Income": 14,
        "EBIT": 18,
        "Net Income": 10
    },
    "2016-11-30": {
        "Diluted EPS": 0.11,
        "Total Revenue": 91,
        "Gross Profit": 44,
        "Operating Income": 17,
        "EBIT": 20,
        "Net Income": 11
    },
    "2016-08-31": {
        "Diluted EPS": 0.1,
        "Total Revenue": 84,
        "Gross Profit": 40,
        "Operating Income": 15,
        "EBIT": 18,
        "Net Income": 10
    },
    "2016-05-31": {
        "Diluted EPS": 0.09,
        "Total Revenue": 90,
        "Gross Profit": 42,
        "Operating Income": 16,
        "EBIT": 19,
        "Net Income": 10
    },
    "2016-02-29": {
        "Diluted EPS": 0.08,
        "Total Revenue": 77,
        "Gross Profit": 35,
        "Operating Income": 11,
        "EBIT": 14,
        "Net Income": 8
    },
    "2015-11-30": {
        "Diluted EPS": 0.09,
        "Total Revenue": 80,
        "Gross Profit": 38,
        "Operating Income": 15,
        "EBIT": 18,
        "Net Income": 9
    },
    "2015-08-31": {
        "Diluted EPS": 0.09,
        "Total Revenue": 75,
        "Gross Profit": 38,
        "Operating Income": 15,
        "EBIT": 18,
        "Net Income": 9
    },
    "2015-05-31": {
        "Diluted EPS": 0.09,
        "Total Revenue": 79,
        "Gross Profit": 38,
        "Operating Income": 15,
        "EBIT": 17,
        "Net Income": 9
    },
    "2015-02-28": {
        "Diluted EPS": 0.08,
        "Total Revenue": 68,
        "Gross Profit": 34,
        "Operating Income": 12,
        "EBIT": 15,
        "Net Income": 7
    },
    "2014-11-30": {
        "Diluted EPS": 0.08,
        "Total Revenue": 68,
        "Gross Profit": 34,
        "Operating Income": 13,
        "EBIT": 16,
        "Net Income": 8
    },
    "2014-08-31": {
        "Diluted EPS": 0.09,
        "Total Revenue": 68,
        "Gross Profit": 34,
        "Operating Income": 13,
        "EBIT": 16,
        "Net Income": 9
    },
    "2014-05-31": {
        "Diluted EPS": 0.08,
        "Total Revenue": 67,
        "Gross Profit": 32,
        "Operating Income": 11,
        "EBIT": 14,
        "Net Income": 8
    },
    "2014-02-28": {
        "Diluted EPS": 0.07,
        "Total Revenue": 62,
        "Gross Profit": 31,
        "Operating Income": 10,
        "EBIT": 13,
        "Net Income": 7
    },
    "2013-11-30": {
        "Diluted EPS": 0.06,
        "Total Revenue": 60,
        "Gross Profit": 29,
        "Operating Income": 10,
        "EBIT": 12,
        "Net Income": 6
    },
    "2013-08-31": {
        "Diluted EPS": 0.08,
        "Total Revenue": 59,
        "Gross Profit": 30,
        "Operating Income": 12,
        "EBIT": 14,
        "Net Income": 8
    },
    "2013-05-31": {
        "Diluted EPS": 0.07,
        "Total Revenue": 56,
        "Gross Profit": 28,
        "Operating Income": 10,
        "EBIT": 12,
        "Net Income": 7
    },
    "2013-02-28": {
        "Diluted EPS": 0.07,
        "Total Revenue": 51,
        "Gross Profit": 27,
        "Operating Income": 10,
        "EBIT": 12,
        "Net Income": 7
    },
    "2012-11-30": {
        "Diluted EPS": 0.07,
        "Total Revenue": 51,
        "Gross Profit": 27,
        "Operating Income": 10,
        "EBIT": 12,
        "Net Income": 7
    },
    "2012-08-31": {
        "Diluted EPS": 0.07,
        "Total Revenue": 50,
        "Gross Profit": 26,
        "Operating Income": 10,
        "EBIT": 12,
        "Net Income": 7
    },
    "2012-05-31": {
        "Diluted EPS": 0.06,
        "Total Revenue": 49,
        "Gross Profit": 24,
        "Operating Income": 9,
        "EBIT": 10,
        "Net Income": 6
    },
    "2012-02-29": {
        "Diluted EPS": 0.06,
        "Total Revenue": 45,
        "Gross Profit": 23,
        "Operating Income": 8,
        "EBIT": 9,
        "Net Income": 5
    },
    "2011-11-30": {
        "Diluted EPS": 0.06,
        "Total Revenue": 45,
        "Gross Profit": 23,
        "Operating Income": 8,
        "EBIT": 10,
        "Net Income": 5
    },
    "2011-08-31": {
        "Diluted EPS": 0.06,
        "Total Revenue": 46,
        "Gross Profit": 23,
        "Operating Income": 9,
        "EBIT": 11,
        "Net Income": 6
    },
    "2011-05-31": {
        "Diluted EPS": 0.06,
        "Total Revenue": 44,
        "Gross Profit": 22,
        "Operating Income": 9,
        "EBIT": 10,
        "Net Income": 6
    },
    "2011-02-28": {
        "Diluted EPS": 0.05,
        "Total Revenue": 42,
        "Gross Profit": 21,
        "Operating Income": 8,
        "EBIT": 9,
        "Net Income": 5
    },
    "2010-11-30": {
        "Diluted EPS": 0.07,
        "Total Revenue": 44,
        "Gross Profit": 22,
        "Operating Income": 10,
        "EBIT": 11,
        "Net Income": 6
    },
    "2010-08-31": {
        "Diluted EPS": 0.06,
        "Total Revenue": 43,
        "Gross Profit": 23,
        "Operating Income": 10,
        "EBIT": 11,
        "Net Income": 6
    },
    "2010-05-31": {
        "Diluted EPS": 0.05,
        "Total Revenue": 39,
        "Gross Profit": 20,
        "Operating Income": 7,
        "EBIT": 8,
        "Net Income": 5
    },
    "2010-02-28": {
        "Diluted EPS": 0.04,
        "Total Revenue": 34,
        "Gross Profit": 17,
        "Operating Income": 6,
        "EBIT": 7,
        "Net Income": 4
    },
    "2009-11-30": {
        "Diluted EPS": 0.05,
        "Total Revenue": 35,
        "Gross Profit": 19,
        "Operating Income": 7,
        "EBIT": 8,
        "Net Income": 5
    },
    "2009-08-31": {
        "Diluted EPS": 0.05,
        "Total Revenue": 32,
        "Gross Profit": 17,
        "Operating Income": 7,
        "EBIT": 8,
        "Net Income": 4
    },
    "2009-05-31": {
        "Diluted EPS": 0.04,
        "Total Revenue": 31,
        "Gross Profit": 15,
        "Operating Income": 5,
        "EBIT": 6,
        "Net Income": 3
    },
    "2009-02-28": {
        "Diluted EPS": 0.03,
        "Total Revenue": 28,
        "Gross Profit": 13,
        "Operating Income": 4,
        "EBIT": 5,
        "Net Income": 3
    },
    "2023-08-31": {
        "Tax Effect Of Unusual Items": NaN,
        "Tax Rate For Calcs": NaN,
        "Normalized EBITDA": NaN,
        "Total Unusual Items": -763000.0,
        "Total Unusual Items Excluding Goodwill": -763000.0,
        "Net Income From Continuing Operation Net Minority Interest": NaN,
        "Reconciled Depreciation": NaN,
        "Reconciled Cost Of Revenue": NaN,
        "EBITDA": NaN,
        "EBIT": NaN,
        "Net Interest Income": NaN,
        "Interest Expense": NaN,
        "Interest Income": NaN,
        "Normalized Income": NaN,
        "Net Income From Continuing And Discontinued Operation": NaN,
        "Total Expenses": NaN,
        "Total Operating Income As Reported": NaN,
        "Diluted Average Shares": NaN,
        "Basic Average Shares": NaN,
        "Diluted EPS": NaN,
        "Basic EPS": NaN,
        "Diluted NI Availto Com Stockholders": NaN,
        "Net Income Common Stockholders": NaN,
        "Net Income": NaN,
        "Net Income Including Noncontrolling Interests": NaN,
        "Net Income Continuous Operations": NaN,
        "Tax Provision": NaN,
        "Pretax Income": NaN,
        "Other Income Expense": NaN,
        "Other Non Operating Income Expenses": NaN,
        "Special Income Charges": -300000.0,
        "Gain On Sale Of Business": NaN,
        "Impairment Of Capital Assets": NaN,
        "Restructuring And Mergern Acquisition": 300000.0,
        "Gain On Sale Of Security": -463000.0,
        "Net Non Operating Interest Income Expense": NaN,
        "Interest Expense Non Operating": NaN,
        "Interest Income Non Operating": NaN,
        "Operating Income": NaN,
        "Operating Expense": NaN,
        "Research And Development": NaN,
        "Selling General And Administration": NaN,
        "Selling And Marketing Expense": NaN,
        "General And Administrative Expense": NaN,
        "Other Gand A": NaN,
        "Gross Profit": NaN,
        "Cost Of Revenue": NaN,
        "Total Revenue": NaN,
        "Operating Revenue": NaN
    },
    "2023-11-30": {
        "Tax Effect Of Unusual Items": NaN,
        "Tax Rate For Calcs": NaN,
        "Normalized EBITDA": NaN,
        "Total Unusual Items": 0.0,
        "Total Unusual Items Excluding Goodwill": 0.0,
        "Net Income From Continuing Operation Net Minority Interest": NaN,
        "Reconciled Depreciation": NaN,
        "Reconciled Cost Of Revenue": NaN,
        "EBITDA": NaN,
        "EBIT": NaN,
        "Net Interest Income": NaN,
        "Interest Expense": NaN,
        "Interest Income": NaN,
        "Normalized Income": NaN,
        "Net Income From Continuing And Discontinued Operation": NaN,
        "Total Expenses": NaN,
        "Total Operating Income As Reported": NaN,
        "Diluted Average Shares": NaN,
        "Basic Average Shares": NaN,
        "Diluted EPS": NaN,
        "Basic EPS": NaN,
        "Diluted NI Availto Com Stockholders": NaN,
        "Net Income Common Stockholders": NaN,
        "Net Income": NaN,
        "Net Income Including Noncontrolling Interests": NaN,
        "Net Income Continuous Operations": NaN,
        "Tax Provision": NaN,
        "Pretax Income": NaN,
        "Other Income Expense": NaN,
        "Other Non Operating Income Expenses": NaN,
        "Special Income Charges": 0.0,
        "Gain On Sale Of Business": NaN,
        "Impairment Of Capital Assets": 0.0,
        "Restructuring And Mergern Acquisition": 150000.0,
        "Gain On Sale Of Security": -2072000.0,
        "Net Non Operating Interest Income Expense": NaN,
        "Interest Expense Non Operating": NaN,
        "Interest Income Non Operating": NaN,
        "Operating Income": NaN,
        "Operating Expense": NaN,
        "Research And Development": NaN,
        "Selling General And Administration": NaN,
        "Selling And Marketing Expense": NaN,
        "General And Administrative Expense": NaN,
        "Other Gand A": NaN,
        "Gross Profit": NaN,
        "Cost Of Revenue": NaN,
        "Total Revenue": NaN,
        "Operating Revenue": NaN
    },
    "2024-02-29": {
        "Tax Effect Of Unusual Items": NaN,
        "Tax Rate For Calcs": NaN,
        "Normalized EBITDA": NaN,
        "Total Unusual Items": 0.0,
        "Total Unusual Items Excluding Goodwill": 0.0,
        "Net Income From Continuing Operation Net Minority Interest": NaN,
        "Reconciled Depreciation": NaN,
        "Reconciled Cost Of Revenue": NaN,
        "EBITDA": NaN,
        "EBIT": NaN,
        "Net Interest Income": NaN,
        "Interest Expense": NaN,
        "Interest Income": NaN,
        "Normalized Income": NaN,
        "Net Income From Continuing And Discontinued Operation": NaN,
        "Total Expenses": NaN,
        "Total Operating Income As Reported": NaN,
        "Diluted Average Shares": NaN,
        "Basic Average Shares": NaN,
        "Diluted EPS": NaN,
        "Basic EPS": NaN,
        "Diluted NI Availto Com Stockholders": NaN,
        "Net Income Common Stockholders": NaN,
        "Net Income": NaN,
        "Net Income Including Noncontrolling Interests": NaN,
        "Net Income Continuous Operations": NaN,
        "Tax Provision": NaN,
        "Pretax Income": NaN,
        "Other Income Expense": NaN,
        "Other Non Operating Income Expenses": NaN,
        "Special Income Charges": 0.0,
        "Gain On Sale Of Business": 0.0,
        "Impairment Of Capital Assets": 0.0,
        "Restructuring And Mergern Acquisition": -200000.0,
        "Gain On Sale Of Security": -1107000.0,
        "Net Non Operating Interest Income Expense": NaN,
        "Interest Expense Non Operating": NaN,
        "Interest Income Non Operating": NaN,
        "Operating Income": NaN,
        "Operating Expense": NaN,
        "Research And Development": NaN,
        "Selling General And Administration": NaN,
        "Selling And Marketing Expense": NaN,
        "General And Administrative Expense": NaN,
        "Other Gand A": NaN,
        "Gross Profit": NaN,
        "Cost Of Revenue": NaN,
        "Total Revenue": NaN,
        "Operating Revenue": NaN
    },
    "2024-05-31": {
        "Tax Effect Of Unusual Items": 0.0,
        "Tax Rate For Calcs": 0.153774,
        "Normalized EBITDA": 45596000.0,
        "Total Unusual Items": NaN,
        "Total Unusual Items Excluding Goodwill": NaN,
        "Net Income From Continuing Operation Net Minority Interest": -5415000.0,
        "Reconciled Depreciation": 33374000.0,
        "Reconciled Cost Of Revenue": 123312000.0,
        "EBITDA": 45596000.0,
        "EBIT": 12222000.0,
        "Net Interest Income": -17524000.0,
        "Interest Expense": 18621000.0,
        "Interest Income": 1097000.0,
        "Normalized Income": -5415000.0,
        "Net Income From Continuing And Discontinued Operation": -5415000.0,
        "Total Expenses": 223754000.0,
        "Total Operating Income As Reported": 13040000.0,
        "Diluted Average Shares": 216614407.0,
        "Basic Average Shares": 216614407.0,
        "Diluted EPS": -0.024998,
        "Basic EPS": -0.024998,
        "Diluted NI Availto Com Stockholders": -5415000.0,
        "Net Income Common Stockholders": -5415000.0,
        "Net Income": -5415000.0,
        "Net Income Including Noncontrolling Interests": -5415000.0,
        "Net Income Continuous Operations": -5415000.0,
        "Tax Provision": -984000.0,
        "Pretax Income": -6399000.0,
        "Other Income Expense": -1915000.0,
        "Other Non Operating Income Expenses": -5733000.0,
        "Special Income Charges": NaN,
        "Gain On Sale Of Business": NaN,
        "Impairment Of Capital Assets": NaN,
        "Restructuring And Mergern Acquisition": NaN,
        "Gain On Sale Of Security": NaN,
        "Net Non Operating Interest Income Expense": -17524000.0,
        "Interest Expense Non Operating": 18621000.0,
        "Interest Income Non Operating": 1097000.0,
        "Operating Income": 13040000.0,
        "Operating Expense": 100442000.0,
        "Research And Development": 5145000.0,
        "Selling General And Administration": 95297000.0,
        "Selling And Marketing Expense": 44337000.0,
        "General And Administrative Expense": 50960000.0,
        "Other Gand A": 50960000.0,
        "Gross Profit": 113482000.0,
        "Cost Of Revenue": 123312000.0,
        "Total Revenue": 236794000.0,
        "Operating Revenue": 236794000.0
    },
    "2024-08-31": {
        "Tax Effect Of Unusual Items": 0.0,
        "Tax Rate For Calcs": 0.192197,
        "Normalized EBITDA": 32806000.0,
        "Total Unusual Items": NaN,
        "Total Unusual Items Excluding Goodwill": NaN,
        "Net Income From Continuing Operation Net Minority Interest": -12609000.0,
        "Reconciled Depreciation": 29800000.0,
        "Reconciled Cost Of Revenue": 112038000.0,
        "EBITDA": 32806000.0,
        "EBIT": 3006000.0,
        "Net Interest Income": -17622000.0,
        "Interest Expense": 18615000.0,
        "Interest Income": 993000.0,
        "Normalized Income": -12609000.0,
        "Net Income From Continuing And Discontinued Operation": -12609000.0,
        "Total Expenses": 214707000.0,
        "Total Operating Income As Reported": 2257000.0,
        "Diluted Average Shares": 216698138.0,
        "Basic Average Shares": 216698138.0,
        "Diluted EPS": -0.06,
        "Basic EPS": -0.058187,
        "Diluted NI Availto Com Stockholders": -12609000.0,
        "Net Income Common Stockholders": -12609000.0,
        "Net Income": -12609000.0,
        "Net Income Including Noncontrolling Interests": -12609000.0,
        "Net Income Continuous Operations": -12609000.0,
        "Tax Provision": -3000000.0,
        "Pretax Income": -15609000.0,
        "Other Income Expense": -244000.0,
        "Other Non Operating Income Expenses": -244000.0,
        "Special Income Charges": NaN,
        "Gain On Sale Of Business": NaN,
        "Impairment Of Capital Assets": NaN,
        "Net Non Operating Interest Income Expense": -17622000.0,
        "Interest Expense Non Operating": 18615000.0,
        "Interest Income Non Operating": 993000.0,
        "Operating Income": 2257000.0,
        "Operating Expense": 102669000.0,
        "Research And Development": 5199000.0,
        "Selling General And Administration": 97470000.0,
        "Selling And Marketing Expense": 45799000.0,
        "General And Administrative Expense": 51671000.0,
        "Other Gand A": 51671000.0,
        "Gross Profit": 104926000.0,
        "Cost Of Revenue": 112038000.0,
        "Total Revenue": 216964000.0,
        "Operating Revenue": 216964000.0
    },
    "2024-11-30": {
        "Tax Effect Of Unusual Items": -19643628.035218,
        "Tax Rate For Calcs": 0.042575,
        "Normalized EBITDA": 33008000.0,
        "Total Unusual Items": -461390000.0,
        "Total Unusual Items Excluding Goodwill": -461390000.0,
        "Net Income From Continuing Operation Net Minority Interest": -456282000.0,
        "Reconciled Depreciation": 30049000.0,
        "Reconciled Cost Of Revenue": 117928000.0,
        "EBITDA": -428382000.0,
        "EBIT": -458431000.0,
        "Net Interest Income": -17367000.0,
        "Interest Expense": 18141000.0,
        "Interest Income": 774000.0,
        "Normalized Income": -14535628.035218,
        "Net Income From Continuing And Discontinued Operation": -456282000.0,
        "Total Expenses": 227352000.0,
        "Total Operating Income As Reported": -457484000.0,
        "Diluted Average Shares": 216944017.0,
        "Basic Average Shares": 216944017.0,
        "Diluted EPS": -2.103225,
        "Basic EPS": -2.103225,
        "Diluted NI Availto Com Stockholders": -456282000.0,
        "Net Income Common Stockholders": -456282000.0,
        "Net Income": -456282000.0,
        "Net Income Including Noncontrolling Interests": -456282000.0,
        "Net Income Continuous Operations": -456282000.0,
        "Tax Provision": -20290000.0,
        "Pretax Income": -476572000.0,
        "Other Income Expense": -463111000.0,
        "Other Non Operating Income Expenses": -1721000.0,
        "Special Income Charges": -461390000.0,
        "Gain On Sale Of Business": 0.0,
        "Impairment Of Capital Assets": 461390000.0,
        "Net Non Operating Interest Income Expense": -17367000.0,
        "Interest Expense Non Operating": 18141000.0,
        "Interest Income Non Operating": 774000.0,
        "Operating Income": 3906000.0,
        "Operating Expense": 109424000.0,
        "Research And Development": 5108000.0,
        "Selling General And Administration": 104316000.0,
        "Selling And Marketing Expense": 46545000.0,
        "General And Administrative Expense": 57771000.0,
        "Other Gand A": 57771000.0,
        "Gross Profit": 113330000.0,
        "Cost Of Revenue": 117928000.0,
        "Total Revenue": 231258000.0,
        "Operating Revenue": 231258000.0
    },
    "2025-02-28": {
        "Tax Effect Of Unusual Items": 0.0,
        "Tax Rate For Calcs": 0.21,
        "Normalized EBITDA": 37383000.0,
        "Total Unusual Items": 0.0,
        "Total Unusual Items Excluding Goodwill": 0.0,
        "Net Income From Continuing Operation Net Minority Interest": -10957000.0,
        "Reconciled Depreciation": 29373000.0,
        "Reconciled Cost Of Revenue": 110715000.0,
        "EBITDA": 37383000.0,
        "EBIT": 8010000.0,
        "Net Interest Income": -17038000.0,
        "Interest Expense": 17737000.0,
        "Interest Income": 699000.0,
        "Normalized Income": -10957000.0,
        "Net Income From Continuing And Discontinued Operation": -10957000.0,
        "Total Expenses": 215565000.0,
        "Total Operating Income As Reported": 5415000.0,
        "Diluted Average Shares": 217031907.0,
        "Basic Average Shares": 217031907.0,
        "Diluted EPS": -0.05,
        "Basic EPS": -0.05,
        "Diluted NI Availto Com Stockholders": -10957000.0,
        "Net Income Common Stockholders": -10957000.0,
        "Net Income": -10957000.0,
        "Net Income Including Noncontrolling Interests": -10957000.0,
        "Net Income Continuous Operations": -10957000.0,
        "Tax Provision": 1230000.0,
        "Pretax Income": -9727000.0,
        "Other Income Expense": 1896000.0,
        "Other Non Operating Income Expenses": 1896000.0,
        "Special Income Charges": 0.0,
        "Gain On Sale Of Business": NaN,
        "Impairment Of Capital Assets": 0.0,
        "Net Non Operating Interest Income Expense": -17038000.0,
        "Interest Expense Non Operating": 17737000.0,
        "Interest Income Non Operating": 699000.0,
        "Operating Income": 5415000.0,
        "Operating Expense": 104850000.0,
        "Research And Development": 4473000.0,
        "Selling General And Administration": 100377000.0,
        "Selling And Marketing Expense": 44595000.0,
        "General And Administrative Expense": 55782000.0,
        "Other Gand A": 55782000.0,
        "Gross Profit": 110265000.0,
        "Cost Of Revenue": 110715000.0,
        "Total Revenue": 220980000.0,
        "Operating Revenue": 220980000.0
    },
    "2025-05-31": {
        "Tax Effect Of Unusual Items": -18004183.424641,
        "Tax Rate For Calcs": 0.030111,
        "Normalized EBITDA": 20308000.0,
        "Total Unusual Items": -597931000.0,
        "Total Unusual Items Excluding Goodwill": -597931000.0,
        "Net Income From Continuing Operation Net Minority Interest": -612196000.0,
        "Reconciled Depreciation": 36450000.0,
        "Reconciled Cost Of Revenue": 132604000.0,
        "EBITDA": -577623000.0,
        "EBIT": -614073000.0,
        "Net Interest Income": -16485000.0,
        "Interest Expense": 17129000.0,
        "Interest Income": 644000.0,
        "Normalized Income": -32269183.424641,
        "Net Income From Continuing And Discontinued Operation": -612196000.0,
        "Total Expenses": 238713000.0,
        "Total Operating Income As Reported": -611185000.0,
        "Diluted Average Shares": 217044498.0,
        "Basic Average Shares": 217044498.0,
        "Diluted EPS": -2.820601,
        "Basic EPS": -2.820601,
        "Diluted NI Availto Com Stockholders": -612196000.0,
        "Net Income Common Stockholders": -612196000.0,
        "Net Income": -612196000.0,
        "Net Income Including Noncontrolling Interests": -612196000.0,
        "Net Income Continuous Operations": -612196000.0,
        "Tax Provision": -19006000.0,
        "Pretax Income": -631202000.0,
        "Other Income Expense": 457858000.0,
        "Other Non Operating Income Expenses": 1055789000.0,
        "Special Income Charges": -597931000.0,
        "Gain On Sale Of Business": NaN,
        "Impairment Of Capital Assets": 597931000.0,
        "Net Non Operating Interest Income Expense": -16485000.0,
        "Interest Expense Non Operating": 17129000.0,
        "Interest Income Non Operating": 644000.0,
        "Operating Income": -13254000.0,
        "Operating Expense": 106109000.0,
        "Research And Development": 6307000.0,
        "Selling General And Administration": 99802000.0,
        "Selling And Marketing Expense": 46859000.0,
        "General And Administrative Expense": 52943000.0,
        "Other Gand A": 52943000.0,
        "Gross Profit": 92855000.0,
        "Cost Of Revenue": 132604000.0,
        "Total Revenue": 225459000.0,
        "Operating Revenue": 225459000.0
    },
    "2025-08-31": {
        "Tax Effect Of Unusual Items": 13025778.39664,
        "Tax Rate For Calcs": 0.170517,
        "Normalized EBITDA": 12915000.0,
        "Total Unusual Items": 76390000.0,
        "Total Unusual Items Excluding Goodwill": 76390000.0,
        "Net Income From Continuing Operation Net Minority Interest": 36338000.0,
        "Reconciled Depreciation": 29055000.0,
        "Reconciled Cost Of Revenue": 114219000.0,
        "EBITDA": 89305000.0,
        "EBIT": 60250000.0,
        "Net Interest Income": -15524000.0,
        "Interest Expense": 16442000.0,
        "Interest Income": 918000.0,
        "Normalized Income": -27026221.60336,
        "Net Income From Continuing And Discontinued Operation": 36338000.0,
        "Total Expenses": 225280000.0,
        "Total Operating Income As Reported": -16091000.0,
        "Diluted Average Shares": 217334926.0,
        "Basic Average Shares": 217217836.0,
        "Diluted EPS": 0.17,
        "Basic EPS": 0.17,
        "Diluted NI Availto Com Stockholders": 36338000.0,
        "Net Income Common Stockholders": 36338000.0,
        "Net Income": 36338000.0,
        "Net Income Including Noncontrolling Interests": 36338000.0,
        "Net Income Continuous Operations": 36338000.0,
        "Tax Provision": 7470000.0,
        "Pretax Income": 43808000.0,
        "Other Income Expense": 75423000.0,
        "Other Non Operating Income Expenses": -967000.0,
        "Special Income Charges": 76390000.0,
        "Gain On Sale Of Business": 76390000.0,
        "Impairment Of Capital Assets": NaN,
        "Net Non Operating Interest Income Expense": -15524000.0,
        "Interest Expense Non Operating": 16442000.0,
        "Interest Income Non Operating": 918000.0,
        "Operating Income": -16091000.0,
        "Operating Expense": 111061000.0,
        "Research And Development": 5125000.0,
        "Selling General And Administration": 105936000.0,
        "Selling And Marketing Expense": 45048000.0,
        "General And Administrative Expense": 60888000.0,
        "Other Gand A": 60888000.0,
        "Gross Profit": 94970000.0,
        "Cost Of Revenue": 114219000.0,
        "Total Revenue": 209189000.0,
        "Operating Revenue": 209189000.0
    },
    "2025-11-30": {
        "Tax Effect Of Unusual Items": 0.0,
        "Tax Rate For Calcs": 0.218032,
        "Normalized EBITDA": 23411000.0,
        "Total Unusual Items": 0.0,
        "Total Unusual Items Excluding Goodwill": 0.0,
        "Net Income From Continuing Operation Net Minority Interest": -15924000.0,
        "Reconciled Depreciation": 28927000.0,
        "Reconciled Cost Of Revenue": 118007000.0,
        "EBITDA": 23411000.0,
        "EBIT": -5516000.0,
        "Net Interest Income": -14256000.0,
        "Interest Expense": 14848000.0,
        "Interest Income": 592000.0,
        "Normalized Income": -15924000.0,
        "Net Income From Continuing And Discontinued Operation": -15924000.0,
        "Total Expenses": 230068000.0,
        "Total Operating Income As Reported": -5377000.0,
        "Diluted Average Shares": 217408270.0,
        "Basic Average Shares": 217408270.0,
        "Diluted EPS": -0.07,
        "Basic EPS": -0.07,
        "Diluted NI Availto Com Stockholders": -15924000.0,
        "Net Income Common Stockholders": -15924000.0,
        "Net Income": -15924000.0,
        "Net Income Including Noncontrolling Interests": -15924000.0,
        "Net Income Continuous Operations": -15924000.0,
        "Tax Provision": -4440000.0,
        "Pretax Income": -20364000.0,
        "Other Income Expense": -731000.0,
        "Other Non Operating Income Expenses": -731000.0,
        "Special Income Charges": 0.0,
        "Gain On Sale Of Business": 0.0,
        "Impairment Of Capital Assets": 0.0,
        "Net Non Operating Interest Income Expense": -14256000.0,
        "Interest Expense Non Operating": 14848000.0,
        "Interest Income Non Operating": 592000.0,
        "Operating Income": -5377000.0,
        "Operating Expense": 112061000.0,
        "Research And Development": 4563000.0,
        "Selling General And Administration": 107498000.0,
        "Selling And Marketing Expense": 42290000.0,
        "General And Administrative Expense": 65208000.0,
        "Other Gand A": 65208000.0,
        "Gross Profit": 106684000.0,
        "Cost Of Revenue": 118007000.0,
        "Total Revenue": 224691000.0,
        "Operating Revenue": 224691000.0
    }
}