{
    "2023-03-31": {
        "Tax Effect Of Unusual Items": 0.0,
        "Tax Rate For Calcs": 0.21,
        "Normalized EBITDA": -3133000.0,
        "Total Unusual Items": NaN,
        "Total Unusual Items Excluding Goodwill": NaN,
        "Net Income From Continuing Operation Net Minority Interest": -38082000.0,
        "Reconciled Depreciation": 31509000.0,
        "Reconciled Cost Of Revenue": 70432000.0,
        "EBITDA": -3133000.0,
        "EBIT": -34642000.0,
        "Net Interest Income": 11361000.0,
        "Interest Expense": 2126000.0,
        "Interest Income": 13487000.0,
        "Normalized Income": -38082000.0,
        "Net Income From Continuing And Discontinued Operation": -38082000.0,
        "Total Expenses": 337447000.0,
        "Total Operating Income As Reported": -47272000.0,
        "Diluted Average Shares": 330389000.0,
        "Basic Average Shares": 330389000.0,
        "Diluted EPS": -0.12,
        "Basic EPS": -0.12,
        "Diluted NI Availto Com Stockholders": -38082000.0,
        "Net Income Common Stockholders": -38082000.0,
        "Net Income": -38082000.0,
        "Net Income Including Noncontrolling Interests": -38082000.0,
        "Net Income Continuous Operations": -38082000.0,
        "Tax Provision": 1314000.0,
        "Pretax Income": -36768000.0,
        "Other Income Expense": -857000.0,
        "Other Non Operating Income Expenses": -857000.0,
        "Special Income Charges": NaN,
        "Other Special Charges": NaN,
        "Net Non Operating Interest Income Expense": 11361000.0,
        "Interest Expense Non Operating": 2126000.0,
        "Interest Income Non Operating": 13487000.0,
        "Operating Income": -47272000.0,
        "Operating Expense": 267015000.0,
        "Research And Development": 81539000.0,
        "Selling General And Administration": 185476000.0,
        "Selling And Marketing Expense": 137001000.0,
        "General And Administrative Expense": 48475000.0,
        "Other Gand A": 48475000.0,
        "Gross Profit": 219743000.0,
        "Cost Of Revenue": 70432000.0,
        "Total Revenue": 290175000.0,
        "Operating Revenue": 290175000.0
    },
    "2022-12-31": {
        "Tax Effect Of Unusual Items": NaN,
        "Tax Rate For Calcs": NaN,
        "Normalized EBITDA": NaN,
        "Total Unusual Items": 0.0,
        "Total Unusual Items Excluding Goodwill": 0.0,
        "Net Income From Continuing Operation Net Minority Interest": NaN,
        "Reconciled Depreciation": NaN,
        "Reconciled Cost Of Revenue": NaN,
        "EBITDA": NaN,
        "EBIT": NaN,
        "Net Interest Income": NaN,
        "Interest Expense": NaN,
        "Interest Income": NaN,
        "Normalized Income": NaN,
        "Net Income From Continuing And Discontinued Operation": NaN,
        "Total Expenses": NaN,
        "Total Operating Income As Reported": NaN,
        "Diluted Average Shares": NaN,
        "Basic Average Shares": NaN,
        "Diluted EPS": NaN,
        "Basic EPS": NaN,
        "Diluted NI Availto Com Stockholders": NaN,
        "Net Income Common Stockholders": NaN,
        "Net Income": NaN,
        "Net Income Including Noncontrolling Interests": NaN,
        "Net Income Continuous Operations": NaN,
        "Tax Provision": NaN,
        "Pretax Income": NaN,
        "Other Income Expense": NaN,
        "Other Non Operating Income Expenses": NaN,
        "Special Income Charges": 0.0,
        "Other Special Charges": NaN,
        "Net Non Operating Interest Income Expense": NaN,
        "Interest Expense Non Operating": NaN,
        "Interest Income Non Operating": NaN,
        "Operating Income": NaN,
        "Operating Expense": NaN,
        "Research And Development": NaN,
        "Selling General And Administration": NaN,
        "Selling And Marketing Expense": NaN,
        "General And Administrative Expense": NaN,
        "Other Gand A": NaN,
        "Gross Profit": NaN,
        "Cost Of Revenue": NaN,
        "Total Revenue": NaN,
        "Operating Revenue": NaN
    },
    "2022-09-30": {
        "Tax Effect Of Unusual Items": NaN,
        "Tax Rate For Calcs": NaN,
        "Normalized EBITDA": NaN,
        "Total Unusual Items": 0.0,
        "Total Unusual Items Excluding Goodwill": 0.0,
        "Net Income From Continuing Operation Net Minority Interest": NaN,
        "Reconciled Depreciation": NaN,
        "Reconciled Cost Of Revenue": NaN,
        "EBITDA": NaN,
        "EBIT": NaN,
        "Net Interest Income": NaN,
        "Interest Expense": NaN,
        "Interest Income": NaN,
        "Normalized Income": NaN,
        "Net Income From Continuing And Discontinued Operation": NaN,
        "Total Expenses": NaN,
        "Total Operating Income As Reported": NaN,
        "Diluted Average Shares": NaN,
        "Basic Average Shares": NaN,
        "Diluted EPS": NaN,
        "Basic EPS": NaN,
        "Diluted NI Availto Com Stockholders": NaN,
        "Net Income Common Stockholders": NaN,
        "Net Income": NaN,
        "Net Income Including Noncontrolling Interests": NaN,
        "Net Income Continuous Operations": NaN,
        "Tax Provision": NaN,
        "Pretax Income": NaN,
        "Other Income Expense": NaN,
        "Other Non Operating Income Expenses": NaN,
        "Special Income Charges": 0.0,
        "Other Special Charges": NaN,
        "Net Non Operating Interest Income Expense": NaN,
        "Interest Expense Non Operating": NaN,
        "Interest Income Non Operating": NaN,
        "Operating Income": NaN,
        "Operating Expense": NaN,
        "Research And Development": NaN,
        "Selling General And Administration": NaN,
        "Selling And Marketing Expense": NaN,
        "General And Administrative Expense": NaN,
        "Other Gand A": NaN,
        "Gross Profit": NaN,
        "Cost Of Revenue": NaN,
        "Total Revenue": NaN,
        "Operating Revenue": NaN
    },
    "2022-06-30": {
        "Tax Effect Of Unusual Items": 0.0,
        "Tax Rate For Calcs": 0.002668,
        "Normalized EBITDA": -37329000.0,
        "Total Unusual Items": NaN,
        "Total Unusual Items Excluding Goodwill": NaN,
        "Net Income From Continuing Operation Net Minority Interest": -63537000.0,
        "Reconciled Depreciation": 25338000.0,
        "Reconciled Cost Of Revenue": 55804000.0,
        "EBITDA": -37329000.0,
        "EBIT": -62667000.0,
        "Net Interest Income": 601000.0,
        "Interest Expense": 1040000.0,
        "Interest Income": 1641000.0,
        "Normalized Income": -63537000.0,
        "Net Income From Continuing And Discontinued Operation": -63537000.0,
        "Total Expenses": 299058000.0,
        "Total Operating Income As Reported": -64541000.0,
        "Diluted Average Shares": 325197000.0,
        "Basic Average Shares": 325197000.0,
        "Diluted EPS": -0.2,
        "Basic EPS": -0.2,
        "Diluted NI Availto Com Stockholders": -63537000.0,
        "Net Income Common Stockholders": -63537000.0,
        "Net Income": -63537000.0,
        "Net Income Including Noncontrolling Interests": -63537000.0,
        "Net Income Continuous Operations": -63537000.0,
        "Tax Provision": -170000.0,
        "Pretax Income": -63707000.0,
        "Other Income Expense": 233000.0,
        "Other Non Operating Income Expenses": 233000.0,
        "Special Income Charges": NaN,
        "Other Special Charges": NaN,
        "Net Non Operating Interest Income Expense": 601000.0,
        "Interest Expense Non Operating": 1040000.0,
        "Interest Income Non Operating": 1641000.0,
        "Operating Income": -64541000.0,
        "Operating Expense": 243254000.0,
        "Research And Development": 75114000.0,
        "Selling General And Administration": 168140000.0,
        "Selling And Marketing Expense": 117622000.0,
        "General And Administrative Expense": 50518000.0,
        "Other Gand A": 50518000.0,
        "Gross Profit": 178713000.0,
        "Cost Of Revenue": 55804000.0,
        "Total Revenue": 234517000.0,
        "Operating Revenue": 234517000.0
    },
    "2023-06-30": {
        "Tax Effect Of Unusual Items": NaN,
        "Tax Rate For Calcs": NaN,
        "Normalized EBITDA": NaN,
        "Total Unusual Items": NaN,
        "Total Unusual Items Excluding Goodwill": NaN,
        "Net Income From Continuing Operation Net Minority Interest": NaN,
        "Reconciled Depreciation": NaN,
        "Reconciled Cost Of Revenue": NaN,
        "EBITDA": NaN,
        "EBIT": NaN,
        "Net Interest Income": NaN,
        "Interest Expense": NaN,
        "Interest Income": NaN,
        "Normalized Income": NaN,
        "Net Income From Continuing And Discontinued Operation": NaN,
        "Total Expenses": NaN,
        "Total Operating Income As Reported": NaN,
        "Diluted Average Shares": NaN,
        "Basic Average Shares": NaN,
        "Diluted EPS": NaN,
        "Basic EPS": NaN,
        "Diluted NI Availto Com Stockholders": NaN,
        "Net Income Common Stockholders": NaN,
        "Net Income": NaN,
        "Net Income Including Noncontrolling Interests": NaN,
        "Net Income Continuous Operations": NaN,
        "Tax Provision": NaN,
        "Pretax Income": NaN,
        "Other Income Expense": NaN,
        "Other Non Operating Income Expenses": NaN,
        "Special Income Charges": NaN,
        "Other Special Charges": 50300000.0,
        "Net Non Operating Interest Income Expense": NaN,
        "Interest Expense Non Operating": NaN,
        "Interest Income Non Operating": NaN,
        "Operating Income": NaN,
        "Operating Expense": NaN,
        "Research And Development": NaN,
        "Selling General And Administration": NaN,
        "Selling And Marketing Expense": NaN,
        "General And Administrative Expense": NaN,
        "Other Gand A": NaN,
        "Gross Profit": NaN,
        "Cost Of Revenue": NaN,
        "Total Revenue": NaN,
        "Operating Revenue": NaN
    },
    "2022-03-31": {
        "Diluted EPS": -0.13,
        "Total Revenue": 212,
        "Gross Profit": 165,
        "Operating Income": -40,
        "EBIT": -9,
        "Net Income": -41
    },
    "2021-12-31": {
        "Diluted EPS": -0.24,
        "Total Revenue": 194,
        "Gross Profit": 151,
        "Operating Income": -41,
        "EBIT": 2,
        "Net Income": -78
    },
    "2021-09-30": {
        "Diluted EPS": -0.34,
        "Total Revenue": 172,
        "Gross Profit": 135,
        "Operating Income": -26,
        "EBIT": 11,
        "Net Income": -107
    },
    "2021-06-30": {
        "Diluted EPS": -0.12,
        "Total Revenue": 152,
        "Gross Profit": 117,
        "Operating Income": -29,
        "EBIT": 3,
        "Net Income": -36
    },
    "2021-03-31": {
        "Diluted EPS": -0.13,
        "Total Revenue": 138,
        "Gross Profit": 106,
        "Operating Income": -31,
        "EBIT": -1,
        "Net Income": -40
    },
    "2020-12-31": {
        "Diluted EPS": -0.11,
        "Total Revenue": 126,
        "Gross Profit": 97,
        "Operating Income": -25,
        "EBIT": 4,
        "Net Income": -34
    },
    "2020-09-30": {
        "Diluted EPS": -0.09,
        "Total Revenue": 114,
        "Gross Profit": 87,
        "Operating Income": -21,
        "EBIT": 5,
        "Net Income": -26
    },
    "2020-06-30": {
        "Diluted EPS": -0.09,
        "Total Revenue": 100,
        "Gross Profit": 76,
        "Operating Income": -25,
        "EBIT": -5,
        "Net Income": -26
    },
    "2020-03-31": {
        "Diluted EPS": -0.11,
        "Total Revenue": 91,
        "Gross Profit": 70,
        "Operating Income": -36,
        "EBIT": -22,
        "Net Income": -33
    },
    "2019-12-31": {
        "Diluted EPS": 0.06,
        "Total Revenue": 84,
        "Gross Profit": 66,
        "Operating Income": -30,
        "EBIT": -18,
        "Net Income": -28
    },
    "2019-09-30": {
        "Diluted EPS": -0.35,
        "Total Revenue": 74,
        "Gross Profit": 58,
        "Operating Income": -41,
        "EBIT": -31,
        "Net Income": -41
    },
    "2019-06-30": {
        "Diluted EPS": -0.23,
        "Total Revenue": 67,
        "Gross Profit": 53,
        "Operating Income": -20,
        "EBIT": -10,
        "Net Income": -20
    },
    "2019-03-31": {
        "Diluted EPS": -0.2,
        "Total Revenue": 62,
        "Gross Profit": 47,
        "Operating Income": -17,
        "EBIT": -9,
        "Net Income": -17
    },
    "2018-12-31": {
        "Diluted EPS": 0.0,
        "Total Revenue": NaN,
        "Gross Profit": NaN,
        "Operating Income": NaN,
        "EBIT": NaN,
        "Net Income": NaN
    },
    "2018-09-30": {
        "Diluted EPS": -0.47,
        "Total Revenue": 50,
        "Gross Profit": 39,
        "Operating Income": -36,
        "EBIT": -36,
        "Net Income": -38
    },
    "2017-12-31": {
        "Diluted EPS": 0.0,
        "Total Revenue": NaN,
        "Gross Profit": NaN,
        "Operating Income": NaN,
        "EBIT": NaN,
        "Net Income": NaN
    },
    "2016-12-31": {
        "Diluted EPS": 0.0,
        "Total Revenue": NaN,
        "Gross Profit": NaN,
        "Operating Income": NaN,
        "EBIT": NaN,
        "Net Income": NaN
    },
    "2023-09-30": {
        "Tax Effect Of Unusual Items": NaN,
        "Tax Rate For Calcs": NaN,
        "Normalized EBITDA": NaN,
        "Total Unusual Items": 0.0,
        "Total Unusual Items Excluding Goodwill": 0.0,
        "Net Income From Continuing Operation Net Minority Interest": NaN,
        "Reconciled Depreciation": NaN,
        "Reconciled Cost Of Revenue": NaN,
        "EBITDA": NaN,
        "EBIT": NaN,
        "Net Interest Income": NaN,
        "Interest Expense": NaN,
        "Interest Income": NaN,
        "Normalized Income": NaN,
        "Net Income From Continuing And Discontinued Operation": NaN,
        "Total Expenses": NaN,
        "Total Operating Income As Reported": NaN,
        "Diluted Average Shares": NaN,
        "Basic Average Shares": NaN,
        "Diluted EPS": NaN,
        "Basic EPS": NaN,
        "Diluted NI Availto Com Stockholders": NaN,
        "Net Income Common Stockholders": NaN,
        "Net Income": NaN,
        "Net Income Including Noncontrolling Interests": NaN,
        "Net Income Continuous Operations": NaN,
        "Tax Provision": NaN,
        "Pretax Income": NaN,
        "Other Income Expense": NaN,
        "Other Non Operating Income Expenses": NaN,
        "Special Income Charges": 0.0,
        "Other Special Charges": NaN,
        "Net Non Operating Interest Income Expense": NaN,
        "Interest Expense Non Operating": NaN,
        "Interest Income Non Operating": NaN,
        "Operating Income": NaN,
        "Operating Expense": NaN,
        "Research And Development": NaN,
        "Selling General And Administration": NaN,
        "Selling And Marketing Expense": NaN,
        "General And Administrative Expense": NaN,
        "Other Gand A": NaN,
        "Gross Profit": NaN,
        "Cost Of Revenue": NaN,
        "Total Revenue": NaN,
        "Operating Revenue": NaN
    },
    "2023-12-31": {
        "Tax Effect Of Unusual Items": NaN,
        "Tax Rate For Calcs": NaN,
        "Normalized EBITDA": NaN,
        "Total Unusual Items": 0.0,
        "Total Unusual Items Excluding Goodwill": 0.0,
        "Net Income From Continuing Operation Net Minority Interest": NaN,
        "Reconciled Depreciation": NaN,
        "Reconciled Cost Of Revenue": NaN,
        "EBITDA": NaN,
        "EBIT": NaN,
        "Net Interest Income": NaN,
        "Interest Expense": NaN,
        "Interest Income": NaN,
        "Normalized Income": NaN,
        "Net Income From Continuing And Discontinued Operation": NaN,
        "Total Expenses": NaN,
        "Total Operating Income As Reported": NaN,
        "Diluted Average Shares": NaN,
        "Basic Average Shares": NaN,
        "Diluted EPS": NaN,
        "Basic EPS": NaN,
        "Diluted NI Availto Com Stockholders": NaN,
        "Net Income Common Stockholders": NaN,
        "Net Income": NaN,
        "Net Income Including Noncontrolling Interests": NaN,
        "Net Income Continuous Operations": NaN,
        "Tax Provision": NaN,
        "Pretax Income": NaN,
        "Other Income Expense": NaN,
        "Other Non Operating Income Expenses": NaN,
        "Special Income Charges": 0.0,
        "Other Special Charges": 0.0,
        "Net Non Operating Interest Income Expense": NaN,
        "Interest Expense Non Operating": NaN,
        "Interest Income Non Operating": NaN,
        "Operating Income": NaN,
        "Operating Expense": NaN,
        "Research And Development": NaN,
        "Selling General And Administration": NaN,
        "Selling And Marketing Expense": NaN,
        "General And Administrative Expense": NaN,
        "Other Gand A": NaN,
        "Gross Profit": NaN,
        "Cost Of Revenue": NaN,
        "Total Revenue": NaN,
        "Operating Revenue": NaN
    },
    "2024-03-31": {
        "Tax Effect Of Unusual Items": 0.0,
        "Tax Rate For Calcs": 0.21,
        "Normalized EBITDA": -2062000.0,
        "Total Unusual Items": NaN,
        "Total Unusual Items Excluding Goodwill": NaN,
        "Net Income From Continuing Operation Net Minority Interest": -35543000.0,
        "Reconciled Depreciation": 30112000.0,
        "Reconciled Cost Of Revenue": 85038000.0,
        "EBITDA": -2062000.0,
        "EBIT": -32174000.0,
        "Net Interest Income": 20152000.0,
        "Interest Expense": 1100000.0,
        "Interest Income": 21252000.0,
        "Normalized Income": -35543000.0,
        "Net Income From Continuing And Discontinued Operation": -35543000.0,
        "Total Expenses": 433152000.0,
        "Total Operating Income As Reported": -54550000.0,
        "Diluted Average Shares": 338583000.0,
        "Basic Average Shares": 338583000.0,
        "Diluted EPS": -0.1,
        "Basic EPS": -0.1,
        "Diluted NI Availto Com Stockholders": -35543000.0,
        "Net Income Common Stockholders": -35543000.0,
        "Net Income": -35543000.0,
        "Net Income Including Noncontrolling Interests": -35543000.0,
        "Net Income Continuous Operations": -35543000.0,
        "Tax Provision": 2269000.0,
        "Pretax Income": -33274000.0,
        "Other Income Expense": 1124000.0,
        "Other Non Operating Income Expenses": 1124000.0,
        "Special Income Charges": NaN,
        "Other Special Charges": NaN,
        "Net Non Operating Interest Income Expense": 20152000.0,
        "Interest Expense Non Operating": 1100000.0,
        "Interest Income Non Operating": 21252000.0,
        "Operating Income": -54550000.0,
        "Operating Expense": 348114000.0,
        "Research And Development": 87703000.0,
        "Selling General And Administration": 260411000.0,
        "Selling And Marketing Expense": 194102000.0,
        "General And Administrative Expense": 66309000.0,
        "Other Gand A": 66309000.0,
        "Gross Profit": 293564000.0,
        "Cost Of Revenue": 85038000.0,
        "Total Revenue": 378602000.0,
        "Operating Revenue": 378602000.0
    },
    "2024-06-30": {
        "Tax Effect Of Unusual Items": 0.0,
        "Tax Rate For Calcs": 0.21,
        "Normalized EBITDA": 16941000.0,
        "Total Unusual Items": 0.0,
        "Total Unusual Items Excluding Goodwill": 0.0,
        "Net Income From Continuing Operation Net Minority Interest": -15078000.0,
        "Reconciled Depreciation": 29655000.0,
        "Reconciled Cost Of Revenue": 89011000.0,
        "EBITDA": 16941000.0,
        "EBIT": -12714000.0,
        "Net Interest Income": 20497000.0,
        "Interest Expense": 1218000.0,
        "Interest Income": 21715000.0,
        "Normalized Income": -15078000.0,
        "Net Income From Continuing And Discontinued Operation": -15078000.0,
        "Total Expenses": 435694000.0,
        "Total Operating Income As Reported": -34698000.0,
        "Diluted Average Shares": 340648000.0,
        "Basic Average Shares": 340648000.0,
        "Diluted EPS": -0.04,
        "Basic EPS": -0.04,
        "Diluted NI Availto Com Stockholders": -15078000.0,
        "Net Income Common Stockholders": -15078000.0,
        "Net Income": -15078000.0,
        "Net Income Including Noncontrolling Interests": -15078000.0,
        "Net Income Continuous Operations": -15078000.0,
        "Tax Provision": 1146000.0,
        "Pretax Income": -13932000.0,
        "Other Income Expense": 269000.0,
        "Other Non Operating Income Expenses": 269000.0,
        "Special Income Charges": 0.0,
        "Other Special Charges": NaN,
        "Net Non Operating Interest Income Expense": 20497000.0,
        "Interest Expense Non Operating": 1218000.0,
        "Interest Income Non Operating": 21715000.0,
        "Operating Income": -34698000.0,
        "Operating Expense": 346683000.0,
        "Research And Development": 102547000.0,
        "Selling General And Administration": 244136000.0,
        "Selling And Marketing Expense": 174501000.0,
        "General And Administrative Expense": 69635000.0,
        "Other Gand A": 69635000.0,
        "Gross Profit": 311985000.0,
        "Cost Of Revenue": 89011000.0,
        "Total Revenue": 400996000.0,
        "Operating Revenue": 400996000.0
    },
    "2024-09-30": {
        "Tax Effect Of Unusual Items": 0.0,
        "Tax Rate For Calcs": 0.21,
        "Normalized EBITDA": 20320000.0,
        "Total Unusual Items": 0.0,
        "Total Unusual Items Excluding Goodwill": 0.0,
        "Net Income From Continuing Operation Net Minority Interest": -15331000.0,
        "Reconciled Depreciation": 31709000.0,
        "Reconciled Cost Of Revenue": 95967000.0,
        "EBITDA": 20320000.0,
        "EBIT": -11389000.0,
        "Net Interest Income": 21038000.0,
        "Interest Expense": 1433000.0,
        "Interest Income": 22471000.0,
        "Normalized Income": -15331000.0,
        "Net Income From Continuing And Discontinued Operation": -15331000.0,
        "Total Expenses": 460876000.0,
        "Total Operating Income As Reported": -30794000.0,
        "Diluted Average Shares": 342356000.0,
        "Basic Average Shares": 342356000.0,
        "Diluted EPS": -0.04,
        "Basic EPS": -0.04,
        "Diluted NI Availto Com Stockholders": -15331000.0,
        "Net Income Common Stockholders": -15331000.0,
        "Net Income": -15331000.0,
        "Net Income Including Noncontrolling Interests": -15331000.0,
        "Net Income Continuous Operations": -15331000.0,
        "Tax Provision": 2509000.0,
        "Pretax Income": -12822000.0,
        "Other Income Expense": -3066000.0,
        "Other Non Operating Income Expenses": -3066000.0,
        "Special Income Charges": 0.0,
        "Other Special Charges": NaN,
        "Net Non Operating Interest Income Expense": 21038000.0,
        "Interest Expense Non Operating": 1433000.0,
        "Interest Income Non Operating": 22471000.0,
        "Operating Income": -30794000.0,
        "Operating Expense": 364909000.0,
        "Research And Development": 110911000.0,
        "Selling General And Administration": 253998000.0,
        "Selling And Marketing Expense": 185221000.0,
        "General And Administrative Expense": 68777000.0,
        "Other Gand A": 68777000.0,
        "Gross Profit": 334115000.0,
        "Cost Of Revenue": 95967000.0,
        "Total Revenue": 430082000.0,
        "Operating Revenue": 430082000.0
    },
    "2024-12-31": {
        "Tax Effect Of Unusual Items": 0.0,
        "Tax Rate For Calcs": 0.21,
        "Normalized EBITDA": 26848000.0,
        "Total Unusual Items": 0.0,
        "Total Unusual Items Excluding Goodwill": 0.0,
        "Net Income From Continuing Operation Net Minority Interest": -12848000.0,
        "Reconciled Depreciation": 36246000.0,
        "Reconciled Cost Of Revenue": 108686000.0,
        "EBITDA": 26848000.0,
        "EBIT": -9398000.0,
        "Net Interest Income": 20543000.0,
        "Interest Expense": 1445000.0,
        "Interest Income": 21988000.0,
        "Normalized Income": -12848000.0,
        "Net Income From Continuing And Discontinued Operation": -12848000.0,
        "Total Expenses": 494665000.0,
        "Total Operating Income As Reported": -34719000.0,
        "Diluted Average Shares": 344003000.0,
        "Basic Average Shares": 344003000.0,
        "Diluted EPS": -0.04,
        "Basic EPS": -0.04,
        "Diluted NI Availto Com Stockholders": -12848000.0,
        "Net Income Common Stockholders": -12848000.0,
        "Net Income": -12848000.0,
        "Net Income Including Noncontrolling Interests": -12848000.0,
        "Net Income Continuous Operations": -12848000.0,
        "Tax Provision": 2005000.0,
        "Pretax Income": -10843000.0,
        "Other Income Expense": 3333000.0,
        "Other Non Operating Income Expenses": 3333000.0,
        "Special Income Charges": 0.0,
        "Other Special Charges": NaN,
        "Net Non Operating Interest Income Expense": 20543000.0,
        "Interest Expense Non Operating": 1445000.0,
        "Interest Income Non Operating": 21988000.0,
        "Operating Income": -34719000.0,
        "Operating Expense": 385979000.0,
        "Research And Development": 120213000.0,
        "Selling General And Administration": 265766000.0,
        "Selling And Marketing Expense": 191967000.0,
        "General And Administrative Expense": 73799000.0,
        "Other Gand A": 73799000.0,
        "Gross Profit": 351260000.0,
        "Cost Of Revenue": 108686000.0,
        "Total Revenue": 459946000.0,
        "Operating Revenue": 459946000.0
    },
    "2025-03-31": {
        "Tax Effect Of Unusual Items": 0.0,
        "Tax Rate For Calcs": 0.21,
        "Normalized EBITDA": 6891000.0,
        "Total Unusual Items": NaN,
        "Total Unusual Items Excluding Goodwill": NaN,
        "Net Income From Continuing Operation Net Minority Interest": -38454000.0,
        "Reconciled Depreciation": 42207000.0,
        "Reconciled Cost Of Revenue": 115576000.0,
        "EBITDA": 6891000.0,
        "EBIT": -35316000.0,
        "Net Interest Income": 19956000.0,
        "Interest Expense": 1443000.0,
        "Interest Income": 21399000.0,
        "Normalized Income": -38454000.0,
        "Net Income From Continuing And Discontinued Operation": -38454000.0,
        "Total Expenses": 532334000.0,
        "Total Operating Income As Reported": -53247000.0,
        "Diluted Average Shares": 345723000.0,
        "Basic Average Shares": 345723000.0,
        "Diluted EPS": -0.11,
        "Basic EPS": -0.11,
        "Diluted NI Availto Com Stockholders": -38454000.0,
        "Net Income Common Stockholders": -38454000.0,
        "Net Income": -38454000.0,
        "Net Income Including Noncontrolling Interests": -38454000.0,
        "Net Income Continuous Operations": -38454000.0,
        "Tax Provision": 1695000.0,
        "Pretax Income": -36759000.0,
        "Other Income Expense": -3468000.0,
        "Other Non Operating Income Expenses": -3468000.0,
        "Special Income Charges": NaN,
        "Other Special Charges": NaN,
        "Net Non Operating Interest Income Expense": 19956000.0,
        "Interest Expense Non Operating": 1443000.0,
        "Interest Income Non Operating": 21399000.0,
        "Operating Income": -53247000.0,
        "Operating Expense": 416758000.0,
        "Research And Development": 115089000.0,
        "Selling General And Administration": 301669000.0,
        "Selling And Marketing Expense": 214011000.0,
        "General And Administrative Expense": 87658000.0,
        "Other Gand A": 87658000.0,
        "Gross Profit": 363511000.0,
        "Cost Of Revenue": 115576000.0,
        "Total Revenue": 479087000.0,
        "Operating Revenue": 479087000.0
    }
}