{
    "2023-06-30": {
        "Tax Effect Of Unusual Items": NaN,
        "Tax Rate For Calcs": NaN,
        "Normalized EBITDA": NaN,
        "Total Unusual Items": 0.0,
        "Total Unusual Items Excluding Goodwill": 0.0,
        "Net Income From Continuing Operation Net Minority Interest": NaN,
        "Reconciled Depreciation": NaN,
        "Reconciled Cost Of Revenue": NaN,
        "EBITDA": NaN,
        "EBIT": NaN,
        "Net Interest Income": NaN,
        "Interest Expense": NaN,
        "Normalized Income": NaN,
        "Net Income From Continuing And Discontinued Operation": NaN,
        "Total Expenses": NaN,
        "Total Operating Income As Reported": NaN,
        "Diluted Average Shares": NaN,
        "Basic Average Shares": NaN,
        "Diluted EPS": NaN,
        "Basic EPS": NaN,
        "Diluted NI Availto Com Stockholders": NaN,
        "Net Income Common Stockholders": NaN,
        "Otherunder Preferred Stock Dividend": NaN,
        "Net Income": NaN,
        "Net Income Including Noncontrolling Interests": NaN,
        "Net Income Continuous Operations": NaN,
        "Tax Provision": NaN,
        "Pretax Income": NaN,
        "Other Income Expense": NaN,
        "Other Non Operating Income Expenses": NaN,
        "Special Income Charges": 0.0,
        "Net Non Operating Interest Income Expense": NaN,
        "Interest Expense Non Operating": NaN,
        "Operating Income": NaN,
        "Operating Expense": NaN,
        "Research And Development": NaN,
        "Selling General And Administration": NaN,
        "Gross Profit": NaN,
        "Cost Of Revenue": NaN,
        "Total Revenue": NaN,
        "Operating Revenue": NaN
    },
    "2023-03-31": {
        "Tax Effect Of Unusual Items": NaN,
        "Tax Rate For Calcs": NaN,
        "Normalized EBITDA": NaN,
        "Total Unusual Items": 0.0,
        "Total Unusual Items Excluding Goodwill": 0.0,
        "Net Income From Continuing Operation Net Minority Interest": NaN,
        "Reconciled Depreciation": NaN,
        "Reconciled Cost Of Revenue": NaN,
        "EBITDA": NaN,
        "EBIT": NaN,
        "Net Interest Income": NaN,
        "Interest Expense": NaN,
        "Normalized Income": NaN,
        "Net Income From Continuing And Discontinued Operation": NaN,
        "Total Expenses": NaN,
        "Total Operating Income As Reported": NaN,
        "Diluted Average Shares": NaN,
        "Basic Average Shares": NaN,
        "Diluted EPS": NaN,
        "Basic EPS": NaN,
        "Diluted NI Availto Com Stockholders": NaN,
        "Net Income Common Stockholders": NaN,
        "Otherunder Preferred Stock Dividend": NaN,
        "Net Income": NaN,
        "Net Income Including Noncontrolling Interests": NaN,
        "Net Income Continuous Operations": NaN,
        "Tax Provision": NaN,
        "Pretax Income": NaN,
        "Other Income Expense": NaN,
        "Other Non Operating Income Expenses": NaN,
        "Special Income Charges": 0.0,
        "Net Non Operating Interest Income Expense": NaN,
        "Interest Expense Non Operating": NaN,
        "Operating Income": NaN,
        "Operating Expense": NaN,
        "Research And Development": NaN,
        "Selling General And Administration": NaN,
        "Gross Profit": NaN,
        "Cost Of Revenue": NaN,
        "Total Revenue": NaN,
        "Operating Revenue": NaN
    },
    "2022-12-31": {
        "Tax Effect Of Unusual Items": NaN,
        "Tax Rate For Calcs": NaN,
        "Normalized EBITDA": NaN,
        "Total Unusual Items": 0.0,
        "Total Unusual Items Excluding Goodwill": 0.0,
        "Net Income From Continuing Operation Net Minority Interest": NaN,
        "Reconciled Depreciation": NaN,
        "Reconciled Cost Of Revenue": NaN,
        "EBITDA": NaN,
        "EBIT": NaN,
        "Net Interest Income": NaN,
        "Interest Expense": NaN,
        "Normalized Income": NaN,
        "Net Income From Continuing And Discontinued Operation": NaN,
        "Total Expenses": NaN,
        "Total Operating Income As Reported": NaN,
        "Diluted Average Shares": NaN,
        "Basic Average Shares": NaN,
        "Diluted EPS": NaN,
        "Basic EPS": NaN,
        "Diluted NI Availto Com Stockholders": NaN,
        "Net Income Common Stockholders": NaN,
        "Otherunder Preferred Stock Dividend": NaN,
        "Net Income": NaN,
        "Net Income Including Noncontrolling Interests": NaN,
        "Net Income Continuous Operations": NaN,
        "Tax Provision": NaN,
        "Pretax Income": NaN,
        "Other Income Expense": NaN,
        "Other Non Operating Income Expenses": NaN,
        "Special Income Charges": 0.0,
        "Other Special Charges": 0.0,
        "Net Non Operating Interest Income Expense": NaN,
        "Interest Expense Non Operating": NaN,
        "Operating Income": NaN,
        "Operating Expense": NaN,
        "Research And Development": NaN,
        "Selling General And Administration": NaN,
        "Gross Profit": NaN,
        "Cost Of Revenue": NaN,
        "Total Revenue": NaN,
        "Operating Revenue": NaN
    },
    "2022-09-30": {
        "Tax Effect Of Unusual Items": 0.0,
        "Tax Rate For Calcs": 0.212912,
        "Normalized EBITDA": 109188000.0,
        "Total Unusual Items": 0.0,
        "Total Unusual Items Excluding Goodwill": 0.0,
        "Net Income From Continuing Operation Net Minority Interest": 63226000.0,
        "Reconciled Depreciation": 20490000.0,
        "Reconciled Cost Of Revenue": 547742000.0,
        "EBITDA": 109188000.0,
        "EBIT": 88698000.0,
        "Net Interest Income": -8369000.0,
        "Interest Expense": 8369000.0,
        "Normalized Income": 63226000.0,
        "Net Income From Continuing And Discontinued Operation": 63226000.0,
        "Total Expenses": 617322000.0,
        "Total Operating Income As Reported": 78727000.0,
        "Diluted Average Shares": 9965000.0,
        "Basic Average Shares": 9965000.0,
        "Diluted EPS": 6.32,
        "Basic EPS": 6.32,
        "Diluted NI Availto Com Stockholders": 63226000.0,
        "Net Income Common Stockholders": 63226000.0,
        "Otherunder Preferred Stock Dividend": 207000.0,
        "Net Income": 63226000.0,
        "Net Income Including Noncontrolling Interests": 63226000.0,
        "Net Income Continuous Operations": 63226000.0,
        "Tax Provision": 17103000.0,
        "Pretax Income": 80329000.0,
        "Other Income Expense": 9971000.0,
        "Other Non Operating Income Expenses": 9971000.0,
        "Special Income Charges": 0.0,
        "Other Special Charges": NaN,
        "Net Non Operating Interest Income Expense": -8369000.0,
        "Interest Expense Non Operating": 8369000.0,
        "Operating Income": 78727000.0,
        "Operating Expense": 69580000.0,
        "Research And Development": 34388000.0,
        "Selling General And Administration": 35192000.0,
        "Gross Profit": 148307000.0,
        "Cost Of Revenue": 547742000.0,
        "Total Revenue": 696049000.0,
        "Operating Revenue": 696049000.0
    },
    "2022-06-30": {
        "Tax Effect Of Unusual Items": 0.0,
        "Tax Rate For Calcs": 0.223531,
        "Normalized EBITDA": 92692000.0,
        "Total Unusual Items": 0.0,
        "Total Unusual Items Excluding Goodwill": 0.0,
        "Net Income From Continuing Operation Net Minority Interest": 66472000.0,
        "Reconciled Depreciation": 20598000.0,
        "Reconciled Cost Of Revenue": 566163000.0,
        "EBITDA": 92692000.0,
        "EBIT": 92692000.0,
        "Net Interest Income": -7084000.0,
        "Interest Expense": 7084000.0,
        "Normalized Income": 66472000.0,
        "Net Income From Continuing And Discontinued Operation": 66472000.0,
        "Total Expenses": 640048000.0,
        "Total Operating Income As Reported": 83591000.0,
        "Diluted Average Shares": 10136000.0,
        "Basic Average Shares": 10136000.0,
        "Diluted EPS": 6.54,
        "Basic EPS": 6.54,
        "Diluted NI Availto Com Stockholders": 66472000.0,
        "Net Income Common Stockholders": 66472000.0,
        "Otherunder Preferred Stock Dividend": 193000.0,
        "Net Income": 66472000.0,
        "Net Income Including Noncontrolling Interests": 66472000.0,
        "Net Income Continuous Operations": 66472000.0,
        "Tax Provision": 19136000.0,
        "Pretax Income": 85608000.0,
        "Other Income Expense": 9101000.0,
        "Other Non Operating Income Expenses": 9101000.0,
        "Special Income Charges": 0.0,
        "Other Special Charges": NaN,
        "Net Non Operating Interest Income Expense": -7084000.0,
        "Interest Expense Non Operating": 7084000.0,
        "Operating Income": 83591000.0,
        "Operating Expense": 73885000.0,
        "Research And Development": 35396000.0,
        "Selling General And Administration": 38489000.0,
        "Gross Profit": 157476000.0,
        "Cost Of Revenue": 566163000.0,
        "Total Revenue": 723639000.0,
        "Operating Revenue": 723639000.0
    },
    "2022-03-31": {
        "Diluted EPS": 5.75,
        "Total Revenue": 663,
        "Gross Profit": 155,
        "Operating Income": 83,
        "EBIT": 104,
        "Net Income": 59
    },
    "2021-12-31": {
        "Diluted EPS": 1.78,
        "Total Revenue": 577,
        "Gross Profit": 107,
        "Operating Income": 35,
        "EBIT": 57,
        "Net Income": 17
    },
    "2021-09-30": {
        "Diluted EPS": 4.8,
        "Total Revenue": 622,
        "Gross Profit": 138,
        "Operating Income": 63,
        "EBIT": 84,
        "Net Income": 52
    },
    "2021-06-30": {
        "Diluted EPS": 4.75,
        "Total Revenue": 591,
        "Gross Profit": 141,
        "Operating Income": 71,
        "EBIT": 92,
        "Net Income": 52
    },
    "2021-03-31": {
        "Diluted EPS": 6.38,
        "Total Revenue": 567,
        "Gross Profit": 162,
        "Operating Income": 89,
        "EBIT": 109,
        "Net Income": 70
    },
    "2020-12-31": {
        "Diluted EPS": 6.15,
        "Total Revenue": 528,
        "Gross Profit": 151,
        "Operating Income": 76,
        "EBIT": 97,
        "Net Income": 67
    },
    "2020-09-30": {
        "Diluted EPS": 8.77,
        "Total Revenue": 513,
        "Gross Profit": 167,
        "Operating Income": 99,
        "EBIT": 119,
        "Net Income": 96
    },
    "2020-06-30": {
        "Diluted EPS": 2.05,
        "Total Revenue": 411,
        "Gross Profit": 97,
        "Operating Income": 28,
        "EBIT": 49,
        "Net Income": 22
    },
    "2020-03-31": {
        "Diluted EPS": 7.67,
        "Total Revenue": 559,
        "Gross Profit": 181,
        "Operating Income": 110,
        "EBIT": 131,
        "Net Income": 85
    },
    "2019-12-31": {
        "Diluted EPS": 4.47,
        "Total Revenue": 534,
        "Gross Profit": 143,
        "Operating Income": 68,
        "EBIT": 90,
        "Net Income": 50
    },
    "2019-09-30": {
        "Diluted EPS": 6.06,
        "Total Revenue": 556,
        "Gross Profit": 163,
        "Operating Income": 88,
        "EBIT": 110,
        "Net Income": 68
    },
    "2019-06-30": {
        "Diluted EPS": 6.63,
        "Total Revenue": 563,
        "Gross Profit": 171,
        "Operating Income": 99,
        "EBIT": 120,
        "Net Income": 74
    },
    "2019-03-31": {
        "Diluted EPS": 5.57,
        "Total Revenue": 537,
        "Gross Profit": 153,
        "Operating Income": 83,
        "EBIT": 105,
        "Net Income": 62
    },
    "2018-12-31": {
        "Diluted EPS": 5.55,
        "Total Revenue": 538,
        "Gross Profit": 142,
        "Operating Income": 76,
        "EBIT": 94,
        "Net Income": 62
    },
    "2018-09-30": {
        "Diluted EPS": 5.12,
        "Total Revenue": 563,
        "Gross Profit": 141,
        "Operating Income": 68,
        "EBIT": 86,
        "Net Income": 58
    },
    "2018-06-30": {
        "Diluted EPS": 4.53,
        "Total Revenue": 599,
        "Gross Profit": 146,
        "Operating Income": 67,
        "EBIT": 85,
        "Net Income": 53
    },
    "2018-03-31": {
        "Diluted EPS": 5.14,
        "Total Revenue": 589,
        "Gross Profit": 157,
        "Operating Income": 82,
        "EBIT": 99,
        "Net Income": 60
    },
    "2017-12-31": {
        "Diluted EPS": 0.36,
        "Total Revenue": 560,
        "Gross Profit": 145,
        "Operating Income": 67,
        "EBIT": 83,
        "Net Income": 4
    },
    "2017-09-30": {
        "Diluted EPS": 5.04,
        "Total Revenue": 548,
        "Gross Profit": 159,
        "Operating Income": 79,
        "EBIT": 93,
        "Net Income": 60
    },
    "2017-06-30": {
        "Diluted EPS": 5.29,
        "Total Revenue": 547,
        "Gross Profit": 163,
        "Operating Income": 87,
        "EBIT": 99,
        "Net Income": 63
    },
    "2017-03-31": {
        "Diluted EPS": 5.39,
        "Total Revenue": 543,
        "Gross Profit": 169,
        "Operating Income": 90,
        "EBIT": 103,
        "Net Income": 64
    },
    "2016-12-31": {
        "Diluted EPS": 3.86,
        "Total Revenue": 502,
        "Gross Profit": 146,
        "Operating Income": 60,
        "EBIT": 72,
        "Net Income": 46
    },
    "2016-09-30": {
        "Diluted EPS": 6.03,
        "Total Revenue": 516,
        "Gross Profit": 177,
        "Operating Income": 102,
        "EBIT": 113,
        "Net Income": 71
    },
    "2016-06-30": {
        "Diluted EPS": 5.43,
        "Total Revenue": 522,
        "Gross Profit": 178,
        "Operating Income": 97,
        "EBIT": 108,
        "Net Income": 64
    },
    "2016-03-31": {
        "Diluted EPS": 5.22,
        "Total Revenue": 510,
        "Gross Profit": 176,
        "Operating Income": 95,
        "EBIT": 106,
        "Net Income": 62
    },
    "2015-12-31": {
        "Diluted EPS": 4.51,
        "Total Revenue": 480,
        "Gross Profit": 153,
        "Operating Income": 70,
        "EBIT": 81,
        "Net Income": 54
    },
    "2015-09-30": {
        "Diluted EPS": 5.08,
        "Total Revenue": 541,
        "Gross Profit": 175,
        "Operating Income": 98,
        "EBIT": 108,
        "Net Income": 62
    },
    "2015-06-30": {
        "Diluted EPS": 4.72,
        "Total Revenue": 561,
        "Gross Profit": 170,
        "Operating Income": 89,
        "EBIT": 99,
        "Net Income": 59
    },
    "2015-03-31": {
        "Diluted EPS": 5.14,
        "Total Revenue": 560,
        "Gross Profit": 181,
        "Operating Income": 100,
        "EBIT": 110,
        "Net Income": 64
    },
    "2014-12-31": {
        "Diluted EPS": 4.18,
        "Total Revenue": 549,
        "Gross Profit": 158,
        "Operating Income": 80,
        "EBIT": 90,
        "Net Income": 52
    },
    "2014-09-30": {
        "Diluted EPS": 4.53,
        "Total Revenue": 590,
        "Gross Profit": 165,
        "Operating Income": 88,
        "EBIT": 99,
        "Net Income": 57
    },
    "2014-06-30": {
        "Diluted EPS": 5.24,
        "Total Revenue": 620,
        "Gross Profit": 181,
        "Operating Income": 104,
        "EBIT": 115,
        "Net Income": 67
    },
    "2014-03-31": {
        "Diluted EPS": 4.43,
        "Total Revenue": 576,
        "Gross Profit": 162,
        "Operating Income": 90,
        "EBIT": 100,
        "Net Income": 57
    },
    "2013-12-31": {
        "Diluted EPS": 4.08,
        "Total Revenue": 556,
        "Gross Profit": 152,
        "Operating Income": 75,
        "EBIT": 85,
        "Net Income": 54
    },
    "2013-09-30": {
        "Diluted EPS": 5.94,
        "Total Revenue": 580,
        "Gross Profit": 164,
        "Operating Income": 87,
        "EBIT": 97,
        "Net Income": 79
    },
    "2013-06-30": {
        "Diluted EPS": 4.81,
        "Total Revenue": 584,
        "Gross Profit": 169,
        "Operating Income": 93,
        "EBIT": 107,
        "Net Income": 64
    },
    "2013-03-31": {
        "Diluted EPS": 5.07,
        "Total Revenue": 560,
        "Gross Profit": 168,
        "Operating Income": 96,
        "EBIT": 108,
        "Net Income": 68
    },
    "2012-12-31": {
        "Diluted EPS": 3.94,
        "Total Revenue": 510,
        "Gross Profit": 137,
        "Operating Income": 66,
        "EBIT": 77,
        "Net Income": 53
    },
    "2012-09-30": {
        "Diluted EPS": 4.83,
        "Total Revenue": 551,
        "Gross Profit": 160,
        "Operating Income": 93,
        "EBIT": 104,
        "Net Income": 65
    },
    "2012-06-30": {
        "Diluted EPS": 4.12,
        "Total Revenue": 588,
        "Gross Profit": 164,
        "Operating Income": 94,
        "EBIT": 106,
        "Net Income": 55
    },
    "2012-03-31": {
        "Diluted EPS": 4.96,
        "Total Revenue": 563,
        "Gross Profit": 170,
        "Operating Income": 105,
        "EBIT": 115,
        "Net Income": 67
    },
    "2011-12-31": {
        "Diluted EPS": 2.53,
        "Total Revenue": 494,
        "Gross Profit": 118,
        "Operating Income": 49,
        "EBIT": 60,
        "Net Income": 34
    },
    "2011-09-30": {
        "Diluted EPS": 5.22,
        "Total Revenue": 557,
        "Gross Profit": 145,
        "Operating Income": 121,
        "EBIT": 132,
        "Net Income": 71
    },
    "2011-06-30": {
        "Diluted EPS": 3.77,
        "Total Revenue": 579,
        "Gross Profit": 148,
        "Operating Income": 85,
        "EBIT": 96,
        "Net Income": 52
    },
    "2011-03-31": {
        "Diluted EPS": 3.57,
        "Total Revenue": 508,
        "Gross Profit": 141,
        "Operating Income": 78,
        "EBIT": 89,
        "Net Income": 50
    },
    "2010-12-31": {
        "Diluted EPS": 3.44,
        "Total Revenue": 461,
        "Gross Profit": 127,
        "Operating Income": 67,
        "EBIT": 77,
        "Net Income": 49
    },
    "2010-09-30": {
        "Diluted EPS": 3.18,
        "Total Revenue": 472,
        "Gross Profit": 136,
        "Operating Income": 77,
        "EBIT": 88,
        "Net Income": 46
    },
    "2010-06-30": {
        "Diluted EPS": 2.69,
        "Total Revenue": 470,
        "Gross Profit": 132,
        "Operating Income": 74,
        "EBIT": 83,
        "Net Income": 40
    },
    "2010-03-31": {
        "Diluted EPS": 2.78,
        "Total Revenue": 395,
        "Gross Profit": 120,
        "Operating Income": 69,
        "EBIT": 78,
        "Net Income": 42
    },
    "2009-12-31": {
        "Diluted EPS": 3.04,
        "Total Revenue": 404,
        "Gross Profit": 118,
        "Operating Income": 61,
        "EBIT": 70,
        "Net Income": 46
    },
    "2009-09-30": {
        "Diluted EPS": 3.72,
        "Total Revenue": 418,
        "Gross Profit": 143,
        "Operating Income": 94,
        "EBIT": 102,
        "Net Income": 57
    },
    "2009-06-30": {
        "Diluted EPS": 2.01,
        "Total Revenue": 371,
        "Gross Profit": 111,
        "Operating Income": 61,
        "EBIT": 69,
        "Net Income": 31
    },
    "2009-03-31": {
        "Diluted EPS": 1.88,
        "Total Revenue": 337,
        "Gross Profit": 91,
        "Operating Income": 46,
        "EBIT": 54,
        "Net Income": 29
    },
    "2023-09-30": {
        "Tax Effect Of Unusual Items": NaN,
        "Tax Rate For Calcs": NaN,
        "Normalized EBITDA": NaN,
        "Total Unusual Items": 0.0,
        "Total Unusual Items Excluding Goodwill": 0.0,
        "Net Income From Continuing Operation Net Minority Interest": NaN,
        "Reconciled Depreciation": NaN,
        "Reconciled Cost Of Revenue": NaN,
        "EBITDA": NaN,
        "EBIT": NaN,
        "Net Interest Income": NaN,
        "Interest Expense": NaN,
        "Normalized Income": NaN,
        "Net Income From Continuing And Discontinued Operation": NaN,
        "Total Expenses": NaN,
        "Total Operating Income As Reported": NaN,
        "Diluted Average Shares": NaN,
        "Basic Average Shares": NaN,
        "Diluted EPS": NaN,
        "Basic EPS": NaN,
        "Diluted NI Availto Com Stockholders": NaN,
        "Net Income Common Stockholders": NaN,
        "Otherunder Preferred Stock Dividend": NaN,
        "Net Income": NaN,
        "Net Income Including Noncontrolling Interests": NaN,
        "Net Income Continuous Operations": NaN,
        "Tax Provision": NaN,
        "Pretax Income": NaN,
        "Other Income Expense": NaN,
        "Other Non Operating Income Expenses": NaN,
        "Special Income Charges": 0.0,
        "Net Non Operating Interest Income Expense": NaN,
        "Interest Expense Non Operating": NaN,
        "Operating Income": NaN,
        "Operating Expense": NaN,
        "Research And Development": NaN,
        "Selling General And Administration": NaN,
        "Gross Profit": NaN,
        "Cost Of Revenue": NaN,
        "Total Revenue": NaN,
        "Operating Revenue": NaN
    },
    "2023-12-31": {
        "Tax Effect Of Unusual Items": NaN,
        "Tax Rate For Calcs": NaN,
        "Normalized EBITDA": NaN,
        "Total Unusual Items": 0.0,
        "Total Unusual Items Excluding Goodwill": 0.0,
        "Net Income From Continuing Operation Net Minority Interest": NaN,
        "Reconciled Depreciation": NaN,
        "Reconciled Cost Of Revenue": NaN,
        "EBITDA": NaN,
        "EBIT": NaN,
        "Net Interest Income": NaN,
        "Interest Expense": NaN,
        "Normalized Income": NaN,
        "Net Income From Continuing And Discontinued Operation": NaN,
        "Total Expenses": NaN,
        "Total Operating Income As Reported": NaN,
        "Diluted Average Shares": NaN,
        "Basic Average Shares": NaN,
        "Diluted EPS": NaN,
        "Basic EPS": NaN,
        "Diluted NI Availto Com Stockholders": NaN,
        "Net Income Common Stockholders": NaN,
        "Otherunder Preferred Stock Dividend": NaN,
        "Net Income": NaN,
        "Net Income Including Noncontrolling Interests": NaN,
        "Net Income Continuous Operations": NaN,
        "Tax Provision": NaN,
        "Pretax Income": NaN,
        "Other Income Expense": NaN,
        "Other Non Operating Income Expenses": NaN,
        "Special Income Charges": 0.0,
        "Net Non Operating Interest Income Expense": NaN,
        "Interest Expense Non Operating": NaN,
        "Operating Income": NaN,
        "Operating Expense": NaN,
        "Research And Development": NaN,
        "Selling General And Administration": NaN,
        "Gross Profit": NaN,
        "Cost Of Revenue": NaN,
        "Total Revenue": NaN,
        "Operating Revenue": NaN
    },
    "2024-03-31": {
        "Tax Effect Of Unusual Items": 0.0,
        "Tax Rate For Calcs": 0.218,
        "Normalized EBITDA": 179154000.0,
        "Total Unusual Items": NaN,
        "Total Unusual Items Excluding Goodwill": NaN,
        "Net Income From Continuing Operation Net Minority Interest": 107732000.0,
        "Reconciled Depreciation": 25807000.0,
        "Reconciled Cost Of Revenue": 480371000.0,
        "EBITDA": 179154000.0,
        "EBIT": 153347000.0,
        "Net Interest Income": -15654000.0,
        "Interest Expense": 15654000.0,
        "Normalized Income": 107732000.0,
        "Net Income From Continuing And Discontinued Operation": 107732000.0,
        "Total Expenses": 555936000.0,
        "Total Operating Income As Reported": 140800000.0,
        "Diluted Average Shares": 9593232.0,
        "Basic Average Shares": 9593232.0,
        "Diluted EPS": 11.23,
        "Basic EPS": 11.23,
        "Diluted NI Availto Com Stockholders": 107359000.0,
        "Net Income Common Stockholders": 107359000.0,
        "Otherunder Preferred Stock Dividend": 373000.0,
        "Net Income": 107732000.0,
        "Net Income Including Noncontrolling Interests": 107732000.0,
        "Net Income Continuous Operations": 107732000.0,
        "Tax Provision": 29961000.0,
        "Pretax Income": 137693000.0,
        "Other Income Expense": 12547000.0,
        "Other Non Operating Income Expenses": 12547000.0,
        "Special Income Charges": NaN,
        "Net Non Operating Interest Income Expense": -15654000.0,
        "Interest Expense Non Operating": 15654000.0,
        "Operating Income": 140800000.0,
        "Operating Expense": 75565000.0,
        "Research And Development": 31200000.0,
        "Selling General And Administration": 44365000.0,
        "Gross Profit": 216365000.0,
        "Cost Of Revenue": 480371000.0,
        "Total Revenue": 696736000.0,
        "Operating Revenue": 696736000.0
    },
    "2024-06-30": {
        "Tax Effect Of Unusual Items": 0.0,
        "Tax Rate For Calcs": 0.219,
        "Normalized EBITDA": 188227000.0,
        "Total Unusual Items": NaN,
        "Total Unusual Items Excluding Goodwill": NaN,
        "Net Income From Continuing Operation Net Minority Interest": 111620000.0,
        "Reconciled Depreciation": 29323000.0,
        "Reconciled Cost Of Revenue": 491773000.0,
        "EBITDA": 188227000.0,
        "EBIT": 158904000.0,
        "Net Interest Income": -15910000.0,
        "Interest Expense": 15910000.0,
        "Normalized Income": 111620000.0,
        "Net Income From Continuing And Discontinued Operation": 111620000.0,
        "Total Expenses": 563276000.0,
        "Total Operating Income As Reported": 146952000.0,
        "Diluted Average Shares": 9597592.0,
        "Basic Average Shares": 9597592.0,
        "Diluted EPS": 11.63,
        "Basic EPS": 11.63,
        "Diluted NI Availto Com Stockholders": 111220000.0,
        "Net Income Common Stockholders": 111220000.0,
        "Otherunder Preferred Stock Dividend": 400000.0,
        "Net Income": 111620000.0,
        "Net Income Including Noncontrolling Interests": 111620000.0,
        "Net Income Continuous Operations": 111620000.0,
        "Tax Provision": 31374000.0,
        "Pretax Income": 142994000.0,
        "Other Income Expense": 11952000.0,
        "Other Non Operating Income Expenses": 11952000.0,
        "Special Income Charges": NaN,
        "Net Non Operating Interest Income Expense": -15910000.0,
        "Interest Expense Non Operating": 15910000.0,
        "Operating Income": 146952000.0,
        "Operating Expense": 71503000.0,
        "Research And Development": 28663000.0,
        "Selling General And Administration": 42840000.0,
        "Gross Profit": 218455000.0,
        "Cost Of Revenue": 491773000.0,
        "Total Revenue": 710228000.0,
        "Operating Revenue": 710228000.0
    },
    "2024-09-30": {
        "Tax Effect Of Unusual Items": 0.0,
        "Tax Rate For Calcs": 0.218,
        "Normalized EBITDA": 213092000.0,
        "Total Unusual Items": NaN,
        "Total Unusual Items Excluding Goodwill": NaN,
        "Net Income From Continuing Operation Net Minority Interest": 132322000.0,
        "Reconciled Depreciation": 29764000.0,
        "Reconciled Cost Of Revenue": 481107000.0,
        "EBITDA": 213092000.0,
        "EBIT": 183328000.0,
        "Net Interest Income": -14157000.0,
        "Interest Expense": 14157000.0,
        "Normalized Income": 132322000.0,
        "Net Income From Continuing And Discontinued Operation": 132322000.0,
        "Total Expenses": 555424000.0,
        "Total Operating Income As Reported": 169523000.0,
        "Diluted Average Shares": 9595504.0,
        "Basic Average Shares": 9595504.0,
        "Diluted EPS": 13.79,
        "Basic EPS": 13.79,
        "Diluted NI Availto Com Stockholders": 131848000.0,
        "Net Income Common Stockholders": 131848000.0,
        "Otherunder Preferred Stock Dividend": 474000.0,
        "Net Income": 132322000.0,
        "Net Income Including Noncontrolling Interests": 132322000.0,
        "Net Income Continuous Operations": 132322000.0,
        "Tax Provision": 36849000.0,
        "Pretax Income": 169171000.0,
        "Other Income Expense": 13805000.0,
        "Other Non Operating Income Expenses": 13805000.0,
        "Special Income Charges": NaN,
        "Net Non Operating Interest Income Expense": -14157000.0,
        "Interest Expense Non Operating": 14157000.0,
        "Operating Income": 169523000.0,
        "Operating Expense": 74317000.0,
        "Research And Development": 32193000.0,
        "Selling General And Administration": 42124000.0,
        "Gross Profit": 243840000.0,
        "Cost Of Revenue": 481107000.0,
        "Total Revenue": 724947000.0,
        "Operating Revenue": 724947000.0
    },
    "2024-12-31": {
        "Tax Effect Of Unusual Items": 0.0,
        "Tax Rate For Calcs": 0.175122,
        "Normalized EBITDA": 177957000.0,
        "Total Unusual Items": NaN,
        "Total Unusual Items Excluding Goodwill": NaN,
        "Net Income From Continuing Operation Net Minority Interest": 110739000.0,
        "Reconciled Depreciation": 32063000.0,
        "Reconciled Cost Of Revenue": 446961000.0,
        "EBITDA": 177957000.0,
        "EBIT": 145894000.0,
        "Net Interest Income": -11645000.0,
        "Interest Expense": 11645000.0,
        "Normalized Income": 110739000.0,
        "Net Income From Continuing And Discontinued Operation": 110739000.0,
        "Total Expenses": 521886000.0,
        "Total Operating Income As Reported": 132761000.0,
        "Diluted Average Shares": 9579498.0,
        "Basic Average Shares": 9579498.0,
        "Diluted EPS": 11.56,
        "Basic EPS": 11.56,
        "Diluted NI Availto Com Stockholders": 110334000.0,
        "Net Income Common Stockholders": 110334000.0,
        "Otherunder Preferred Stock Dividend": 405000.0,
        "Net Income": 110739000.0,
        "Net Income Including Noncontrolling Interests": 110739000.0,
        "Net Income Continuous Operations": 110739000.0,
        "Tax Provision": 23510000.0,
        "Pretax Income": 134249000.0,
        "Other Income Expense": 13133000.0,
        "Other Non Operating Income Expenses": 13133000.0,
        "Special Income Charges": NaN,
        "Net Non Operating Interest Income Expense": -11645000.0,
        "Interest Expense Non Operating": 11645000.0,
        "Operating Income": 132761000.0,
        "Operating Expense": 74925000.0,
        "Research And Development": 32842000.0,
        "Selling General And Administration": 42083000.0,
        "Gross Profit": 207686000.0,
        "Cost Of Revenue": 446961000.0,
        "Total Revenue": 654647000.0,
        "Operating Revenue": 654647000.0
    },
    "2025-03-31": {
        "Tax Effect Of Unusual Items": 0.0,
        "Tax Rate For Calcs": 0.233,
        "Normalized EBITDA": 203591000.0,
        "Total Unusual Items": NaN,
        "Total Unusual Items Excluding Goodwill": NaN,
        "Net Income From Continuing Operation Net Minority Interest": 125949000.0,
        "Reconciled Depreciation": 28778000.0,
        "Reconciled Cost Of Revenue": 464923000.0,
        "EBITDA": 203591000.0,
        "EBIT": 174813000.0,
        "Net Interest Income": -10700000.0,
        "Interest Expense": 10700000.0,
        "Normalized Income": 125949000.0,
        "Net Income From Continuing And Discontinued Operation": 125949000.0,
        "Total Expenses": 541077000.0,
        "Total Operating Income As Reported": 159869000.0,
        "Diluted Average Shares": 9460000.0,
        "Basic Average Shares": 9460000.0,
        "Diluted EPS": 13.26,
        "Basic EPS": 13.26,
        "Diluted NI Availto Com Stockholders": 125469000.0,
        "Net Income Common Stockholders": 125469000.0,
        "Otherunder Preferred Stock Dividend": 480000.0,
        "Net Income": 125949000.0,
        "Net Income Including Noncontrolling Interests": 125949000.0,
        "Net Income Continuous Operations": 125949000.0,
        "Tax Provision": 38164000.0,
        "Pretax Income": 164113000.0,
        "Other Income Expense": 14944000.0,
        "Other Non Operating Income Expenses": 14944000.0,
        "Special Income Charges": NaN,
        "Net Non Operating Interest Income Expense": -10700000.0,
        "Interest Expense Non Operating": 10700000.0,
        "Operating Income": 159869000.0,
        "Operating Expense": 76154000.0,
        "Research And Development": 33176000.0,
        "Selling General And Administration": 42978000.0,
        "Gross Profit": 236023000.0,
        "Cost Of Revenue": 464923000.0,
        "Total Revenue": 700946000.0,
        "Operating Revenue": 700946000.0
    }
}