{
    "2023-06-30": {
        "Tax Effect Of Unusual Items": 0.0,
        "Tax Rate For Calcs": 0.21,
        "Normalized EBITDA": -23336000.0,
        "Net Income From Continuing Operation Net Minority Interest": -37431000.0,
        "Reconciled Depreciation": 6727000.0,
        "Reconciled Cost Of Revenue": 54440000.0,
        "EBITDA": -23336000.0,
        "EBIT": -30063000.0,
        "Net Interest Income": 4164000.0,
        "Interest Expense": 429000.0,
        "Interest Income": 4593000.0,
        "Normalized Income": -37431000.0,
        "Net Income From Continuing And Discontinued Operation": -37431000.0,
        "Total Expenses": 275618000.0,
        "Total Operating Income As Reported": -32990000.0,
        "Diluted Average Shares": 69546000.0,
        "Basic Average Shares": 69546000.0,
        "Diluted EPS": -0.54,
        "Basic EPS": -0.54,
        "Diluted NI Availto Com Stockholders": -37431000.0,
        "Net Income Common Stockholders": -37431000.0,
        "Net Income": -37431000.0,
        "Minority Interests": -4109000.0,
        "Net Income Including Noncontrolling Interests": -33322000.0,
        "Net Income Continuous Operations": -33322000.0,
        "Tax Provision": 2830000.0,
        "Pretax Income": -30492000.0,
        "Other Income Expense": -1666000.0,
        "Other Non Operating Income Expenses": -1666000.0,
        "Net Non Operating Interest Income Expense": 4164000.0,
        "Interest Expense Non Operating": 429000.0,
        "Interest Income Non Operating": 4593000.0,
        "Operating Income": -32990000.0,
        "Operating Expense": 221178000.0,
        "Research And Development": 80310000.0,
        "Selling General And Administration": 140868000.0,
        "Selling And Marketing Expense": 94019000.0,
        "General And Administrative Expense": 46849000.0,
        "Other Gand A": 46849000.0,
        "Gross Profit": 188188000.0,
        "Cost Of Revenue": 54440000.0,
        "Total Revenue": 242628000.0,
        "Operating Revenue": 242628000.0
    },
    "2023-03-31": {
        "Tax Effect Of Unusual Items": 0.0,
        "Tax Rate For Calcs": 0.21,
        "Normalized EBITDA": -36977000.0,
        "Net Income From Continuing Operation Net Minority Interest": -57227000.0,
        "Reconciled Depreciation": 12391000.0,
        "Reconciled Cost Of Revenue": 56391000.0,
        "EBITDA": -36977000.0,
        "EBIT": -49368000.0,
        "Net Interest Income": 4906000.0,
        "Interest Expense": 1195000.0,
        "Interest Income": 6101000.0,
        "Normalized Income": -57227000.0,
        "Net Income From Continuing And Discontinued Operation": -57227000.0,
        "Total Expenses": 297705000.0,
        "Total Operating Income As Reported": -55213000.0,
        "Diluted Average Shares": 68791000.0,
        "Basic Average Shares": 68791000.0,
        "Diluted EPS": -0.83,
        "Basic EPS": -0.83,
        "Diluted NI Availto Com Stockholders": -57227000.0,
        "Net Income Common Stockholders": -57227000.0,
        "Net Income": -57227000.0,
        "Minority Interests": -4770000.0,
        "Net Income Including Noncontrolling Interests": -52457000.0,
        "Net Income Continuous Operations": -52457000.0,
        "Tax Provision": 1894000.0,
        "Pretax Income": -50563000.0,
        "Other Income Expense": -256000.0,
        "Other Non Operating Income Expenses": -256000.0,
        "Net Non Operating Interest Income Expense": 4906000.0,
        "Interest Expense Non Operating": 1195000.0,
        "Interest Income Non Operating": 6101000.0,
        "Operating Income": -55213000.0,
        "Operating Expense": 241314000.0,
        "Research And Development": 72539000.0,
        "Selling General And Administration": 168775000.0,
        "Selling And Marketing Expense": 104015000.0,
        "General And Administrative Expense": 64760000.0,
        "Other Gand A": 64760000.0,
        "Gross Profit": 186101000.0,
        "Cost Of Revenue": 56391000.0,
        "Total Revenue": 242492000.0,
        "Operating Revenue": 242492000.0
    },
    "2022-12-31": {
        "Tax Effect Of Unusual Items": 0.0,
        "Tax Rate For Calcs": 0.21,
        "Normalized EBITDA": -24213000.0,
        "Net Income From Continuing Operation Net Minority Interest": -26005000.0,
        "Reconciled Depreciation": 16691000.0,
        "Reconciled Cost Of Revenue": 61316000.0,
        "EBITDA": -24213000.0,
        "EBIT": -24213000.0,
        "Net Interest Income": 3402000.0,
        "Interest Expense": 1283000.0,
        "Interest Income": 4685000.0,
        "Normalized Income": -26005000.0,
        "Net Income From Continuing And Discontinued Operation": -26005000.0,
        "Total Expenses": 268853000.0,
        "Total Operating Income As Reported": -29090000.0,
        "Diluted Average Shares": 68050000.0,
        "Basic Average Shares": 68050000.0,
        "Diluted EPS": -0.38,
        "Basic EPS": -0.38,
        "Diluted NI Availto Com Stockholders": -26005000.0,
        "Net Income Common Stockholders": -26005000.0,
        "Net Income": -26005000.0,
        "Minority Interests": 607000.0,
        "Net Income Including Noncontrolling Interests": -26612000.0,
        "Net Income Continuous Operations": -26612000.0,
        "Tax Provision": 1116000.0,
        "Pretax Income": -25496000.0,
        "Other Income Expense": 192000.0,
        "Other Non Operating Income Expenses": 192000.0,
        "Net Non Operating Interest Income Expense": 3402000.0,
        "Interest Expense Non Operating": 1283000.0,
        "Interest Income Non Operating": 4685000.0,
        "Operating Income": -29090000.0,
        "Operating Expense": 207537000.0,
        "Research And Development": 69261000.0,
        "Selling General And Administration": 138276000.0,
        "Selling And Marketing Expense": 95477000.0,
        "General And Administrative Expense": 42799000.0,
        "Other Gand A": 42799000.0,
        "Gross Profit": 178447000.0,
        "Cost Of Revenue": 61316000.0,
        "Total Revenue": 239763000.0,
        "Operating Revenue": 239763000.0
    },
    "2022-09-30": {
        "Tax Effect Of Unusual Items": 0.0,
        "Tax Rate For Calcs": 0.008681,
        "Normalized EBITDA": -26225000.0,
        "Net Income From Continuing Operation Net Minority Interest": -46775000.0,
        "Reconciled Depreciation": 16430000.0,
        "Reconciled Cost Of Revenue": 64783000.0,
        "EBITDA": -26225000.0,
        "EBIT": -42655000.0,
        "Net Interest Income": 1192000.0,
        "Interest Expense": 1233000.0,
        "Interest Income": 2425000.0,
        "Normalized Income": -46775000.0,
        "Net Income From Continuing And Discontinued Operation": -46775000.0,
        "Total Expenses": 272199000.0,
        "Total Operating Income As Reported": -45287000.0,
        "Diluted Average Shares": 67207000.0,
        "Basic Average Shares": 67207000.0,
        "Diluted EPS": -0.7,
        "Basic EPS": -0.7,
        "Diluted NI Availto Com Stockholders": -46775000.0,
        "Net Income Common Stockholders": -46775000.0,
        "Net Income": -46775000.0,
        "Minority Interests": -3268000.0,
        "Net Income Including Noncontrolling Interests": -43507000.0,
        "Net Income Continuous Operations": -43507000.0,
        "Tax Provision": -381000.0,
        "Pretax Income": -43888000.0,
        "Other Income Expense": 207000.0,
        "Other Non Operating Income Expenses": 207000.0,
        "Net Non Operating Interest Income Expense": 1192000.0,
        "Interest Expense Non Operating": 1233000.0,
        "Interest Income Non Operating": 2425000.0,
        "Operating Income": -45287000.0,
        "Operating Expense": 207416000.0,
        "Research And Development": 68730000.0,
        "Selling General And Administration": 138686000.0,
        "Selling And Marketing Expense": 96203000.0,
        "General And Administrative Expense": 42483000.0,
        "Other Gand A": 42483000.0,
        "Gross Profit": 162129000.0,
        "Cost Of Revenue": 64783000.0,
        "Total Revenue": 226912000.0,
        "Operating Revenue": 226912000.0
    },
    "2022-06-30": {
        "Tax Effect Of Unusual Items": 0.0,
        "Tax Rate For Calcs": 0.4,
        "Normalized EBITDA": -36884000.0,
        "Net Income From Continuing Operation Net Minority Interest": -50239000.0,
        "Reconciled Depreciation": 17868000.0,
        "Reconciled Cost Of Revenue": 63893000.0,
        "EBITDA": -36884000.0,
        "EBIT": -54752000.0,
        "Net Interest Income": -122000.0,
        "Interest Expense": 1232000.0,
        "Interest Income": 1110000.0,
        "Normalized Income": -50239000.0,
        "Net Income From Continuing And Discontinued Operation": -50239000.0,
        "Total Expenses": 272112000.0,
        "Total Operating Income As Reported": -55653000.0,
        "Diluted Average Shares": 66421000.0,
        "Basic Average Shares": 66421000.0,
        "Diluted EPS": -0.76,
        "Basic EPS": -0.76,
        "Diluted NI Availto Com Stockholders": -50239000.0,
        "Net Income Common Stockholders": -50239000.0,
        "Net Income": -50239000.0,
        "Minority Interests": 6012000.0,
        "Net Income Including Noncontrolling Interests": -56251000.0,
        "Net Income Continuous Operations": -56251000.0,
        "Tax Provision": 267000.0,
        "Pretax Income": -55984000.0,
        "Other Income Expense": -209000.0,
        "Other Non Operating Income Expenses": -209000.0,
        "Net Non Operating Interest Income Expense": -122000.0,
        "Interest Expense Non Operating": 1232000.0,
        "Interest Income Non Operating": 1110000.0,
        "Operating Income": -55653000.0,
        "Operating Expense": 208219000.0,
        "Research And Development": 64769000.0,
        "Selling General And Administration": 143450000.0,
        "Selling And Marketing Expense": 104420000.0,
        "General And Administrative Expense": 39030000.0,
        "Other Gand A": 39030000.0,
        "Gross Profit": 152566000.0,
        "Cost Of Revenue": 63893000.0,
        "Total Revenue": 216459000.0,
        "Operating Revenue": 216459000.0
    },
    "2022-03-31": {
        "Diluted EPS": -0.84,
        "Total Revenue": 206,
        "Gross Profit": 142,
        "Operating Income": -56,
        "EBIT": -36,
        "Net Income": -56
    },
    "2021-12-31": {
        "Diluted EPS": -0.96,
        "Total Revenue": 204,
        "Gross Profit": 135,
        "Operating Income": -52,
        "EBIT": -30,
        "Net Income": -63
    },
    "2021-09-30": {
        "Diluted EPS": -0.84,
        "Total Revenue": 196,
        "Gross Profit": 131,
        "Operating Income": -47,
        "EBIT": -24,
        "Net Income": -54
    },
    "2021-06-30": {
        "Diluted EPS": -1.24,
        "Total Revenue": 180,
        "Gross Profit": 121,
        "Operating Income": -74,
        "EBIT": -50,
        "Net Income": -78
    },
    "2021-03-31": {
        "Diluted EPS": -0.98,
        "Total Revenue": 173,
        "Gross Profit": 116,
        "Operating Income": -54,
        "EBIT": -26,
        "Net Income": -62
    },
    "2020-12-31": {
        "Diluted EPS": -0.88,
        "Total Revenue": 166,
        "Gross Profit": 120,
        "Operating Income": -48,
        "EBIT": -20,
        "Net Income": -54
    },
    "2020-09-30": {
        "Diluted EPS": -0.79,
        "Total Revenue": 166,
        "Gross Profit": 121,
        "Operating Income": -43,
        "EBIT": -15,
        "Net Income": -48
    },
    "2020-06-30": {
        "Diluted EPS": -0.5,
        "Total Revenue": 163,
        "Gross Profit": 129,
        "Operating Income": -26,
        "EBIT": 0,
        "Net Income": -30
    },
    "2020-03-31": {
        "Diluted EPS": -0.48,
        "Total Revenue": 160,
        "Gross Profit": 132,
        "Operating Income": -27,
        "EBIT": -3,
        "Net Income": -28
    },
    "2019-12-31": {
        "Diluted EPS": -0.46,
        "Total Revenue": 153,
        "Gross Profit": 127,
        "Operating Income": -24,
        "EBIT": 0,
        "Net Income": -27
    },
    "2019-09-30": {
        "Diluted EPS": -0.32,
        "Total Revenue": 146,
        "Gross Profit": 121,
        "Operating Income": -17,
        "EBIT": 9,
        "Net Income": -19
    },
    "2019-06-30": {
        "Diluted EPS": -0.26,
        "Total Revenue": 141,
        "Gross Profit": 117,
        "Operating Income": -17,
        "EBIT": 4,
        "Net Income": -15
    },
    "2019-03-31": {
        "Diluted EPS": -0.29,
        "Total Revenue": 132,
        "Gross Profit": 110,
        "Operating Income": -15,
        "EBIT": 5,
        "Net Income": -17
    },
    "2018-12-31": {
        "Diluted EPS": -0.18,
        "Total Revenue": 124,
        "Gross Profit": 104,
        "Operating Income": -9,
        "EBIT": 10,
        "Net Income": -10
    },
    "2018-09-30": {
        "Diluted EPS": -0.15,
        "Total Revenue": 115,
        "Gross Profit": 96,
        "Operating Income": -6,
        "EBIT": 12,
        "Net Income": -8
    },
    "2018-06-30": {
        "Diluted EPS": -0.1,
        "Total Revenue": 108,
        "Gross Profit": 91,
        "Operating Income": -4,
        "EBIT": 11,
        "Net Income": -6
    },
    "2018-03-31": {
        "Diluted EPS": -0.12,
        "Total Revenue": 98,
        "Gross Profit": 82,
        "Operating Income": -8,
        "EBIT": -2,
        "Net Income": -7
    },
    "2017-12-31": {
        "Diluted EPS": -0.14,
        "Total Revenue": 92,
        "Gross Profit": 76,
        "Operating Income": -8,
        "EBIT": -2,
        "Net Income": -8
    },
    "2017-09-30": {
        "Diluted EPS": -0.27,
        "Total Revenue": 85,
        "Gross Profit": 69,
        "Operating Income": -15,
        "EBIT": -9,
        "Net Income": -15
    },
    "2017-06-30": {
        "Diluted EPS": -0.3,
        "Total Revenue": 80,
        "Gross Profit": 65,
        "Operating Income": -16,
        "EBIT": -11,
        "Net Income": -16
    },
    "2017-03-31": {
        "Diluted EPS": -0.27,
        "Total Revenue": 73,
        "Gross Profit": 59,
        "Operating Income": -15,
        "EBIT": -10,
        "Net Income": -15
    },
    "2016-12-31": {
        "Diluted EPS": -0.27,
        "Total Revenue": 68,
        "Gross Profit": 55,
        "Operating Income": -14,
        "EBIT": -9,
        "Net Income": -14
    },
    "2016-09-30": {
        "Diluted EPS": -0.28,
        "Total Revenue": 63,
        "Gross Profit": 52,
        "Operating Income": -14,
        "EBIT": -10,
        "Net Income": -14
    },
    "2016-06-30": {
        "Diluted EPS": -0.36,
        "Total Revenue": 59,
        "Gross Profit": 47,
        "Operating Income": -18,
        "EBIT": -14,
        "Net Income": -18
    },
    "2016-03-31": {
        "Diluted EPS": -0.39,
        "Total Revenue": 52,
        "Gross Profit": 42,
        "Operating Income": -19,
        "EBIT": -15,
        "Net Income": -19
    },
    "2015-12-31": {
        "Diluted EPS": -0.37,
        "Total Revenue": 48,
        "Gross Profit": 38,
        "Operating Income": -18,
        "EBIT": -14,
        "Net Income": -18
    },
    "2015-09-30": {
        "Diluted EPS": -0.31,
        "Total Revenue": 43,
        "Gross Profit": 34,
        "Operating Income": -15,
        "EBIT": -11,
        "Net Income": -15
    },
    "2015-06-30": {
        "Diluted EPS": -0.32,
        "Total Revenue": 38,
        "Gross Profit": 30,
        "Operating Income": -15,
        "EBIT": -12,
        "Net Income": -15
    },
    "2015-03-31": {
        "Diluted EPS": -0.05,
        "Total Revenue": 33,
        "Gross Profit": 27,
        "Operating Income": -15,
        "EBIT": -12,
        "Net Income": -15
    },
    "2014-12-31": {
        "Diluted EPS": -0.7,
        "Total Revenue": 29,
        "Gross Profit": 23,
        "Operating Income": -16,
        "EBIT": -13,
        "Net Income": -16
    },
    "2014-09-30": {
        "Diluted EPS": -0.58,
        "Total Revenue": 25,
        "Gross Profit": 20,
        "Operating Income": -9,
        "EBIT": -7,
        "Net Income": -9
    },
    "2014-06-30": {
        "Diluted EPS": -0.65,
        "Total Revenue": 23,
        "Gross Profit": 19,
        "Operating Income": -10,
        "EBIT": -9,
        "Net Income": -10
    },
    "2014-03-31": {
        "Diluted EPS": 0.0,
        "Total Revenue": NaN,
        "Gross Profit": NaN,
        "Operating Income": NaN,
        "EBIT": NaN,
        "Net Income": NaN
    },
    "2013-12-31": {
        "Diluted EPS": -0.76,
        "Total Revenue": 17,
        "Gross Profit": 14,
        "Operating Income": -12,
        "EBIT": -12,
        "Net Income": -12
    },
    "2013-03-31": {
        "Diluted EPS": 0.0,
        "Total Revenue": NaN,
        "Gross Profit": NaN,
        "Operating Income": NaN,
        "EBIT": NaN,
        "Net Income": NaN
    },
    "2012-03-31": {
        "Diluted EPS": 0.0,
        "Total Revenue": NaN,
        "Gross Profit": NaN,
        "Operating Income": NaN,
        "EBIT": NaN,
        "Net Income": NaN
    },
    "2023-09-30": {
        "Tax Effect Of Unusual Items": 0.0,
        "Tax Rate For Calcs": 0.21,
        "Normalized EBITDA": -11059000.0,
        "Net Income From Continuing Operation Net Minority Interest": -23752000.0,
        "Reconciled Depreciation": 5599000.0,
        "Reconciled Cost Of Revenue": 52709000.0,
        "EBITDA": -11059000.0,
        "EBIT": -16658000.0,
        "Net Interest Income": 3881000.0,
        "Interest Expense": 15000.0,
        "Interest Income": 3896000.0,
        "Normalized Income": -23752000.0,
        "Net Income From Continuing And Discontinued Operation": -23752000.0,
        "Total Expenses": 263236000.0,
        "Total Operating Income As Reported": -20479000.0,
        "Diluted Average Shares": 70484000.0,
        "Basic Average Shares": 70484000.0,
        "Diluted EPS": -0.34,
        "Basic EPS": -0.34,
        "Diluted NI Availto Com Stockholders": -23752000.0,
        "Net Income Common Stockholders": -23752000.0,
        "Net Income": -23752000.0,
        "Minority Interests": -7003000.0,
        "Net Income Including Noncontrolling Interests": -16749000.0,
        "Net Income Continuous Operations": -16749000.0,
        "Tax Provision": 76000.0,
        "Pretax Income": -16673000.0,
        "Other Income Expense": -75000.0,
        "Other Non Operating Income Expenses": -75000.0,
        "Net Non Operating Interest Income Expense": 3881000.0,
        "Interest Expense Non Operating": 15000.0,
        "Interest Income Non Operating": 3896000.0,
        "Operating Income": -20479000.0,
        "Operating Expense": 210527000.0,
        "Research And Development": 69411000.0,
        "Selling General And Administration": 141116000.0,
        "Selling And Marketing Expense": 84096000.0,
        "General And Administrative Expense": 57020000.0,
        "Other Gand A": 57020000.0,
        "Gross Profit": 190048000.0,
        "Cost Of Revenue": 52709000.0,
        "Total Revenue": 242757000.0,
        "Operating Revenue": 242757000.0
    }
}