{
    "2023-06-30": {
        "Tax Effect Of Unusual Items": 0.0,
        "Tax Rate For Calcs": 0.274294,
        "Net Income From Continuing Operation Net Minority Interest": 9559000.0,
        "Reconciled Depreciation": 2127000.0,
        "Net Interest Income": 30434000.0,
        "Interest Expense": 20509000.0,
        "Interest Income": 50943000.0,
        "Normalized Income": 9559000.0,
        "Net Income From Continuing And Discontinued Operation": 9559000.0,
        "Diluted Average Shares": 43952939.0,
        "Basic Average Shares": 43914110.0,
        "Diluted EPS": 0.22,
        "Basic EPS": 0.22,
        "Diluted NI Availto Com Stockholders": 9559000.0,
        "Net Income Common Stockholders": 9559000.0,
        "Net Income": 9559000.0,
        "Net Income Including Noncontrolling Interests": 9559000.0,
        "Net Income Continuous Operations": 9559000.0,
        "Tax Provision": 3613000.0,
        "Pretax Income": 13172000.0,
        "Gain On Sale Of Security": 488000.0,
        "Selling General And Administration": 13494000.0,
        "Selling And Marketing Expense": 573000.0,
        "General And Administrative Expense": 12921000.0,
        "Insurance And Claims": 568000.0,
        "Salaries And Wages": 12353000.0,
        "Total Revenue": 33977000.0,
        "Operating Revenue": 33977000.0,
        "Occupancy And Equipment": 3704000.0,
        "Professional Expense And Contract Services Expense": 768000.0,
        "Other Non Interest Expense": 3470000.0
    },
    "2023-03-31": {
        "Tax Effect Of Unusual Items": 0.0,
        "Tax Rate For Calcs": 0.279,
        "Net Income From Continuing Operation Net Minority Interest": 11707000.0,
        "Reconciled Depreciation": 2108000.0,
        "Net Interest Income": 34431000.0,
        "Interest Expense": 15031000.0,
        "Interest Income": 49462000.0,
        "Normalized Income": 11707000.0,
        "Net Income From Continuing And Discontinued Operation": 11707000.0,
        "Diluted Average Shares": 44928905.0,
        "Basic Average Shares": 44784228.0,
        "Diluted EPS": 0.26,
        "Basic EPS": 0.26,
        "Diluted NI Availto Com Stockholders": 11707000.0,
        "Net Income Common Stockholders": 11707000.0,
        "Net Income": 11707000.0,
        "Net Income Including Noncontrolling Interests": 11707000.0,
        "Net Income Continuous Operations": 11707000.0,
        "Tax Provision": 4529000.0,
        "Pretax Income": 16236000.0,
        "Gain On Sale Of Security": 1000.0,
        "Selling General And Administration": 12488000.0,
        "Selling And Marketing Expense": 847000.0,
        "General And Administrative Expense": 11641000.0,
        "Insurance And Claims": 604000.0,
        "Salaries And Wages": 11037000.0,
        "Total Revenue": 38228000.0,
        "Operating Revenue": 38228000.0,
        "Occupancy And Equipment": 3826000.0,
        "Professional Expense And Contract Services Expense": 971000.0,
        "Other Non Interest Expense": 3732000.0
    },
    "2022-12-31": {
        "Tax Effect Of Unusual Items": 0.0,
        "Tax Rate For Calcs": 0.281445,
        "Net Income From Continuing Operation Net Minority Interest": 14139000.0,
        "Reconciled Depreciation": 2092000.0,
        "Net Interest Income": 38955000.0,
        "Interest Expense": 9419000.0,
        "Interest Income": 48374000.0,
        "Normalized Income": 14139000.0,
        "Net Income From Continuing And Discontinued Operation": 14139000.0,
        "Diluted Average Shares": 45789419.0,
        "Basic Average Shares": 45486423.0,
        "Diluted EPS": 0.31,
        "Basic EPS": 0.31,
        "Diluted NI Availto Com Stockholders": 14139000.0,
        "Net Income Common Stockholders": 14139000.0,
        "Net Income": 14139000.0,
        "Net Income Including Noncontrolling Interests": 14139000.0,
        "Net Income Continuous Operations": 14139000.0,
        "Tax Provision": 5538000.0,
        "Pretax Income": 19677000.0,
        "Gain On Sale Of Security": 600000.0,
        "Selling General And Administration": 13493000.0,
        "Selling And Marketing Expense": 902000.0,
        "General And Administrative Expense": 12591000.0,
        "Insurance And Claims": 339000.0,
        "Salaries And Wages": 12252000.0,
        "Total Revenue": 42560000.0,
        "Operating Revenue": 42560000.0
    },
    "2022-09-30": {
        "Tax Effect Of Unusual Items": NaN,
        "Tax Rate For Calcs": NaN,
        "Net Income From Continuing Operation Net Minority Interest": NaN,
        "Reconciled Depreciation": NaN,
        "Net Interest Income": NaN,
        "Interest Expense": NaN,
        "Interest Income": NaN,
        "Normalized Income": NaN,
        "Net Income From Continuing And Discontinued Operation": NaN,
        "Diluted Average Shares": NaN,
        "Basic Average Shares": NaN,
        "Diluted EPS": NaN,
        "Basic EPS": NaN,
        "Diluted NI Availto Com Stockholders": NaN,
        "Net Income Common Stockholders": NaN,
        "Net Income": NaN,
        "Net Income Including Noncontrolling Interests": NaN,
        "Net Income Continuous Operations": NaN,
        "Tax Provision": NaN,
        "Pretax Income": NaN,
        "Gain On Sale Of Security": NaN,
        "Selling General And Administration": NaN,
        "Selling And Marketing Expense": NaN,
        "General And Administrative Expense": NaN,
        "Other Gand A": 1847000.0,
        "Insurance And Claims": NaN,
        "Salaries And Wages": NaN,
        "Total Revenue": NaN,
        "Operating Revenue": NaN
    },
    "2022-06-30": {
        "Tax Effect Of Unusual Items": 0.0,
        "Tax Rate For Calcs": 0.278,
        "Net Income From Continuing Operation Net Minority Interest": 15874000.0,
        "Reconciled Depreciation": 2152000.0,
        "Net Interest Income": 39825000.0,
        "Interest Expense": 3371000.0,
        "Interest Income": 43196000.0,
        "Normalized Income": 15874000.0,
        "Net Income From Continuing And Discontinued Operation": 15874000.0,
        "Diluted Average Shares": 46638113.0,
        "Basic Average Shares": 46591723.0,
        "Diluted EPS": 0.34,
        "Basic EPS": 0.34,
        "Diluted NI Availto Com Stockholders": 15874000.0,
        "Net Income Common Stockholders": 15874000.0,
        "Net Income": 15874000.0,
        "Net Income Including Noncontrolling Interests": 15874000.0,
        "Net Income Continuous Operations": 15874000.0,
        "Tax Provision": 6114000.0,
        "Pretax Income": 21988000.0,
        "Gain On Sale Of Security": -1563000.0,
        "Selling General And Administration": 10177000.0,
        "Selling And Marketing Expense": 404000.0,
        "General And Administrative Expense": 9773000.0,
        "Other Gand A": 1762000.0,
        "Insurance And Claims": 355000.0,
        "Salaries And Wages": 9418000.0,
        "Total Revenue": 40850000.0,
        "Operating Revenue": 40850000.0
    },
    "2022-03-31": {
        "Diluted EPS": 0.3,
        "Total Revenue": 42,
        "Gross Profit": 39,
        "Operating Income": 19,
        "EBIT": NaN,
        "Net Income": 14
    },
    "2021-12-31": {
        "Diluted EPS": 0.34,
        "Total Revenue": 46,
        "Gross Profit": 43,
        "Operating Income": 22,
        "EBIT": NaN,
        "Net Income": 16
    },
    "2021-09-30": {
        "Diluted EPS": 0.33,
        "Total Revenue": 45,
        "Gross Profit": 41,
        "Operating Income": 22,
        "EBIT": NaN,
        "Net Income": 16
    },
    "2021-06-30": {
        "Diluted EPS": 0.4,
        "Total Revenue": 48,
        "Gross Profit": 44,
        "Operating Income": 27,
        "EBIT": NaN,
        "Net Income": 20
    },
    "2021-03-31": {
        "Diluted EPS": 0.38,
        "Total Revenue": 48,
        "Gross Profit": 43,
        "Operating Income": 26,
        "EBIT": NaN,
        "Net Income": 19
    },
    "2020-12-31": {
        "Diluted EPS": 0.26,
        "Total Revenue": 47,
        "Gross Profit": 41,
        "Operating Income": 17,
        "EBIT": NaN,
        "Net Income": 13
    },
    "2020-09-30": {
        "Diluted EPS": 0.17,
        "Total Revenue": 44,
        "Gross Profit": 36,
        "Operating Income": 12,
        "EBIT": NaN,
        "Net Income": 9
    },
    "2020-06-30": {
        "Diluted EPS": 0.23,
        "Total Revenue": 45,
        "Gross Profit": 34,
        "Operating Income": 15,
        "EBIT": NaN,
        "Net Income": 11
    },
    "2020-03-31": {
        "Diluted EPS": 0.1,
        "Total Revenue": 43,
        "Gross Profit": 30,
        "Operating Income": 6,
        "EBIT": NaN,
        "Net Income": 5
    },
    "2019-12-31": {
        "Diluted EPS": 0.21,
        "Total Revenue": 47,
        "Gross Profit": 33,
        "Operating Income": 13,
        "EBIT": NaN,
        "Net Income": 10
    },
    "2019-09-30": {
        "Diluted EPS": 0.28,
        "Total Revenue": 48,
        "Gross Profit": 34,
        "Operating Income": 18,
        "EBIT": NaN,
        "Net Income": 13
    },
    "2019-06-30": {
        "Diluted EPS": 0.17,
        "Total Revenue": 43,
        "Gross Profit": 30,
        "Operating Income": 10,
        "EBIT": NaN,
        "Net Income": 8
    },
    "2019-03-31": {
        "Diluted EPS": 0.19,
        "Total Revenue": 43,
        "Gross Profit": 31,
        "Operating Income": 11,
        "EBIT": NaN,
        "Net Income": 9
    },
    "2018-12-31": {
        "Diluted EPS": 0.21,
        "Total Revenue": 40,
        "Gross Profit": 29,
        "Operating Income": 12,
        "EBIT": NaN,
        "Net Income": 10
    },
    "2018-09-30": {
        "Diluted EPS": 0.19,
        "Total Revenue": 40,
        "Gross Profit": 31,
        "Operating Income": 12,
        "EBIT": NaN,
        "Net Income": 9
    },
    "2018-06-30": {
        "Diluted EPS": 0.23,
        "Total Revenue": 38,
        "Gross Profit": 30,
        "Operating Income": 13,
        "EBIT": NaN,
        "Net Income": 11
    },
    "2018-03-31": {
        "Diluted EPS": 0.22,
        "Total Revenue": 37,
        "Gross Profit": 30,
        "Operating Income": 13,
        "EBIT": NaN,
        "Net Income": 10
    },
    "2017-12-31": {
        "Diluted EPS": -0.03,
        "Total Revenue": 37,
        "Gross Profit": 30,
        "Operating Income": 14,
        "EBIT": NaN,
        "Net Income": -2
    },
    "2017-09-30": {
        "Diluted EPS": 0.17,
        "Total Revenue": 36,
        "Gross Profit": 30,
        "Operating Income": 13,
        "EBIT": NaN,
        "Net Income": 8
    },
    "2017-06-30": {
        "Diluted EPS": 0.18,
        "Total Revenue": 35,
        "Gross Profit": 29,
        "Operating Income": 12,
        "EBIT": NaN,
        "Net Income": 8
    },
    "2017-03-31": {
        "Diluted EPS": 0.21,
        "Total Revenue": 36,
        "Gross Profit": 31,
        "Operating Income": 13,
        "EBIT": NaN,
        "Net Income": 10
    },
    "2016-12-31": {
        "Diluted EPS": 0.18,
        "Total Revenue": 35,
        "Gross Profit": 29,
        "Operating Income": 12,
        "EBIT": NaN,
        "Net Income": 8
    },
    "2016-09-30": {
        "Diluted EPS": 0.16,
        "Total Revenue": 34,
        "Gross Profit": 29,
        "Operating Income": 11,
        "EBIT": NaN,
        "Net Income": 7
    },
    "2016-06-30": {
        "Diluted EPS": 0.15,
        "Total Revenue": 34,
        "Gross Profit": 28,
        "Operating Income": 11,
        "EBIT": NaN,
        "Net Income": 7
    },
    "2016-03-31": {
        "Diluted EPS": 0.08,
        "Total Revenue": 32,
        "Gross Profit": 27,
        "Operating Income": 6,
        "EBIT": NaN,
        "Net Income": 4
    },
    "2015-12-31": {
        "Diluted EPS": 0.13,
        "Total Revenue": 29,
        "Gross Profit": 23,
        "Operating Income": 9,
        "EBIT": NaN,
        "Net Income": 6
    },
    "2015-09-30": {
        "Diluted EPS": 0.11,
        "Total Revenue": 27,
        "Gross Profit": 22,
        "Operating Income": 7,
        "EBIT": NaN,
        "Net Income": 5
    },
    "2015-06-30": {
        "Diluted EPS": 0.1,
        "Total Revenue": 27,
        "Gross Profit": 22,
        "Operating Income": 8,
        "EBIT": NaN,
        "Net Income": 4
    },
    "2015-03-31": {
        "Diluted EPS": 0.11,
        "Total Revenue": 27,
        "Gross Profit": 22,
        "Operating Income": 8,
        "EBIT": NaN,
        "Net Income": 5
    },
    "2014-12-31": {
        "Diluted EPS": 0.1,
        "Total Revenue": 26,
        "Gross Profit": 22,
        "Operating Income": 8,
        "EBIT": NaN,
        "Net Income": 5
    },
    "2014-09-30": {
        "Diluted EPS": 0.1,
        "Total Revenue": 25,
        "Gross Profit": 21,
        "Operating Income": 7,
        "EBIT": NaN,
        "Net Income": 5
    },
    "2014-06-30": {
        "Diluted EPS": 0.11,
        "Total Revenue": 25,
        "Gross Profit": 21,
        "Operating Income": 8,
        "EBIT": NaN,
        "Net Income": 5
    },
    "2014-03-31": {
        "Diluted EPS": 0.1,
        "Total Revenue": 25,
        "Gross Profit": 21,
        "Operating Income": 9,
        "EBIT": NaN,
        "Net Income": 5
    },
    "2013-12-31": {
        "Diluted EPS": 0.08,
        "Total Revenue": 25,
        "Gross Profit": 21,
        "Operating Income": 8,
        "EBIT": NaN,
        "Net Income": 5
    },
    "2013-09-30": {
        "Diluted EPS": 0.09,
        "Total Revenue": 26,
        "Gross Profit": 22,
        "Operating Income": 8,
        "EBIT": NaN,
        "Net Income": 5
    },
    "2013-06-30": {
        "Diluted EPS": 0.08,
        "Total Revenue": 25,
        "Gross Profit": 20,
        "Operating Income": 7,
        "EBIT": NaN,
        "Net Income": 4
    },
    "2013-03-31": {
        "Diluted EPS": 0.09,
        "Total Revenue": 27,
        "Gross Profit": 22,
        "Operating Income": 7,
        "EBIT": NaN,
        "Net Income": 5
    },
    "2012-12-31": {
        "Diluted EPS": 0.06,
        "Total Revenue": 25,
        "Gross Profit": 19,
        "Operating Income": 5,
        "EBIT": NaN,
        "Net Income": 3
    },
    "2012-09-30": {
        "Diluted EPS": 0.07,
        "Total Revenue": 24,
        "Gross Profit": 19,
        "Operating Income": 6,
        "EBIT": NaN,
        "Net Income": 4
    },
    "2012-06-30": {
        "Diluted EPS": 0.07,
        "Total Revenue": 24,
        "Gross Profit": 18,
        "Operating Income": 6,
        "EBIT": NaN,
        "Net Income": 4
    },
    "2012-03-31": {
        "Diluted EPS": 0.09,
        "Total Revenue": 27,
        "Gross Profit": 21,
        "Operating Income": 8,
        "EBIT": NaN,
        "Net Income": 5
    },
    "2011-12-31": {
        "Diluted EPS": 0.07,
        "Total Revenue": 29,
        "Gross Profit": 23,
        "Operating Income": 3,
        "EBIT": NaN,
        "Net Income": 4
    },
    "2011-09-30": {
        "Diluted EPS": 0.06,
        "Total Revenue": 24,
        "Gross Profit": 18,
        "Operating Income": 6,
        "EBIT": NaN,
        "Net Income": 4
    },
    "2011-06-30": {
        "Diluted EPS": 0.08,
        "Total Revenue": 25,
        "Gross Profit": 18,
        "Operating Income": 7,
        "EBIT": NaN,
        "Net Income": 4
    },
    "2011-03-31": {
        "Diluted EPS": 0.09,
        "Total Revenue": 25,
        "Gross Profit": 19,
        "Operating Income": 8,
        "EBIT": NaN,
        "Net Income": 5
    },
    "2010-12-31": {
        "Diluted EPS": 0.07,
        "Total Revenue": 24,
        "Gross Profit": 18,
        "Operating Income": 6,
        "EBIT": NaN,
        "Net Income": 4
    },
    "2010-09-30": {
        "Diluted EPS": 0.04,
        "Total Revenue": 23,
        "Gross Profit": 17,
        "Operating Income": 3,
        "EBIT": NaN,
        "Net Income": 2
    },
    "2010-06-30": {
        "Diluted EPS": 0.07,
        "Total Revenue": 24,
        "Gross Profit": 18,
        "Operating Income": 7,
        "EBIT": NaN,
        "Net Income": 4
    },
    "2010-03-31": {
        "Diluted EPS": 0.06,
        "Total Revenue": 23,
        "Gross Profit": 16,
        "Operating Income": 5,
        "EBIT": NaN,
        "Net Income": 3
    },
    "2009-12-31": {
        "Diluted EPS": 0.06,
        "Total Revenue": 24,
        "Gross Profit": 17,
        "Operating Income": 6,
        "EBIT": NaN,
        "Net Income": 4
    },
    "2009-09-30": {
        "Diluted EPS": 0.06,
        "Total Revenue": 23,
        "Gross Profit": 16,
        "Operating Income": 5,
        "EBIT": NaN,
        "Net Income": 3
    },
    "2009-06-30": {
        "Diluted EPS": 0.04,
        "Total Revenue": 23,
        "Gross Profit": 15,
        "Operating Income": 3,
        "EBIT": NaN,
        "Net Income": 2
    },
    "2009-03-31": {
        "Diluted EPS": 0.04,
        "Total Revenue": 21,
        "Gross Profit": 14,
        "Operating Income": 4,
        "EBIT": NaN,
        "Net Income": 3
    },
    "2023-09-30": {
        "Tax Effect Of Unusual Items": NaN,
        "Tax Rate For Calcs": NaN,
        "Net Income From Continuing Operation Net Minority Interest": NaN,
        "Reconciled Depreciation": NaN,
        "Net Interest Income": NaN,
        "Interest Expense": NaN,
        "Interest Income": NaN,
        "Normalized Income": NaN,
        "Net Income From Continuing And Discontinued Operation": NaN,
        "Diluted Average Shares": 42918174.0,
        "Basic Average Shares": 42866246.0,
        "Diluted EPS": 0.19,
        "Basic EPS": 0.19,
        "Diluted NI Availto Com Stockholders": NaN,
        "Net Income Common Stockholders": NaN,
        "Net Income": NaN,
        "Net Income Including Noncontrolling Interests": NaN,
        "Net Income Continuous Operations": NaN,
        "Tax Provision": NaN,
        "Pretax Income": NaN,
        "Gain On Sale Of Security": NaN,
        "Selling General And Administration": NaN,
        "Selling And Marketing Expense": NaN,
        "General And Administrative Expense": NaN,
        "Insurance And Claims": NaN,
        "Salaries And Wages": NaN,
        "Total Revenue": NaN,
        "Operating Revenue": NaN,
        "Occupancy And Equipment": NaN,
        "Professional Expense And Contract Services Expense": NaN,
        "Other Non Interest Expense": NaN
    },
    "2023-12-31": {
        "Tax Effect Of Unusual Items": 0.0,
        "Tax Rate For Calcs": 0.272003,
        "Net Income From Continuing Operation Net Minority Interest": 8222000.0,
        "Reconciled Depreciation": 2149000.0,
        "Net Interest Income": 27930000.0,
        "Interest Expense": 25544000.0,
        "Interest Income": 53474000.0,
        "Normalized Income": 8222000.0,
        "Net Income From Continuing And Discontinued Operation": 8222000.0,
        "Diluted Average Shares": 42780195.0,
        "Basic Average Shares": 42704541.0,
        "Diluted EPS": 0.19,
        "Basic EPS": 0.19,
        "Diluted NI Availto Com Stockholders": 8222000.0,
        "Net Income Common Stockholders": 8222000.0,
        "Net Income": 8222000.0,
        "Net Income Including Noncontrolling Interests": 8222000.0,
        "Net Income Continuous Operations": 8222000.0,
        "Tax Provision": 3072000.0,
        "Pretax Income": 11294000.0,
        "Gain On Sale Of Security": 998000.0,
        "Selling General And Administration": 13091000.0,
        "Selling And Marketing Expense": 337000.0,
        "General And Administrative Expense": 12754000.0,
        "Insurance And Claims": 568000.0,
        "Salaries And Wages": 12186000.0,
        "Total Revenue": 32545000.0,
        "Operating Revenue": 32545000.0,
        "Occupancy And Equipment": 3702000.0,
        "Professional Expense And Contract Services Expense": 784000.0,
        "Other Non Interest Expense": 3568000.0
    },
    "2024-03-31": {
        "Tax Effect Of Unusual Items": 0.0,
        "Tax Rate For Calcs": 0.27,
        "Net Income From Continuing Operation Net Minority Interest": 6214000.0,
        "Reconciled Depreciation": 2131000.0,
        "Net Interest Income": 26914000.0,
        "Interest Expense": 30764000.0,
        "Interest Income": 57678000.0,
        "Normalized Income": 6214000.0,
        "Net Income From Continuing And Discontinued Operation": 6214000.0,
        "Diluted Average Shares": 42408953.0,
        "Basic Average Shares": 42367243.0,
        "Diluted EPS": 0.15,
        "Basic EPS": 0.15,
        "Diluted NI Availto Com Stockholders": 6214000.0,
        "Net Income Common Stockholders": 6214000.0,
        "Net Income": 6214000.0,
        "Net Income Including Noncontrolling Interests": 6214000.0,
        "Net Income Continuous Operations": 6214000.0,
        "Tax Provision": 2304000.0,
        "Pretax Income": 8518000.0,
        "Gain On Sale Of Security": 0.0,
        "Selling General And Administration": 13871000.0,
        "Selling And Marketing Expense": 518000.0,
        "General And Administrative Expense": 13353000.0,
        "Insurance And Claims": 588000.0,
        "Salaries And Wages": 12765000.0,
        "Total Revenue": 31265000.0,
        "Operating Revenue": 31265000.0,
        "Occupancy And Equipment": 4037000.0,
        "Professional Expense And Contract Services Expense": 809000.0,
        "Other Non Interest Expense": 3532000.0
    },
    "2024-06-30": {
        "Tax Effect Of Unusual Items": 0.0,
        "Tax Rate For Calcs": 0.35,
        "Net Income From Continuing Operation Net Minority Interest": 5957000.0,
        "Reconciled Depreciation": 2077000.0,
        "Net Interest Income": 27752000.0,
        "Interest Expense": 31533000.0,
        "Interest Income": 59285000.0,
        "Normalized Income": 5957000.0,
        "Net Income From Continuing And Discontinued Operation": 5957000.0,
        "Diluted Average Shares": 42002650.0,
        "Basic Average Shares": 41999541.0,
        "Diluted EPS": 0.14,
        "Basic EPS": 0.14,
        "Diluted NI Availto Com Stockholders": 5957000.0,
        "Net Income Common Stockholders": 5957000.0,
        "Net Income": 5957000.0,
        "Net Income Including Noncontrolling Interests": 5957000.0,
        "Net Income Continuous Operations": 5957000.0,
        "Tax Provision": 3214000.0,
        "Pretax Income": 9171000.0,
        "Gain On Sale Of Security": 189000.0,
        "Selling General And Administration": 14519000.0,
        "Selling And Marketing Expense": 482000.0,
        "General And Administrative Expense": 14037000.0,
        "Insurance And Claims": 649000.0,
        "Salaries And Wages": 13388000.0,
        "Total Revenue": 31546000.0,
        "Operating Revenue": 31546000.0,
        "Occupancy And Equipment": 3699000.0,
        "Professional Expense And Contract Services Expense": 681000.0,
        "Other Non Interest Expense": 3991000.0
    },
    "2024-09-30": {
        "Tax Effect Of Unusual Items": 0.0,
        "Tax Rate For Calcs": 0.266,
        "Net Income From Continuing Operation Net Minority Interest": 6523000.0,
        "Reconciled Depreciation": 2052000.0,
        "Net Interest Income": 27315000.0,
        "Interest Expense": 31089000.0,
        "Interest Income": 58404000.0,
        "Normalized Income": 6523000.0,
        "Net Income From Continuing And Discontinued Operation": 6523000.0,
        "Diluted Average Shares": 41088637.0,
        "Basic Average Shares": 41028213.0,
        "Diluted EPS": 0.16,
        "Basic EPS": 0.16,
        "Diluted NI Availto Com Stockholders": 6523000.0,
        "Net Income Common Stockholders": 6523000.0,
        "Net Income": 6523000.0,
        "Net Income Including Noncontrolling Interests": 6523000.0,
        "Net Income Continuous Operations": 6523000.0,
        "Tax Provision": 2364000.0,
        "Pretax Income": 8887000.0,
        "Gain On Sale Of Security": 703000.0,
        "Selling General And Administration": 12332000.0,
        "Selling And Marketing Expense": 282000.0,
        "General And Administrative Expense": 12050000.0,
        "Insurance And Claims": 626000.0,
        "Salaries And Wages": 11424000.0,
        "Total Revenue": 31807000.0,
        "Operating Revenue": 31807000.0,
        "Occupancy And Equipment": 3480000.0,
        "Professional Expense And Contract Services Expense": 943000.0,
        "Other Non Interest Expense": 3472000.0
    },
    "2024-12-31": {
        "Tax Effect Of Unusual Items": 0.0,
        "Tax Rate For Calcs": 0.192029,
        "Net Income From Continuing Operation Net Minority Interest": 11251000.0,
        "Reconciled Depreciation": 2036000.0,
        "Net Interest Income": 28800000.0,
        "Interest Expense": 30037000.0,
        "Interest Income": 58837000.0,
        "Normalized Income": 11251000.0,
        "Net Income From Continuing And Discontinued Operation": 11251000.0,
        "Diluted Average Shares": NaN,
        "Basic Average Shares": NaN,
        "Diluted EPS": NaN,
        "Basic EPS": NaN,
        "Diluted NI Availto Com Stockholders": 11251000.0,
        "Net Income Common Stockholders": 11251000.0,
        "Net Income": 11251000.0,
        "Net Income Including Noncontrolling Interests": 11251000.0,
        "Net Income Continuous Operations": 11251000.0,
        "Tax Provision": 2674000.0,
        "Pretax Income": 13925000.0,
        "Gain On Sale Of Security": 68000.0,
        "Selling General And Administration": 12673000.0,
        "Selling And Marketing Expense": 287000.0,
        "General And Administrative Expense": 12386000.0,
        "Insurance And Claims": 625000.0,
        "Salaries And Wages": 11761000.0,
        "Total Revenue": 33287000.0,
        "Operating Revenue": 33287000.0,
        "Occupancy And Equipment": 3689000.0,
        "Professional Expense And Contract Services Expense": 762000.0,
        "Other Non Interest Expense": 3753000.0
    }
}