{
    "2023-03-31": {
        "Tax Effect Of Unusual Items": NaN,
        "Tax Rate For Calcs": NaN,
        "Normalized EBITDA": NaN,
        "Total Unusual Items": NaN,
        "Total Unusual Items Excluding Goodwill": NaN,
        "Net Income From Continuing Operation Net Minority Interest": NaN,
        "Reconciled Depreciation": NaN,
        "Reconciled Cost Of Revenue": NaN,
        "EBITDA": NaN,
        "EBIT": NaN,
        "Net Interest Income": NaN,
        "Interest Expense": NaN,
        "Normalized Income": NaN,
        "Net Income From Continuing And Discontinued Operation": NaN,
        "Total Expenses": NaN,
        "Total Operating Income As Reported": NaN,
        "Diluted Average Shares": 209325619.0,
        "Basic Average Shares": 208707385.0,
        "Diluted EPS": 0.71,
        "Basic EPS": 0.72,
        "Diluted NI Availto Com Stockholders": NaN,
        "Average Dilution Earnings": NaN,
        "Net Income Common Stockholders": NaN,
        "Preferred Stock Dividends": NaN,
        "Net Income": NaN,
        "Minority Interests": NaN,
        "Net Income Including Noncontrolling Interests": NaN,
        "Net Income Continuous Operations": NaN,
        "Tax Provision": NaN,
        "Pretax Income": NaN,
        "Other Income Expense": NaN,
        "Other Non Operating Income Expenses": NaN,
        "Special Income Charges": NaN,
        "Gain On Sale Of Ppe": 0.0,
        "Other Special Charges": NaN,
        "Impairment Of Capital Assets": NaN,
        "Restructuring And Mergern Acquisition": NaN,
        "Earnings From Equity Interest": NaN,
        "Net Non Operating Interest Income Expense": NaN,
        "Total Other Finance Cost": NaN,
        "Interest Expense Non Operating": NaN,
        "Operating Income": NaN,
        "Operating Expense": NaN,
        "Depreciation Amortization Depletion Income Statement": NaN,
        "Depreciation And Amortization In Income Statement": NaN,
        "Selling General And Administration": NaN,
        "Gross Profit": NaN,
        "Cost Of Revenue": NaN,
        "Total Revenue": NaN,
        "Operating Revenue": NaN
    },
    "2022-12-31": {
        "Tax Effect Of Unusual Items": NaN,
        "Tax Rate For Calcs": NaN,
        "Normalized EBITDA": NaN,
        "Total Unusual Items": NaN,
        "Total Unusual Items Excluding Goodwill": NaN,
        "Net Income From Continuing Operation Net Minority Interest": NaN,
        "Reconciled Depreciation": NaN,
        "Reconciled Cost Of Revenue": NaN,
        "EBITDA": NaN,
        "EBIT": NaN,
        "Net Interest Income": NaN,
        "Interest Expense": NaN,
        "Normalized Income": NaN,
        "Net Income From Continuing And Discontinued Operation": NaN,
        "Total Expenses": NaN,
        "Total Operating Income As Reported": NaN,
        "Diluted Average Shares": NaN,
        "Basic Average Shares": NaN,
        "Diluted EPS": NaN,
        "Basic EPS": NaN,
        "Diluted NI Availto Com Stockholders": NaN,
        "Average Dilution Earnings": NaN,
        "Net Income Common Stockholders": NaN,
        "Preferred Stock Dividends": NaN,
        "Net Income": NaN,
        "Minority Interests": NaN,
        "Net Income Including Noncontrolling Interests": NaN,
        "Net Income Continuous Operations": NaN,
        "Tax Provision": NaN,
        "Pretax Income": NaN,
        "Other Income Expense": NaN,
        "Other Non Operating Income Expenses": NaN,
        "Special Income Charges": NaN,
        "Gain On Sale Of Ppe": NaN,
        "Other Special Charges": 0.0,
        "Impairment Of Capital Assets": 2550000.0,
        "Restructuring And Mergern Acquisition": NaN,
        "Earnings From Equity Interest": NaN,
        "Net Non Operating Interest Income Expense": NaN,
        "Total Other Finance Cost": NaN,
        "Interest Expense Non Operating": NaN,
        "Operating Income": NaN,
        "Operating Expense": NaN,
        "Depreciation Amortization Depletion Income Statement": NaN,
        "Depreciation And Amortization In Income Statement": NaN,
        "Selling General And Administration": NaN,
        "Gross Profit": NaN,
        "Cost Of Revenue": NaN,
        "Total Revenue": NaN,
        "Operating Revenue": NaN
    },
    "2022-09-30": {
        "Tax Effect Of Unusual Items": NaN,
        "Tax Rate For Calcs": NaN,
        "Normalized EBITDA": NaN,
        "Total Unusual Items": NaN,
        "Total Unusual Items Excluding Goodwill": NaN,
        "Net Income From Continuing Operation Net Minority Interest": NaN,
        "Reconciled Depreciation": NaN,
        "Reconciled Cost Of Revenue": NaN,
        "EBITDA": NaN,
        "EBIT": NaN,
        "Net Interest Income": NaN,
        "Interest Expense": NaN,
        "Normalized Income": NaN,
        "Net Income From Continuing And Discontinued Operation": NaN,
        "Total Expenses": NaN,
        "Total Operating Income As Reported": NaN,
        "Diluted Average Shares": NaN,
        "Basic Average Shares": NaN,
        "Diluted EPS": NaN,
        "Basic EPS": NaN,
        "Diluted NI Availto Com Stockholders": NaN,
        "Net Income Common Stockholders": NaN,
        "Net Income": NaN,
        "Minority Interests": NaN,
        "Net Income Including Noncontrolling Interests": NaN,
        "Net Income Continuous Operations": NaN,
        "Tax Provision": NaN,
        "Pretax Income": NaN,
        "Other Income Expense": NaN,
        "Other Non Operating Income Expenses": NaN,
        "Special Income Charges": NaN,
        "Gain On Sale Of Ppe": NaN,
        "Other Special Charges": 14997000.0,
        "Impairment Of Capital Assets": 0.0,
        "Restructuring And Mergern Acquisition": NaN,
        "Earnings From Equity Interest": NaN,
        "Net Non Operating Interest Income Expense": NaN,
        "Total Other Finance Cost": NaN,
        "Interest Expense Non Operating": NaN,
        "Operating Income": NaN,
        "Operating Expense": NaN,
        "Depreciation Amortization Depletion Income Statement": NaN,
        "Depreciation And Amortization In Income Statement": NaN,
        "Selling General And Administration": NaN,
        "Gross Profit": NaN,
        "Cost Of Revenue": NaN,
        "Total Revenue": NaN,
        "Operating Revenue": NaN
    },
    "2022-06-30": {
        "Tax Effect Of Unusual Items": -17301594.614485,
        "Tax Rate For Calcs": 0.326599,
        "Normalized EBITDA": -127799000.0,
        "Total Unusual Items": -52975000.0,
        "Total Unusual Items Excluding Goodwill": -52975000.0,
        "Net Income From Continuing Operation Net Minority Interest": -169765000.0,
        "Reconciled Depreciation": 36320000.0,
        "Reconciled Cost Of Revenue": 311555000.0,
        "EBITDA": -180774000.0,
        "EBIT": -217130000.0,
        "Net Interest Income": -47840000.0,
        "Interest Expense": 47840000.0,
        "Normalized Income": -134091594.614485,
        "Net Income From Continuing And Discontinued Operation": -169765000.0,
        "Total Expenses": 398185000.0,
        "Total Operating Income As Reported": 133695000.0,
        "Diluted Average Shares": 209669188.0,
        "Basic Average Shares": 209669188.0,
        "Diluted EPS": -0.81,
        "Basic EPS": -0.81,
        "Diluted NI Availto Com Stockholders": -169765000.0,
        "Net Income Common Stockholders": -169765000.0,
        "Net Income": -169765000.0,
        "Minority Interests": 8666000.0,
        "Net Income Including Noncontrolling Interests": -178431000.0,
        "Net Income Continuous Operations": -178431000.0,
        "Tax Provision": -86539000.0,
        "Pretax Income": -264970000.0,
        "Other Income Expense": -403800000.0,
        "Other Non Operating Income Expenses": 22102000.0,
        "Special Income Charges": -52975000.0,
        "Other Special Charges": NaN,
        "Impairment Of Capital Assets": 48109000.0,
        "Restructuring And Mergern Acquisition": 4866000.0,
        "Earnings From Equity Interest": -372927000.0,
        "Net Non Operating Interest Income Expense": -47840000.0,
        "Total Other Finance Cost": 3318000.0,
        "Interest Expense Non Operating": 47840000.0,
        "Operating Income": 186670000.0,
        "Operating Expense": 86666000.0,
        "Depreciation Amortization Depletion Income Statement": 36356000.0,
        "Depreciation And Amortization In Income Statement": 36356000.0,
        "Selling General And Administration": 50310000.0,
        "Gross Profit": 273336000.0,
        "Cost Of Revenue": 311519000.0,
        "Total Revenue": 584855000.0,
        "Operating Revenue": 572374000.0
    },
    "2022-03-31": {
        "Diluted EPS": 1.13,
        "Total Revenue": 505,
        "Gross Profit": 274,
        "Operating Income": 166,
        "EBIT": 201,
        "Net Income": 238
    },
    "2021-12-31": {
        "Diluted EPS": 0.76,
        "Total Revenue": 649,
        "Gross Profit": 345,
        "Operating Income": 219,
        "EBIT": 255,
        "Net Income": 151
    },
    "2021-09-30": {
        "Diluted EPS": -0.05,
        "Total Revenue": 305,
        "Gross Profit": 154,
        "Operating Income": 54,
        "EBIT": 101,
        "Net Income": -10
    },
    "2021-06-30": {
        "Diluted EPS": -0.03,
        "Total Revenue": 224,
        "Gross Profit": 107,
        "Operating Income": -12,
        "EBIT": 8,
        "Net Income": -6
    },
    "2021-03-31": {
        "Diluted EPS": -0.21,
        "Total Revenue": 146,
        "Gross Profit": 49,
        "Operating Income": -22,
        "EBIT": -12,
        "Net Income": -38
    },
    "2020-12-31": {
        "Diluted EPS": 1.22,
        "Total Revenue": 146,
        "Gross Profit": 77,
        "Operating Income": 18,
        "EBIT": 29,
        "Net Income": 0
    },
    "2020-09-30": {
        "Diluted EPS": -0.21,
        "Total Revenue": 137,
        "Gross Profit": 65,
        "Operating Income": 11,
        "EBIT": 24,
        "Net Income": -36
    },
    "2020-06-30": {
        "Diluted EPS": -2.4,
        "Total Revenue": 95,
        "Gross Profit": 25,
        "Operating Income": -148,
        "EBIT": -137,
        "Net Income": -137
    },
    "2020-03-31": {
        "Diluted EPS": -0.32,
        "Total Revenue": 75,
        "Gross Profit": 6,
        "Operating Income": -36,
        "EBIT": -27,
        "Net Income": -8
    },
    "2019-12-31": {
        "Diluted EPS": -0.08,
        "Total Revenue": 70,
        "Gross Profit": 10,
        "Operating Income": -36,
        "EBIT": -32,
        "Net Income": -7
    },
    "2019-09-30": {
        "Diluted EPS": -0.3,
        "Total Revenue": 50,
        "Gross Profit": 4,
        "Operating Income": -48,
        "EBIT": -44,
        "Net Income": -7
    },
    "2019-06-30": {
        "Diluted EPS": -0.28,
        "Total Revenue": 40,
        "Gross Profit": -4,
        "Operating Income": -44,
        "EBIT": -40,
        "Net Income": -6
    },
    "2019-03-31": {
        "Diluted EPS": -0.96,
        "Total Revenue": 30,
        "Gross Profit": -3,
        "Operating Income": -59,
        "EBIT": -57,
        "Net Income": -14
    },
    "2018-12-31": {
        "Diluted EPS": 0.0,
        "Total Revenue": 31,
        "Gross Profit": 0,
        "Operating Income": -22,
        "EBIT": -18,
        "Net Income": -35
    },
    "2018-09-30": {
        "Diluted EPS": 0.0,
        "Total Revenue": 28,
        "Gross Profit": 6,
        "Operating Income": -10,
        "EBIT": -8,
        "Net Income": -14
    },
    "2018-06-30": {
        "Diluted EPS": 0.0,
        "Total Revenue": 27,
        "Gross Profit": 1,
        "Operating Income": -17,
        "EBIT": -16,
        "Net Income": -19
    },
    "2018-03-31": {
        "Diluted EPS": 0.0,
        "Total Revenue": 26,
        "Gross Profit": 5,
        "Operating Income": -9,
        "EBIT": -8,
        "Net Income": -11
    },
    "2017-12-31": {
        "Diluted EPS": 0.0,
        "Total Revenue": NaN,
        "Gross Profit": NaN,
        "Operating Income": NaN,
        "EBIT": NaN,
        "Net Income": NaN
    },
    "2016-12-31": {
        "Diluted EPS": 0.0,
        "Total Revenue": NaN,
        "Gross Profit": NaN,
        "Operating Income": NaN,
        "EBIT": NaN,
        "Net Income": NaN
    },
    "2023-06-30": {
        "Tax Effect Of Unusual Items": NaN,
        "Tax Rate For Calcs": NaN,
        "Normalized EBITDA": NaN,
        "Total Unusual Items": NaN,
        "Total Unusual Items Excluding Goodwill": NaN,
        "Net Income From Continuing Operation Net Minority Interest": NaN,
        "Reconciled Depreciation": NaN,
        "Reconciled Cost Of Revenue": NaN,
        "EBITDA": NaN,
        "EBIT": NaN,
        "Net Interest Income": NaN,
        "Interest Expense": NaN,
        "Normalized Income": NaN,
        "Net Income From Continuing And Discontinued Operation": NaN,
        "Total Expenses": NaN,
        "Total Operating Income As Reported": NaN,
        "Diluted Average Shares": 205711467.0,
        "Basic Average Shares": 205045121.0,
        "Diluted EPS": 0.58,
        "Basic EPS": 0.58,
        "Diluted NI Availto Com Stockholders": NaN,
        "Average Dilution Earnings": -304000.0,
        "Net Income Common Stockholders": NaN,
        "Preferred Stock Dividends": NaN,
        "Net Income": NaN,
        "Minority Interests": NaN,
        "Net Income Including Noncontrolling Interests": NaN,
        "Net Income Continuous Operations": NaN,
        "Tax Provision": NaN,
        "Pretax Income": NaN,
        "Other Income Expense": NaN,
        "Other Non Operating Income Expenses": NaN,
        "Special Income Charges": NaN,
        "Gain On Sale Of Ppe": NaN,
        "Other Special Charges": NaN,
        "Impairment Of Capital Assets": NaN,
        "Restructuring And Mergern Acquisition": NaN,
        "Earnings From Equity Interest": NaN,
        "Net Non Operating Interest Income Expense": NaN,
        "Total Other Finance Cost": NaN,
        "Interest Expense Non Operating": NaN,
        "Operating Income": NaN,
        "Operating Expense": NaN,
        "Depreciation Amortization Depletion Income Statement": NaN,
        "Depreciation And Amortization In Income Statement": NaN,
        "Selling General And Administration": NaN,
        "Gross Profit": NaN,
        "Cost Of Revenue": NaN,
        "Total Revenue": NaN,
        "Operating Revenue": NaN
    },
    "2023-09-30": {
        "Tax Effect Of Unusual Items": NaN,
        "Tax Rate For Calcs": NaN,
        "Normalized EBITDA": NaN,
        "Total Unusual Items": NaN,
        "Total Unusual Items Excluding Goodwill": NaN,
        "Net Income From Continuing Operation Net Minority Interest": NaN,
        "Reconciled Depreciation": NaN,
        "Reconciled Cost Of Revenue": NaN,
        "EBITDA": NaN,
        "EBIT": NaN,
        "Net Interest Income": NaN,
        "Interest Expense": NaN,
        "Normalized Income": NaN,
        "Net Income From Continuing And Discontinued Operation": NaN,
        "Total Expenses": NaN,
        "Total Operating Income As Reported": NaN,
        "Diluted Average Shares": 205032928.0,
        "Basic Average Shares": 205032928.0,
        "Diluted EPS": 0.3,
        "Basic EPS": 0.3,
        "Diluted NI Availto Com Stockholders": NaN,
        "Average Dilution Earnings": 0.0,
        "Net Income Common Stockholders": NaN,
        "Preferred Stock Dividends": NaN,
        "Net Income": NaN,
        "Minority Interests": NaN,
        "Net Income Including Noncontrolling Interests": NaN,
        "Net Income Continuous Operations": NaN,
        "Tax Provision": NaN,
        "Pretax Income": NaN,
        "Other Income Expense": NaN,
        "Other Non Operating Income Expenses": NaN,
        "Special Income Charges": NaN,
        "Gain On Sale Of Ppe": 0.0,
        "Other Special Charges": NaN,
        "Impairment Of Capital Assets": 0.0,
        "Restructuring And Mergern Acquisition": NaN,
        "Earnings From Equity Interest": NaN,
        "Net Non Operating Interest Income Expense": NaN,
        "Total Other Finance Cost": NaN,
        "Interest Expense Non Operating": NaN,
        "Operating Income": NaN,
        "Operating Expense": NaN,
        "Depreciation Amortization Depletion Income Statement": NaN,
        "Depreciation And Amortization In Income Statement": NaN,
        "Selling General And Administration": NaN,
        "Gross Profit": NaN,
        "Cost Of Revenue": NaN,
        "Total Revenue": NaN,
        "Operating Revenue": NaN
    },
    "2023-12-31": {
        "Tax Effect Of Unusual Items": NaN,
        "Tax Rate For Calcs": NaN,
        "Normalized EBITDA": NaN,
        "Total Unusual Items": NaN,
        "Total Unusual Items Excluding Goodwill": NaN,
        "Net Income From Continuing Operation Net Minority Interest": NaN,
        "Reconciled Depreciation": NaN,
        "Reconciled Cost Of Revenue": NaN,
        "EBITDA": NaN,
        "EBIT": NaN,
        "Net Interest Income": NaN,
        "Interest Expense": NaN,
        "Normalized Income": NaN,
        "Net Income From Continuing And Discontinued Operation": NaN,
        "Total Expenses": NaN,
        "Total Operating Income As Reported": NaN,
        "Diluted Average Shares": NaN,
        "Basic Average Shares": NaN,
        "Diluted EPS": NaN,
        "Basic EPS": NaN,
        "Diluted NI Availto Com Stockholders": NaN,
        "Average Dilution Earnings": NaN,
        "Net Income Common Stockholders": NaN,
        "Preferred Stock Dividends": NaN,
        "Net Income": NaN,
        "Minority Interests": NaN,
        "Net Income Including Noncontrolling Interests": NaN,
        "Net Income Continuous Operations": NaN,
        "Tax Provision": NaN,
        "Pretax Income": NaN,
        "Other Income Expense": NaN,
        "Other Non Operating Income Expenses": NaN,
        "Special Income Charges": NaN,
        "Gain On Sale Of Ppe": NaN,
        "Other Special Charges": NaN,
        "Write Off": NaN,
        "Impairment Of Capital Assets": NaN,
        "Restructuring And Mergern Acquisition": NaN,
        "Earnings From Equity Interest": -2766000.0,
        "Net Non Operating Interest Income Expense": NaN,
        "Total Other Finance Cost": NaN,
        "Interest Expense Non Operating": NaN,
        "Operating Income": NaN,
        "Operating Expense": NaN,
        "Depreciation Amortization Depletion Income Statement": 62164000.0,
        "Depreciation And Amortization In Income Statement": 62164000.0,
        "Selling General And Administration": NaN,
        "Gross Profit": NaN,
        "Cost Of Revenue": NaN,
        "Total Revenue": NaN,
        "Operating Revenue": NaN
    },
    "2024-03-31": {
        "Tax Effect Of Unusual Items": NaN,
        "Tax Rate For Calcs": NaN,
        "Normalized EBITDA": NaN,
        "Total Unusual Items": NaN,
        "Total Unusual Items Excluding Goodwill": NaN,
        "Net Income From Continuing Operation Net Minority Interest": NaN,
        "Reconciled Depreciation": NaN,
        "Reconciled Cost Of Revenue": NaN,
        "EBITDA": NaN,
        "EBIT": NaN,
        "Net Interest Income": NaN,
        "Interest Expense": NaN,
        "Normalized Income": NaN,
        "Net Income From Continuing And Discontinued Operation": NaN,
        "Total Expenses": NaN,
        "Total Operating Income As Reported": NaN,
        "Diluted Average Shares": NaN,
        "Basic Average Shares": NaN,
        "Diluted EPS": NaN,
        "Basic EPS": NaN,
        "Diluted NI Availto Com Stockholders": NaN,
        "Average Dilution Earnings": NaN,
        "Net Income Common Stockholders": NaN,
        "Preferred Stock Dividends": NaN,
        "Net Income": NaN,
        "Minority Interests": NaN,
        "Net Income Including Noncontrolling Interests": NaN,
        "Net Income Continuous Operations": NaN,
        "Tax Provision": NaN,
        "Pretax Income": NaN,
        "Other Income Expense": NaN,
        "Other Non Operating Income Expenses": NaN,
        "Special Income Charges": NaN,
        "Gain On Sale Of Ppe": NaN,
        "Other Special Charges": 9754000.0,
        "Write Off": NaN,
        "Impairment Of Capital Assets": NaN,
        "Restructuring And Mergern Acquisition": NaN,
        "Earnings From Equity Interest": 0.0,
        "Net Non Operating Interest Income Expense": NaN,
        "Total Other Finance Cost": NaN,
        "Interest Expense Non Operating": NaN,
        "Operating Income": NaN,
        "Operating Expense": NaN,
        "Depreciation Amortization Depletion Income Statement": 50491000.0,
        "Depreciation And Amortization In Income Statement": 50491000.0,
        "Selling General And Administration": NaN,
        "Gross Profit": NaN,
        "Cost Of Revenue": NaN,
        "Total Revenue": NaN,
        "Operating Revenue": NaN
    },
    "2024-06-30": {
        "Tax Effect Of Unusual Items": NaN,
        "Tax Rate For Calcs": NaN,
        "Normalized EBITDA": NaN,
        "Total Unusual Items": NaN,
        "Total Unusual Items Excluding Goodwill": NaN,
        "Net Income From Continuing Operation Net Minority Interest": NaN,
        "Reconciled Depreciation": NaN,
        "Reconciled Cost Of Revenue": NaN,
        "EBITDA": NaN,
        "EBIT": NaN,
        "Net Interest Income": NaN,
        "Interest Expense": NaN,
        "Normalized Income": NaN,
        "Net Income From Continuing And Discontinued Operation": NaN,
        "Total Expenses": NaN,
        "Total Operating Income As Reported": NaN,
        "Diluted Average Shares": NaN,
        "Basic Average Shares": NaN,
        "Diluted EPS": NaN,
        "Basic EPS": NaN,
        "Diluted NI Availto Com Stockholders": NaN,
        "Average Dilution Earnings": -1018000.0,
        "Net Income Common Stockholders": NaN,
        "Preferred Stock Dividends": NaN,
        "Net Income": NaN,
        "Minority Interests": NaN,
        "Net Income Including Noncontrolling Interests": NaN,
        "Net Income Continuous Operations": NaN,
        "Tax Provision": NaN,
        "Pretax Income": NaN,
        "Other Income Expense": NaN,
        "Other Non Operating Income Expenses": NaN,
        "Special Income Charges": NaN,
        "Gain On Sale Of Ppe": NaN,
        "Other Special Charges": NaN,
        "Write Off": 0.0,
        "Impairment Of Capital Assets": NaN,
        "Restructuring And Mergern Acquisition": NaN,
        "Earnings From Equity Interest": 0.0,
        "Net Non Operating Interest Income Expense": NaN,
        "Total Other Finance Cost": NaN,
        "Interest Expense Non Operating": NaN,
        "Operating Income": NaN,
        "Operating Expense": NaN,
        "Depreciation Amortization Depletion Income Statement": 37413000.0,
        "Depreciation And Amortization In Income Statement": 37413000.0,
        "Selling General And Administration": NaN,
        "Gross Profit": NaN,
        "Cost Of Revenue": NaN,
        "Total Revenue": NaN,
        "Operating Revenue": NaN
    },
    "2024-09-30": {
        "Tax Effect Of Unusual Items": -960066.0,
        "Tax Rate For Calcs": 0.207,
        "Normalized EBITDA": 114073000.0,
        "Total Unusual Items": -4638000.0,
        "Total Unusual Items Excluding Goodwill": -4638000.0,
        "Net Income From Continuing Operation Net Minority Interest": 9299000.0,
        "Reconciled Depreciation": 35581000.0,
        "Reconciled Cost Of Revenue": 368910000.0,
        "EBITDA": 109435000.0,
        "EBIT": 73854000.0,
        "Net Interest Income": -71107000.0,
        "Interest Expense": 59588000.0,
        "Normalized Income": 12976934.0,
        "Net Income From Continuing And Discontinued Operation": 9299000.0,
        "Total Expenses": 483360000.0,
        "Total Operating Income As Reported": 79537000.0,
        "Diluted Average Shares": 208880044.0,
        "Basic Average Shares": 205071771.0,
        "Diluted EPS": 0.03,
        "Basic EPS": 0.04,
        "Diluted NI Availto Com Stockholders": 6463000.0,
        "Average Dilution Earnings": -1675000.0,
        "Net Income Common Stockholders": 8138000.0,
        "Preferred Stock Dividends": 1161000.0,
        "Net Income": 9299000.0,
        "Minority Interests": -2014000.0,
        "Net Income Including Noncontrolling Interests": 11313000.0,
        "Net Income Continuous Operations": 11313000.0,
        "Tax Provision": 2953000.0,
        "Pretax Income": 14266000.0,
        "Other Income Expense": 1198000.0,
        "Other Non Operating Income Expenses": 5836000.0,
        "Special Income Charges": -4638000.0,
        "Gain On Sale Of Ppe": 0.0,
        "Other Special Charges": NaN,
        "Write Off": 0.0,
        "Impairment Of Capital Assets": 1484000.0,
        "Restructuring And Mergern Acquisition": 3154000.0,
        "Earnings From Equity Interest": 0.0,
        "Net Non Operating Interest Income Expense": -71107000.0,
        "Total Other Finance Cost": 11519000.0,
        "Interest Expense Non Operating": 59588000.0,
        "Operating Income": 84175000.0,
        "Operating Expense": 114450000.0,
        "Depreciation Amortization Depletion Income Statement": 35364000.0,
        "Depreciation And Amortization In Income Statement": 35364000.0,
        "Selling General And Administration": 82388000.0,
        "Gross Profit": 198625000.0,
        "Cost Of Revenue": 368910000.0,
        "Total Revenue": 567535000.0,
        "Operating Revenue": 505716000.0
    },
    "2024-12-31": {
        "Tax Effect Of Unusual Items": -58267230.0,
        "Tax Rate For Calcs": 0.21,
        "Normalized EBITDA": 205961000.0,
        "Total Unusual Items": -277463000.0,
        "Total Unusual Items Excluding Goodwill": -277463000.0,
        "Net Income From Continuing Operation Net Minority Interest": -223565000.0,
        "Reconciled Depreciation": 38544000.0,
        "Reconciled Cost Of Revenue": 335363000.0,
        "EBITDA": -71502000.0,
        "EBIT": -110046000.0,
        "Net Interest Income": -99527000.0,
        "Interest Expense": 71967000.0,
        "Normalized Income": -4369230.0,
        "Net Income From Continuing And Discontinued Operation": -223565000.0,
        "Total Expenses": 431574000.0,
        "Total Operating Income As Reported": 230270000.0,
        "Diluted Average Shares": 217581687.0,
        "Basic Average Shares": 217581687.0,
        "Diluted EPS": -1.11,
        "Basic EPS": -1.11,
        "Diluted NI Availto Com Stockholders": -241114000.0,
        "Average Dilution Earnings": 1025000.0,
        "Net Income Common Stockholders": -242139000.0,
        "Preferred Stock Dividends": 969000.0,
        "Net Income": -223565000.0,
        "Minority Interests": -55000.0,
        "Net Income Including Noncontrolling Interests": -223510000.0,
        "Net Income Continuous Operations": -223510000.0,
        "Tax Provision": 41497000.0,
        "Pretax Income": -182013000.0,
        "Other Income Expense": -329910000.0,
        "Other Non Operating Income Expenses": -52447000.0,
        "Special Income Charges": -277463000.0,
        "Gain On Sale Of Ppe": -422000.0,
        "Other Special Charges": 260309000.0,
        "Write Off": 422000.0,
        "Impairment Of Capital Assets": 10738000.0,
        "Restructuring And Mergern Acquisition": 5994000.0,
        "Earnings From Equity Interest": 0.0,
        "Net Non Operating Interest Income Expense": -99527000.0,
        "Total Other Finance Cost": 27560000.0,
        "Interest Expense Non Operating": 71967000.0,
        "Operating Income": 247424000.0,
        "Operating Expense": 96211000.0,
        "Depreciation Amortization Depletion Income Statement": 38746000.0,
        "Depreciation And Amortization In Income Statement": 38746000.0,
        "Selling General And Administration": 61800000.0,
        "Gross Profit": 343635000.0,
        "Cost Of Revenue": 335363000.0,
        "Total Revenue": 678998000.0,
        "Operating Revenue": 701002000.0
    },
    "2025-03-31": {
        "Tax Effect Of Unusual Items": -2655240.0,
        "Tax Rate For Calcs": 0.21,
        "Normalized EBITDA": 92220000.0,
        "Total Unusual Items": -12644000.0,
        "Total Unusual Items Excluding Goodwill": -12644000.0,
        "Net Income From Continuing Operation Net Minority Interest": -199581000.0,
        "Reconciled Depreciation": 63353000.0,
        "Reconciled Cost Of Revenue": 362610000.0,
        "EBITDA": 79576000.0,
        "EBIT": 16223000.0,
        "Net Interest Income": -213694000.0,
        "Interest Expense": 184926000.0,
        "Normalized Income": -189592240.0,
        "Net Income From Continuing And Discontinued Operation": -199581000.0,
        "Total Expenses": 476838000.0,
        "Total Operating Income As Reported": -18479000.0,
        "Diluted Average Shares": 273609766.0,
        "Basic Average Shares": 273609766.0,
        "Diluted EPS": -0.73,
        "Basic EPS": -0.73,
        "Diluted NI Availto Com Stockholders": -200129000.0,
        "Average Dilution Earnings": NaN,
        "Net Income Common Stockholders": -200129000.0,
        "Preferred Stock Dividends": 548000.0,
        "Net Income": -199581000.0,
        "Minority Interests": -2208000.0,
        "Net Income Including Noncontrolling Interests": -197373000.0,
        "Net Income Continuous Operations": -197373000.0,
        "Tax Provision": 28670000.0,
        "Pretax Income": -168703000.0,
        "Other Income Expense": 51293000.0,
        "Other Non Operating Income Expenses": 63937000.0,
        "Special Income Charges": -12644000.0,
        "Gain On Sale Of Ppe": 0.0,
        "Other Special Charges": 467000.0,
        "Write Off": 0.0,
        "Impairment Of Capital Assets": 246000.0,
        "Restructuring And Mergern Acquisition": 11931000.0,
        "Earnings From Equity Interest": NaN,
        "Net Non Operating Interest Income Expense": -213694000.0,
        "Total Other Finance Cost": 28768000.0,
        "Interest Expense Non Operating": 184926000.0,
        "Operating Income": -6302000.0,
        "Operating Expense": 114228000.0,
        "Depreciation Amortization Depletion Income Statement": NaN,
        "Depreciation And Amortization In Income Statement": NaN,
        "Selling General And Administration": 59271000.0,
        "Gross Profit": 107926000.0,
        "Cost Of Revenue": 362610000.0,
        "Total Revenue": 470536000.0,
        "Operating Revenue": 430317000.0
    },
    "2025-06-30": {
        "Tax Effect Of Unusual Items": -559071.741539,
        "Tax Rate For Calcs": 0.001734,
        "Normalized EBITDA": 18035000.0,
        "Total Unusual Items": -322489000.0,
        "Total Unusual Items Excluding Goodwill": -322489000.0,
        "Net Income From Continuing Operation Net Minority Interest": -554631000.0,
        "Reconciled Depreciation": 61178000.0,
        "Reconciled Cost Of Revenue": 269778000.0,
        "EBITDA": -304454000.0,
        "EBIT": -365632000.0,
        "Net Interest Income": -206408000.0,
        "Interest Expense": 192162000.0,
        "Normalized Income": -232701071.741539,
        "Net Income From Continuing And Discontinued Operation": -554631000.0,
        "Total Expenses": 386851000.0,
        "Total Operating Income As Reported": -387328000.0,
        "Diluted Average Shares": 274371636.0,
        "Basic Average Shares": 274371636.0,
        "Diluted EPS": -2.02,
        "Basic EPS": -2.02,
        "Diluted NI Availto Com Stockholders": -555077000.0,
        "Average Dilution Earnings": 0.0,
        "Net Income Common Stockholders": -555077000.0,
        "Preferred Stock Dividends": 446000.0,
        "Net Income": -554631000.0,
        "Minority Interests": 2196000.0,
        "Net Income Including Noncontrolling Interests": -556827000.0,
        "Net Income Continuous Operations": -556827000.0,
        "Tax Provision": -967000.0,
        "Pretax Income": -557794000.0,
        "Other Income Expense": -266227000.0,
        "Other Non Operating Income Expenses": 56262000.0,
        "Special Income Charges": -322489000.0,
        "Gain On Sale Of Ppe": 472699000.0,
        "Other Special Charges": 20320000.0,
        "Write Off": -472699000.0,
        "Impairment Of Capital Assets": 699484000.0,
        "Restructuring And Mergern Acquisition": 75384000.0,
        "Earnings From Equity Interest": NaN,
        "Net Non Operating Interest Income Expense": -206408000.0,
        "Total Other Finance Cost": 14246000.0,
        "Interest Expense Non Operating": 192162000.0,
        "Operating Income": -85159000.0,
        "Operating Expense": 117073000.0,
        "Depreciation Amortization Depletion Income Statement": NaN,
        "Depreciation And Amortization In Income Statement": NaN,
        "Selling General And Administration": 57256000.0,
        "Gross Profit": 31914000.0,
        "Cost Of Revenue": 269778000.0,
        "Total Revenue": 301692000.0,
        "Operating Revenue": 273943000.0
    },
    "2025-09-30": {
        "Tax Effect Of Unusual Items": -6658470.0,
        "Tax Rate For Calcs": 0.21,
        "Normalized EBITDA": 6171000.0,
        "Total Unusual Items": -31707000.0,
        "Total Unusual Items Excluding Goodwill": -31707000.0,
        "Net Income From Continuing Operation Net Minority Interest": -299660000.0,
        "Reconciled Depreciation": 58846000.0,
        "Reconciled Cost Of Revenue": 254679000.0,
        "EBITDA": -25536000.0,
        "EBIT": -84382000.0,
        "Net Interest Income": -210562000.0,
        "Interest Expense": 200727000.0,
        "Normalized Income": -274611470.0,
        "Net Income From Continuing And Discontinued Operation": -299660000.0,
        "Total Expenses": 399249000.0,
        "Total Operating Income As Reported": -103589000.0,
        "Diluted Average Shares": 281121646.0,
        "Basic Average Shares": 281121646.0,
        "Diluted EPS": -1.07,
        "Basic EPS": -1.07,
        "Diluted NI Availto Com Stockholders": -299970000.0,
        "Average Dilution Earnings": 0.0,
        "Net Income Common Stockholders": -299970000.0,
        "Preferred Stock Dividends": 310000.0,
        "Net Income": -299660000.0,
        "Minority Interests": -6304000.0,
        "Net Income Including Noncontrolling Interests": -293356000.0,
        "Net Income Continuous Operations": -293356000.0,
        "Tax Provision": 8247000.0,
        "Pretax Income": -285109000.0,
        "Other Income Expense": -2665000.0,
        "Other Non Operating Income Expenses": 29042000.0,
        "Special Income Charges": -31707000.0,
        "Gain On Sale Of Ppe": -1705000.0,
        "Other Special Charges": NaN,
        "Write Off": NaN,
        "Impairment Of Capital Assets": 10353000.0,
        "Restructuring And Mergern Acquisition": 19649000.0,
        "Earnings From Equity Interest": NaN,
        "Net Non Operating Interest Income Expense": -210562000.0,
        "Total Other Finance Cost": 9835000.0,
        "Interest Expense Non Operating": 200727000.0,
        "Operating Income": -71882000.0,
        "Operating Expense": 144570000.0,
        "Depreciation Amortization Depletion Income Statement": NaN,
        "Depreciation And Amortization In Income Statement": NaN,
        "Selling General And Administration": 86050000.0,
        "Gross Profit": 72688000.0,
        "Cost Of Revenue": 254679000.0,
        "Total Revenue": 327367000.0,
        "Operating Revenue": 301366000.0
    }
}