{
    "2023-03-31": {
        "Tax Effect Of Unusual Items": 0.0,
        "Tax Rate For Calcs": 0.262,
        "Normalized EBITDA": 325225000.0,
        "Total Unusual Items": NaN,
        "Total Unusual Items Excluding Goodwill": NaN,
        "Net Income From Continuing Operation Net Minority Interest": 140880000.0,
        "Reconciled Depreciation": 100964000.0,
        "Reconciled Cost Of Revenue": 470517000.0,
        "EBITDA": 325225000.0,
        "EBIT": 224261000.0,
        "Net Interest Income": -33444000.0,
        "Interest Expense": 33444000.0,
        "Normalized Income": 140880000.0,
        "Net Income From Continuing And Discontinued Operation": 140880000.0,
        "Total Expenses": 495884000.0,
        "Total Operating Income As Reported": 221377000.0,
        "Diluted Average Shares": 92256348.0,
        "Basic Average Shares": 91794765.0,
        "Diluted EPS": 1.53,
        "Basic EPS": 1.53,
        "Diluted NI Availto Com Stockholders": 140880000.0,
        "Net Income Common Stockholders": 140880000.0,
        "Net Income": 140880000.0,
        "Net Income Including Noncontrolling Interests": 140880000.0,
        "Net Income Continuous Operations": 140880000.0,
        "Tax Provision": 49937000.0,
        "Pretax Income": 190817000.0,
        "Other Income Expense": 2884000.0,
        "Other Non Operating Income Expenses": 2884000.0,
        "Special Income Charges": NaN,
        "Gain On Sale Of Ppe": NaN,
        "Net Non Operating Interest Income Expense": -33444000.0,
        "Interest Expense Non Operating": 33444000.0,
        "Operating Income": 221377000.0,
        "Operating Expense": 25367000.0,
        "Other Taxes": 25367000.0,
        "Gross Profit": 246744000.0,
        "Cost Of Revenue": 470517000.0,
        "Total Revenue": 717261000.0,
        "Operating Revenue": 717261000.0
    },
    "2022-12-31": {
        "Tax Effect Of Unusual Items": 0.0,
        "Tax Rate For Calcs": 0.253,
        "Normalized EBITDA": 357288000.0,
        "Total Unusual Items": NaN,
        "Total Unusual Items Excluding Goodwill": NaN,
        "Net Income From Continuing Operation Net Minority Interest": 169689000.0,
        "Reconciled Depreciation": 96600000.0,
        "Reconciled Cost Of Revenue": 378284000.0,
        "EBITDA": 357288000.0,
        "EBIT": 260688000.0,
        "Net Interest Income": -33447000.0,
        "Interest Expense": 33447000.0,
        "Normalized Income": 169689000.0,
        "Net Income From Continuing And Discontinued Operation": 169689000.0,
        "Total Expenses": 404489000.0,
        "Total Operating Income As Reported": 254370000.0,
        "Diluted Average Shares": 92268210.0,
        "Basic Average Shares": 91579814.0,
        "Diluted EPS": 1.84,
        "Basic EPS": 1.85,
        "Diluted NI Availto Com Stockholders": 169689000.0,
        "Net Income Common Stockholders": 169689000.0,
        "Net Income": 169689000.0,
        "Net Income Including Noncontrolling Interests": 169689000.0,
        "Net Income Continuous Operations": 169689000.0,
        "Tax Provision": 57552000.0,
        "Pretax Income": 227241000.0,
        "Other Income Expense": 6318000.0,
        "Other Non Operating Income Expenses": 6318000.0,
        "Special Income Charges": NaN,
        "Gain On Sale Of Ppe": NaN,
        "Net Non Operating Interest Income Expense": -33447000.0,
        "Interest Expense Non Operating": 33447000.0,
        "Operating Income": 254370000.0,
        "Operating Expense": 26205000.0,
        "Other Taxes": 26205000.0,
        "Gross Profit": 280575000.0,
        "Cost Of Revenue": 378284000.0,
        "Total Revenue": 658859000.0,
        "Operating Revenue": 658859000.0
    },
    "2022-09-30": {
        "Tax Effect Of Unusual Items": NaN,
        "Tax Rate For Calcs": NaN,
        "Normalized EBITDA": NaN,
        "Total Unusual Items": 0.0,
        "Total Unusual Items Excluding Goodwill": 0.0,
        "Net Income From Continuing Operation Net Minority Interest": NaN,
        "Reconciled Depreciation": NaN,
        "Reconciled Cost Of Revenue": NaN,
        "EBITDA": NaN,
        "EBIT": NaN,
        "Net Interest Income": NaN,
        "Interest Expense": NaN,
        "Normalized Income": NaN,
        "Net Income From Continuing And Discontinued Operation": NaN,
        "Total Expenses": NaN,
        "Total Operating Income As Reported": NaN,
        "Diluted Average Shares": NaN,
        "Basic Average Shares": NaN,
        "Diluted EPS": NaN,
        "Basic EPS": NaN,
        "Diluted NI Availto Com Stockholders": NaN,
        "Net Income Common Stockholders": NaN,
        "Net Income": NaN,
        "Net Income Including Noncontrolling Interests": NaN,
        "Net Income Continuous Operations": NaN,
        "Tax Provision": NaN,
        "Pretax Income": NaN,
        "Other Income Expense": NaN,
        "Other Non Operating Income Expenses": NaN,
        "Special Income Charges": 0.0,
        "Gain On Sale Of Ppe": 0.0,
        "Impairment Of Capital Assets": 0.0,
        "Net Non Operating Interest Income Expense": NaN,
        "Interest Expense Non Operating": NaN,
        "Operating Income": NaN,
        "Operating Expense": NaN,
        "Other Taxes": NaN,
        "Gross Profit": NaN,
        "Cost Of Revenue": NaN,
        "Total Revenue": NaN,
        "Operating Revenue": NaN
    },
    "2022-06-30": {
        "Tax Effect Of Unusual Items": 2967488.0,
        "Tax Rate For Calcs": 0.233,
        "Normalized EBITDA": 258170000.0,
        "Total Unusual Items": 12736000.0,
        "Total Unusual Items Excluding Goodwill": 12736000.0,
        "Net Income From Continuing Operation Net Minority Interest": 108158000.0,
        "Reconciled Depreciation": 95858000.0,
        "Reconciled Cost Of Revenue": 308789000.0,
        "EBITDA": 270906000.0,
        "EBIT": 175048000.0,
        "Net Interest Income": -33973000.0,
        "Interest Expense": 33973000.0,
        "Normalized Income": 98389488.0,
        "Net Income From Continuing And Discontinued Operation": 108158000.0,
        "Total Expenses": 334663000.0,
        "Total Operating Income As Reported": 180697000.0,
        "Diluted Average Shares": 92168518.0,
        "Basic Average Shares": 91456265.0,
        "Diluted EPS": 1.17,
        "Basic EPS": 1.18,
        "Diluted NI Availto Com Stockholders": 108158000.0,
        "Net Income Common Stockholders": 108158000.0,
        "Net Income": 108158000.0,
        "Net Income Including Noncontrolling Interests": 108158000.0,
        "Net Income Continuous Operations": 108158000.0,
        "Tax Provision": 32917000.0,
        "Pretax Income": 141075000.0,
        "Other Income Expense": 7087000.0,
        "Other Non Operating Income Expenses": -5649000.0,
        "Special Income Charges": 12736000.0,
        "Gain On Sale Of Ppe": 12736000.0,
        "Impairment Of Capital Assets": 0.0,
        "Net Non Operating Interest Income Expense": -33973000.0,
        "Interest Expense Non Operating": 33973000.0,
        "Operating Income": 167961000.0,
        "Operating Expense": 25874000.0,
        "Other Taxes": 25874000.0,
        "Gross Profit": 193835000.0,
        "Cost Of Revenue": 308789000.0,
        "Total Revenue": 502624000.0,
        "Operating Revenue": 502624000.0
    },
    "2023-06-30": {
        "Tax Effect Of Unusual Items": NaN,
        "Tax Rate For Calcs": NaN,
        "Normalized EBITDA": NaN,
        "Total Unusual Items": NaN,
        "Total Unusual Items Excluding Goodwill": NaN,
        "Net Income From Continuing Operation Net Minority Interest": NaN,
        "Reconciled Depreciation": NaN,
        "Reconciled Cost Of Revenue": NaN,
        "EBITDA": NaN,
        "EBIT": NaN,
        "Net Interest Income": NaN,
        "Interest Expense": NaN,
        "Normalized Income": NaN,
        "Net Income From Continuing And Discontinued Operation": NaN,
        "Total Expenses": NaN,
        "Total Operating Income As Reported": NaN,
        "Diluted Average Shares": NaN,
        "Basic Average Shares": NaN,
        "Diluted EPS": NaN,
        "Basic EPS": NaN,
        "Diluted NI Availto Com Stockholders": NaN,
        "Net Income Common Stockholders": NaN,
        "Net Income": NaN,
        "Net Income Including Noncontrolling Interests": NaN,
        "Net Income Continuous Operations": NaN,
        "Tax Provision": NaN,
        "Pretax Income": NaN,
        "Other Income Expense": NaN,
        "Other Non Operating Income Expenses": NaN,
        "Special Income Charges": NaN,
        "Gain On Sale Of Ppe": 0.0,
        "Impairment Of Capital Assets": 0.0,
        "Net Non Operating Interest Income Expense": NaN,
        "Interest Expense Non Operating": NaN,
        "Operating Income": NaN,
        "Operating Expense": NaN,
        "Other Taxes": NaN,
        "Gross Profit": NaN,
        "Cost Of Revenue": NaN,
        "Total Revenue": NaN,
        "Operating Revenue": NaN
    },
    "2022-03-31": {
        "Diluted EPS": 1.82,
        "Total Revenue": 702,
        "Gross Profit": 502,
        "Operating Income": 246,
        "EBIT": 338,
        "Net Income": 167
    },
    "2021-12-31": {
        "Diluted EPS": 1.44,
        "Total Revenue": 547,
        "Gross Profit": 445,
        "Operating Income": 210,
        "EBIT": 298,
        "Net Income": 132
    },
    "2021-09-30": {
        "Diluted EPS": 0.95,
        "Total Revenue": 356,
        "Gross Profit": 361,
        "Operating Income": 132,
        "EBIT": 216,
        "Net Income": 87
    },
    "2021-06-30": {
        "Diluted EPS": 0.94,
        "Total Revenue": 394,
        "Gross Profit": 376,
        "Operating Income": 150,
        "EBIT": 234,
        "Net Income": 86
    },
    "2021-03-31": {
        "Diluted EPS": 1.23,
        "Total Revenue": 551,
        "Gross Profit": 444,
        "Operating Income": 214,
        "EBIT": 298,
        "Net Income": 112
    },
    "2020-12-31": {
        "Diluted EPS": 0.85,
        "Total Revenue": 441,
        "Gross Profit": 390,
        "Operating Income": 144,
        "EBIT": 227,
        "Net Income": 78
    },
    "2020-09-30": {
        "Diluted EPS": -1.65,
        "Total Revenue": 288,
        "Gross Profit": 294,
        "Operating Income": -174,
        "EBIT": -94,
        "Net Income": -146
    },
    "2020-06-30": {
        "Diluted EPS": 0.47,
        "Total Revenue": 323,
        "Gross Profit": 294,
        "Operating Income": 80,
        "EBIT": 154,
        "Net Income": 41
    },
    "2020-03-31": {
        "Diluted EPS": -1.23,
        "Total Revenue": 491,
        "Gross Profit": 373,
        "Operating Income": -25,
        "EBIT": 53,
        "Net Income": -106
    },
    "2019-12-31": {
        "Diluted EPS": 1.0,
        "Total Revenue": 444,
        "Gross Profit": 352,
        "Operating Income": 148,
        "EBIT": 223,
        "Net Income": 87
    },
    "2019-09-30": {
        "Diluted EPS": 0.56,
        "Total Revenue": 293,
        "Gross Profit": 289,
        "Operating Income": 84,
        "EBIT": 159,
        "Net Income": 47
    },
    "2019-06-30": {
        "Diluted EPS": 0.73,
        "Total Revenue": 357,
        "Gross Profit": 309,
        "Operating Income": 113,
        "EBIT": 184,
        "Net Income": 64
    },
    "2019-03-31": {
        "Diluted EPS": 1.04,
        "Total Revenue": 553,
        "Gross Profit": 358,
        "Operating Income": 153,
        "EBIT": 219,
        "Net Income": 91
    },
    "2018-12-31": {
        "Diluted EPS": 1.18,
        "Total Revenue": 490,
        "Gross Profit": 352,
        "Operating Income": 162,
        "EBIT": 226,
        "Net Income": 103
    },
    "2018-09-30": {
        "Diluted EPS": 0.44,
        "Total Revenue": 289,
        "Gross Profit": 274,
        "Operating Income": 85,
        "EBIT": 148,
        "Net Income": 38
    },
    "2018-06-30": {
        "Diluted EPS": 0.73,
        "Total Revenue": 343,
        "Gross Profit": 291,
        "Operating Income": 114,
        "EBIT": 175,
        "Net Income": 63
    },
    "2018-03-31": {
        "Diluted EPS": 1.06,
        "Total Revenue": 541,
        "Gross Profit": 364,
        "Operating Income": 172,
        "EBIT": 233,
        "Net Income": 92
    },
    "2017-12-31": {
        "Diluted EPS": 2.3,
        "Total Revenue": 420,
        "Gross Profit": 326,
        "Operating Income": 149,
        "EBIT": 205,
        "Net Income": 199
    },
    "2017-09-30": {
        "Diluted EPS": 0.53,
        "Total Revenue": 287,
        "Gross Profit": 276,
        "Operating Income": 128,
        "EBIT": 184,
        "Net Income": 46
    },
    "2017-06-30": {
        "Diluted EPS": 0.69,
        "Total Revenue": 348,
        "Gross Profit": 302,
        "Operating Income": 123,
        "EBIT": 179,
        "Net Income": 60
    },
    "2017-03-31": {
        "Diluted EPS": 1.04,
        "Total Revenue": 522,
        "Gross Profit": 374,
        "Operating Income": 170,
        "EBIT": 227,
        "Net Income": 89
    },
    "2016-12-31": {
        "Diluted EPS": 1.04,
        "Total Revenue": 423,
        "Gross Profit": 352,
        "Operating Income": 172,
        "EBIT": 228,
        "Net Income": 89
    },
    "2016-09-30": {
        "Diluted EPS": 0.44,
        "Total Revenue": 292,
        "Gross Profit": 292,
        "Operating Income": 81,
        "EBIT": 137,
        "Net Income": 38
    },
    "2016-06-30": {
        "Diluted EPS": 0.1,
        "Total Revenue": 336,
        "Gross Profit": 312,
        "Operating Income": 45,
        "EBIT": 104,
        "Net Income": 8
    },
    "2016-03-31": {
        "Diluted EPS": -1.74,
        "Total Revenue": 449,
        "Gross Profit": 368,
        "Operating Income": -237,
        "EBIT": -173,
        "Net Income": -148
    },
    "2015-12-31": {
        "Diluted EPS": -2.23,
        "Total Revenue": 375,
        "Gross Profit": 333,
        "Operating Income": -306,
        "EBIT": -235,
        "Net Income": -189
    },
    "2015-09-30": {
        "Diluted EPS": -2.26,
        "Total Revenue": 301,
        "Gross Profit": 296,
        "Operating Income": -327,
        "EBIT": -256,
        "Net Income": -188
    },
    "2015-06-30": {
        "Diluted EPS": -3.44,
        "Total Revenue": 340,
        "Gross Profit": 313,
        "Operating Income": -489,
        "EBIT": -409,
        "Net Income": -293
    },
    "2015-03-31": {
        "Diluted EPS": 0.2,
        "Total Revenue": 596,
        "Gross Profit": 406,
        "Operating Income": 44,
        "EBIT": 127,
        "Net Income": 17
    },
    "2014-12-31": {
        "Diluted EPS": 1.0,
        "Total Revenue": 524,
        "Gross Profit": 397,
        "Operating Income": 161,
        "EBIT": 263,
        "Net Income": 85
    },
    "2014-09-30": {
        "Diluted EPS": 0.67,
        "Total Revenue": 367,
        "Gross Profit": 338,
        "Operating Income": 102,
        "EBIT": 206,
        "Net Income": 57
    },
    "2014-06-30": {
        "Diluted EPS": 0.76,
        "Total Revenue": 440,
        "Gross Profit": 354,
        "Operating Income": 127,
        "EBIT": 224,
        "Net Income": 65
    },
    "2014-03-31": {
        "Diluted EPS": 1.12,
        "Total Revenue": 756,
        "Gross Profit": 433,
        "Operating Income": 180,
        "EBIT": 270,
        "Net Income": 95
    },
    "2013-12-31": {
        "Diluted EPS": 0.97,
        "Total Revenue": 550,
        "Gross Profit": 382,
        "Operating Income": 161,
        "EBIT": 254,
        "Net Income": 82
    },
    "2013-09-30": {
        "Diluted EPS": 0.56,
        "Total Revenue": 339,
        "Gross Profit": 305,
        "Operating Income": 97,
        "EBIT": 183,
        "Net Income": 48
    },
    "2013-06-30": {
        "Diluted EPS": 0.69,
        "Total Revenue": 440,
        "Gross Profit": 345,
        "Operating Income": 127,
        "EBIT": 215,
        "Net Income": 58
    },
    "2013-03-31": {
        "Diluted EPS": 1.02,
        "Total Revenue": 598,
        "Gross Profit": 388,
        "Operating Income": 163,
        "EBIT": 243,
        "Net Income": 86
    },
    "2012-12-31": {
        "Diluted EPS": 0.81,
        "Total Revenue": 453,
        "Gross Profit": 331,
        "Operating Income": 131,
        "EBIT": 204,
        "Net Income": 68
    },
    "2012-09-30": {
        "Diluted EPS": 0.57,
        "Total Revenue": 313,
        "Gross Profit": 289,
        "Operating Income": 107,
        "EBIT": 179,
        "Net Income": 49
    },
    "2012-06-30": {
        "Diluted EPS": 0.52,
        "Total Revenue": 329,
        "Gross Profit": 279,
        "Operating Income": 90,
        "EBIT": 165,
        "Net Income": 43
    },
    "2012-03-31": {
        "Diluted EPS": 0.81,
        "Total Revenue": 552,
        "Gross Profit": 344,
        "Operating Income": 132,
        "EBIT": 195,
        "Net Income": 67
    },
    "2011-12-31": {
        "Diluted EPS": 0.73,
        "Total Revenue": 432,
        "Gross Profit": 300,
        "Operating Income": 118,
        "EBIT": 181,
        "Net Income": 61
    },
    "2011-09-30": {
        "Diluted EPS": 0.45,
        "Total Revenue": 286,
        "Gross Profit": 240,
        "Operating Income": 75,
        "EBIT": 131,
        "Net Income": 37
    },
    "2011-06-30": {
        "Diluted EPS": 0.56,
        "Total Revenue": 381,
        "Gross Profit": 268,
        "Operating Income": 95,
        "EBIT": 152,
        "Net Income": 47
    },
    "2011-03-31": {
        "Diluted EPS": 1.38,
        "Total Revenue": 661,
        "Gross Profit": 354,
        "Operating Income": 154,
        "EBIT": 214,
        "Net Income": 116
    },
    "2010-12-31": {
        "Diluted EPS": 0.7,
        "Total Revenue": 451,
        "Gross Profit": 288,
        "Operating Income": 117,
        "EBIT": 171,
        "Net Income": 59
    },
    "2010-09-30": {
        "Diluted EPS": 0.47,
        "Total Revenue": 286,
        "Gross Profit": 229,
        "Operating Income": 74,
        "EBIT": 123,
        "Net Income": 38
    },
    "2010-06-30": {
        "Diluted EPS": 0.51,
        "Total Revenue": 352,
        "Gross Profit": 255,
        "Operating Income": 89,
        "EBIT": 140,
        "Net Income": 43
    },
    "2010-03-31": {
        "Diluted EPS": 0.97,
        "Total Revenue": 668,
        "Gross Profit": 335,
        "Operating Income": 152,
        "EBIT": 199,
        "Net Income": 80
    },
    "2009-12-31": {
        "Diluted EPS": 0.78,
        "Total Revenue": 454,
        "Gross Profit": 283,
        "Operating Income": 126,
        "EBIT": 171,
        "Net Income": 64
    },
    "2009-09-30": {
        "Diluted EPS": 0.33,
        "Total Revenue": 273,
        "Gross Profit": 217,
        "Operating Income": 69,
        "EBIT": 114,
        "Net Income": 27
    },
    "2009-06-30": {
        "Diluted EPS": 0.53,
        "Total Revenue": 367,
        "Gross Profit": 240,
        "Operating Income": 87,
        "EBIT": 131,
        "Net Income": 43
    },
    "2009-03-31": {
        "Diluted EPS": 0.92,
        "Total Revenue": 805,
        "Gross Profit": 319,
        "Operating Income": 138,
        "EBIT": 180,
        "Net Income": 73
    },
    "2023-09-30": {
        "Tax Effect Of Unusual Items": NaN,
        "Tax Rate For Calcs": NaN,
        "Normalized EBITDA": NaN,
        "Total Unusual Items": 0.0,
        "Total Unusual Items Excluding Goodwill": 0.0,
        "Net Income From Continuing Operation Net Minority Interest": NaN,
        "Reconciled Depreciation": NaN,
        "Reconciled Cost Of Revenue": NaN,
        "EBITDA": NaN,
        "EBIT": NaN,
        "Net Interest Income": NaN,
        "Interest Expense": NaN,
        "Normalized Income": NaN,
        "Net Income From Continuing And Discontinued Operation": NaN,
        "Total Expenses": NaN,
        "Total Operating Income As Reported": NaN,
        "Diluted Average Shares": NaN,
        "Basic Average Shares": NaN,
        "Diluted EPS": NaN,
        "Basic EPS": NaN,
        "Diluted NI Availto Com Stockholders": NaN,
        "Net Income Common Stockholders": NaN,
        "Net Income": NaN,
        "Net Income Including Noncontrolling Interests": NaN,
        "Net Income Continuous Operations": NaN,
        "Tax Provision": NaN,
        "Pretax Income": NaN,
        "Other Income Expense": NaN,
        "Other Non Operating Income Expenses": NaN,
        "Special Income Charges": 0.0,
        "Gain On Sale Of Ppe": 0.0,
        "Impairment Of Capital Assets": NaN,
        "Net Non Operating Interest Income Expense": NaN,
        "Interest Expense Non Operating": NaN,
        "Operating Income": NaN,
        "Operating Expense": NaN,
        "Other Taxes": NaN,
        "Gross Profit": NaN,
        "Cost Of Revenue": NaN,
        "Total Revenue": NaN,
        "Operating Revenue": NaN
    },
    "2023-12-31": {
        "Tax Effect Of Unusual Items": 0.0,
        "Tax Rate For Calcs": 0.245,
        "Normalized EBITDA": 326632000.0,
        "Total Unusual Items": 0.0,
        "Total Unusual Items Excluding Goodwill": 0.0,
        "Net Income From Continuing Operation Net Minority Interest": 133020000.0,
        "Reconciled Depreciation": 115790000.0,
        "Reconciled Cost Of Revenue": 295835000.0,
        "EBITDA": 326632000.0,
        "EBIT": 210842000.0,
        "Net Interest Income": -34735000.0,
        "Interest Expense": 34735000.0,
        "Normalized Income": 133020000.0,
        "Net Income From Continuing And Discontinued Operation": 133020000.0,
        "Total Expenses": 318251000.0,
        "Total Operating Income As Reported": 207110000.0,
        "Diluted Average Shares": 92442145.0,
        "Basic Average Shares": 91910244.0,
        "Diluted EPS": 1.44,
        "Basic EPS": 1.45,
        "Diluted NI Availto Com Stockholders": 133020000.0,
        "Net Income Common Stockholders": 133020000.0,
        "Net Income": 133020000.0,
        "Net Income Including Noncontrolling Interests": 133020000.0,
        "Net Income Continuous Operations": 133020000.0,
        "Tax Provision": 43087000.0,
        "Pretax Income": 176107000.0,
        "Other Income Expense": 3732000.0,
        "Other Non Operating Income Expenses": 3732000.0,
        "Special Income Charges": 0.0,
        "Gain On Sale Of Ppe": NaN,
        "Impairment Of Capital Assets": 0.0,
        "Net Non Operating Interest Income Expense": -34735000.0,
        "Interest Expense Non Operating": 34735000.0,
        "Operating Income": 207110000.0,
        "Operating Expense": 22416000.0,
        "Other Taxes": 22416000.0,
        "Gross Profit": 229526000.0,
        "Cost Of Revenue": 295835000.0,
        "Total Revenue": 525361000.0,
        "Operating Revenue": 525361000.0
    },
    "2024-03-31": {
        "Tax Effect Of Unusual Items": 0.0,
        "Tax Rate For Calcs": 0.25,
        "Normalized EBITDA": 375628000.0,
        "Total Unusual Items": NaN,
        "Total Unusual Items Excluding Goodwill": NaN,
        "Net Income From Continuing Operation Net Minority Interest": 166272000.0,
        "Reconciled Depreciation": 118935000.0,
        "Reconciled Cost Of Revenue": 356297000.0,
        "EBITDA": 375628000.0,
        "EBIT": 256693000.0,
        "Net Interest Income": -35089000.0,
        "Interest Expense": 35089000.0,
        "Normalized Income": 166272000.0,
        "Net Income From Continuing And Discontinued Operation": 166272000.0,
        "Total Expenses": 379316000.0,
        "Total Operating Income As Reported": 250623000.0,
        "Diluted Average Shares": 92512447.0,
        "Basic Average Shares": 92114415.0,
        "Diluted EPS": 1.8,
        "Basic EPS": 1.81,
        "Diluted NI Availto Com Stockholders": 166272000.0,
        "Net Income Common Stockholders": 166272000.0,
        "Net Income": 166272000.0,
        "Net Income Including Noncontrolling Interests": 166272000.0,
        "Net Income Continuous Operations": 166272000.0,
        "Tax Provision": 55332000.0,
        "Pretax Income": 221604000.0,
        "Other Income Expense": 6070000.0,
        "Other Non Operating Income Expenses": 6070000.0,
        "Special Income Charges": NaN,
        "Gain On Sale Of Ppe": NaN,
        "Impairment Of Capital Assets": NaN,
        "Net Non Operating Interest Income Expense": -35089000.0,
        "Interest Expense Non Operating": 35089000.0,
        "Operating Income": 250623000.0,
        "Operating Expense": 23019000.0,
        "Other Taxes": 23019000.0,
        "Gross Profit": 273642000.0,
        "Cost Of Revenue": 356297000.0,
        "Total Revenue": 629939000.0,
        "Operating Revenue": 629939000.0
    },
    "2024-06-30": {
        "Tax Effect Of Unusual Items": -68838728.0,
        "Tax Rate For Calcs": 0.343,
        "Normalized EBITDA": 265898000.0,
        "Total Unusual Items": -200696000.0,
        "Total Unusual Items Excluding Goodwill": -200696000.0,
        "Net Income From Continuing Operation Net Minority Interest": -54158000.0,
        "Reconciled Depreciation": 113454000.0,
        "Reconciled Cost Of Revenue": 246985000.0,
        "EBITDA": 65202000.0,
        "EBIT": -48252000.0,
        "Net Interest Income": -34217000.0,
        "Interest Expense": 34217000.0,
        "Normalized Income": 77699272.0,
        "Net Income From Continuing And Discontinued Operation": -54158000.0,
        "Total Expenses": 268186000.0,
        "Total Operating Income As Reported": -51440000.0,
        "Diluted Average Shares": 91874049.0,
        "Basic Average Shares": 91874049.0,
        "Diluted EPS": -0.59,
        "Basic EPS": -0.59,
        "Diluted NI Availto Com Stockholders": -54158000.0,
        "Net Income Common Stockholders": -54158000.0,
        "Net Income": -54158000.0,
        "Net Income Including Noncontrolling Interests": -54158000.0,
        "Net Income Continuous Operations": -54158000.0,
        "Tax Provision": -28311000.0,
        "Pretax Income": -82469000.0,
        "Other Income Expense": -197508000.0,
        "Other Non Operating Income Expenses": 3188000.0,
        "Special Income Charges": -200696000.0,
        "Gain On Sale Of Ppe": NaN,
        "Impairment Of Capital Assets": 200696000.0,
        "Net Non Operating Interest Income Expense": -34217000.0,
        "Interest Expense Non Operating": 34217000.0,
        "Operating Income": 149256000.0,
        "Operating Expense": 21201000.0,
        "Other Taxes": 21201000.0,
        "Gross Profit": 170457000.0,
        "Cost Of Revenue": 246985000.0,
        "Total Revenue": 417442000.0,
        "Operating Revenue": 417442000.0
    },
    "2024-09-30": {
        "Tax Effect Of Unusual Items": -84314134.042731,
        "Tax Rate For Calcs": 0.264778,
        "Normalized EBITDA": 233947000.0,
        "Total Unusual Items": -318433000.0,
        "Total Unusual Items Excluding Goodwill": -318433000.0,
        "Net Income From Continuing Operation Net Minority Interest": -167621000.0,
        "Reconciled Depreciation": 108847000.0,
        "Reconciled Cost Of Revenue": 227989000.0,
        "EBITDA": -84486000.0,
        "EBIT": -193333000.0,
        "Net Interest Income": -34654000.0,
        "Interest Expense": 34654000.0,
        "Normalized Income": 66497865.957269,
        "Net Income From Continuing And Discontinued Operation": -167621000.0,
        "Total Expenses": 250205000.0,
        "Total Operating Income As Reported": -196570000.0,
        "Diluted Average Shares": 91270386.0,
        "Basic Average Shares": 91270386.0,
        "Diluted EPS": -1.84,
        "Basic EPS": -1.84,
        "Diluted NI Availto Com Stockholders": -167621000.0,
        "Net Income Common Stockholders": -167621000.0,
        "Net Income": -167621000.0,
        "Net Income Including Noncontrolling Interests": -167621000.0,
        "Net Income Continuous Operations": -167621000.0,
        "Tax Provision": -60366000.0,
        "Pretax Income": -227987000.0,
        "Other Income Expense": -315196000.0,
        "Other Non Operating Income Expenses": 3237000.0,
        "Special Income Charges": -318433000.0,
        "Gain On Sale Of Ppe": NaN,
        "Impairment Of Capital Assets": 318433000.0,
        "Net Non Operating Interest Income Expense": -34654000.0,
        "Interest Expense Non Operating": 34654000.0,
        "Operating Income": 121863000.0,
        "Operating Expense": 22216000.0,
        "Other Taxes": 22216000.0,
        "Gross Profit": 144079000.0,
        "Cost Of Revenue": 227989000.0,
        "Total Revenue": 372068000.0,
        "Operating Revenue": 372068000.0
    },
    "2024-12-31": {
        "Tax Effect Of Unusual Items": -28218598.0,
        "Tax Rate For Calcs": 0.199,
        "Normalized EBITDA": 345083000.0,
        "Total Unusual Items": -141802000.0,
        "Total Unusual Items Excluding Goodwill": -141802000.0,
        "Net Income From Continuing Operation Net Minority Interest": 44986000.0,
        "Reconciled Depreciation": 109370000.0,
        "Reconciled Cost Of Revenue": 299433000.0,
        "EBITDA": 203281000.0,
        "EBIT": 93911000.0,
        "Net Interest Income": -37743000.0,
        "Interest Expense": 37743000.0,
        "Normalized Income": 158569402.0,
        "Net Income From Continuing And Discontinued Operation": 44986000.0,
        "Total Expenses": 321489000.0,
        "Total Operating Income As Reported": 86191000.0,
        "Diluted Average Shares": 91434741.0,
        "Basic Average Shares": 90777446.0,
        "Diluted EPS": 0.49,
        "Basic EPS": 0.5,
        "Diluted NI Availto Com Stockholders": 44986000.0,
        "Net Income Common Stockholders": 44986000.0,
        "Net Income": 44986000.0,
        "Net Income Including Noncontrolling Interests": 44986000.0,
        "Net Income Continuous Operations": 44986000.0,
        "Tax Provision": 11182000.0,
        "Pretax Income": 56168000.0,
        "Other Income Expense": -134082000.0,
        "Other Non Operating Income Expenses": 7720000.0,
        "Special Income Charges": -141802000.0,
        "Gain On Sale Of Ppe": NaN,
        "Impairment Of Capital Assets": 141802000.0,
        "Net Non Operating Interest Income Expense": -37743000.0,
        "Interest Expense Non Operating": 37743000.0,
        "Operating Income": 227993000.0,
        "Operating Expense": 22056000.0,
        "Other Taxes": 22056000.0,
        "Gross Profit": 250049000.0,
        "Cost Of Revenue": 299433000.0,
        "Total Revenue": 549482000.0,
        "Operating Revenue": 549482000.0
    }
}