{
    "2023-06-30": {
        "Tax Effect Of Unusual Items": NaN,
        "Tax Rate For Calcs": NaN,
        "Normalized EBITDA": NaN,
        "Net Income From Continuing Operation Net Minority Interest": NaN,
        "Reconciled Depreciation": NaN,
        "EBITDA": NaN,
        "EBIT": NaN,
        "Net Interest Income": NaN,
        "Interest Expense": NaN,
        "Interest Income": NaN,
        "Normalized Income": NaN,
        "Net Income From Continuing And Discontinued Operation": NaN,
        "Total Expenses": NaN,
        "Total Operating Income As Reported": NaN,
        "Diluted Average Shares": 1475721.0,
        "Basic Average Shares": 1475721.0,
        "Diluted EPS": -8.036749,
        "Basic EPS": -8.036749,
        "Diluted NI Availto Com Stockholders": NaN,
        "Net Income Common Stockholders": NaN,
        "Net Income": NaN,
        "Net Income Including Noncontrolling Interests": NaN,
        "Net Income Continuous Operations": NaN,
        "Pretax Income": NaN,
        "Other Income Expense": NaN,
        "Other Non Operating Income Expenses": NaN,
        "Net Non Operating Interest Income Expense": NaN,
        "Interest Expense Non Operating": NaN,
        "Interest Income Non Operating": NaN,
        "Operating Income": NaN,
        "Operating Expense": NaN,
        "Research And Development": NaN,
        "Selling General And Administration": NaN,
        "General And Administrative Expense": NaN,
        "Other Gand A": NaN,
        "Total Revenue": NaN,
        "Operating Revenue": NaN
    },
    "2023-09-30": {
        "Tax Effect Of Unusual Items": NaN,
        "Tax Rate For Calcs": NaN,
        "Normalized EBITDA": NaN,
        "Net Income From Continuing Operation Net Minority Interest": NaN,
        "Reconciled Depreciation": NaN,
        "EBITDA": NaN,
        "EBIT": NaN,
        "Net Interest Income": NaN,
        "Interest Expense": NaN,
        "Interest Income": NaN,
        "Normalized Income": NaN,
        "Net Income From Continuing And Discontinued Operation": NaN,
        "Total Expenses": NaN,
        "Total Operating Income As Reported": NaN,
        "Diluted Average Shares": 1475721.0,
        "Basic Average Shares": 1475721.0,
        "Diluted EPS": -9.88,
        "Basic EPS": -9.88,
        "Diluted NI Availto Com Stockholders": NaN,
        "Net Income Common Stockholders": NaN,
        "Net Income": NaN,
        "Net Income Including Noncontrolling Interests": NaN,
        "Net Income Continuous Operations": NaN,
        "Pretax Income": NaN,
        "Other Income Expense": NaN,
        "Other Non Operating Income Expenses": NaN,
        "Net Non Operating Interest Income Expense": NaN,
        "Interest Expense Non Operating": NaN,
        "Interest Income Non Operating": NaN,
        "Operating Income": NaN,
        "Operating Expense": NaN,
        "Research And Development": NaN,
        "Selling General And Administration": NaN,
        "General And Administrative Expense": NaN,
        "Other Gand A": NaN,
        "Salaries And Wages": NaN,
        "Total Revenue": NaN,
        "Operating Revenue": NaN
    },
    "2024-03-31": {
        "Tax Effect Of Unusual Items": 0.0,
        "Tax Rate For Calcs": 0.0,
        "Normalized EBITDA": -16093000.0,
        "Net Income From Continuing Operation Net Minority Interest": -16921000.0,
        "Reconciled Depreciation": 825000.0,
        "EBITDA": -16093000.0,
        "EBIT": -16918000.0,
        "Net Interest Income": 2317000.0,
        "Interest Expense": 3000.0,
        "Interest Income": 2320000.0,
        "Normalized Income": -16921000.0,
        "Net Income From Continuing And Discontinued Operation": -16921000.0,
        "Total Expenses": 18779000.0,
        "Total Operating Income As Reported": -18779000.0,
        "Diluted Average Shares": 16903735.0,
        "Basic Average Shares": 16903735.0,
        "Diluted EPS": -1.0,
        "Basic EPS": -1.0,
        "Diluted NI Availto Com Stockholders": -16921000.0,
        "Net Income Common Stockholders": -16921000.0,
        "Net Income": -16921000.0,
        "Net Income Including Noncontrolling Interests": -16921000.0,
        "Net Income Continuous Operations": -16921000.0,
        "Pretax Income": -16921000.0,
        "Other Income Expense": -459000.0,
        "Other Non Operating Income Expenses": -459000.0,
        "Net Non Operating Interest Income Expense": 2317000.0,
        "Interest Expense Non Operating": 3000.0,
        "Interest Income Non Operating": 2320000.0,
        "Operating Income": -18779000.0,
        "Operating Expense": 18779000.0,
        "Research And Development": 13541000.0,
        "Selling General And Administration": 5238000.0,
        "General And Administrative Expense": 5238000.0,
        "Other Gand A": 2657000.0,
        "Salaries And Wages": 2581000.0,
        "Total Revenue": 0.0,
        "Operating Revenue": 0.0
    },
    "2023-03-31": {
        "Tax Effect Of Unusual Items": 0.0,
        "Tax Rate For Calcs": 0.0,
        "Normalized EBITDA": -11443000.0,
        "Net Income From Continuing Operation Net Minority Interest": -12263000.0,
        "Reconciled Depreciation": 818000.0,
        "EBITDA": -11443000.0,
        "EBIT": -12261000.0,
        "Net Interest Income": 775000.0,
        "Interest Expense": 2000.0,
        "Interest Income": 777000.0,
        "Normalized Income": -12263000.0,
        "Net Income From Continuing And Discontinued Operation": -12263000.0,
        "Total Expenses": 13035000.0,
        "Total Operating Income As Reported": -13035000.0,
        "Diluted Average Shares": 1475721.0,
        "Basic Average Shares": 1475721.0,
        "Diluted EPS": -8.309836,
        "Basic EPS": -8.309836,
        "Diluted NI Availto Com Stockholders": -12263000.0,
        "Net Income Common Stockholders": -12263000.0,
        "Net Income": -12263000.0,
        "Net Income Including Noncontrolling Interests": -12263000.0,
        "Net Income Continuous Operations": -12263000.0,
        "Pretax Income": -12263000.0,
        "Other Income Expense": -3000.0,
        "Other Non Operating Income Expenses": -3000.0,
        "Net Non Operating Interest Income Expense": 775000.0,
        "Interest Expense Non Operating": 2000.0,
        "Interest Income Non Operating": 777000.0,
        "Operating Income": -13035000.0,
        "Operating Expense": 13035000.0,
        "Research And Development": 10283000.0,
        "Selling General And Administration": 2752000.0,
        "General And Administrative Expense": 2752000.0,
        "Other Gand A": 2752000.0,
        "Total Revenue": 0.0,
        "Operating Revenue": 0.0
    },
    "2024-06-30": {
        "Tax Effect Of Unusual Items": 0.0,
        "Tax Rate For Calcs": 0.0,
        "Normalized EBITDA": -17671000.0,
        "Net Income From Continuing Operation Net Minority Interest": -18492000.0,
        "Reconciled Depreciation": 817000.0,
        "EBITDA": -17671000.0,
        "EBIT": -18488000.0,
        "Net Interest Income": 2031000.0,
        "Interest Expense": 4000.0,
        "Interest Income": 2035000.0,
        "Normalized Income": -18492000.0,
        "Net Income From Continuing And Discontinued Operation": -18492000.0,
        "Total Expenses": 21059000.0,
        "Total Operating Income As Reported": -20134000.0,
        "Diluted Average Shares": 16941524.0,
        "Basic Average Shares": 16941524.0,
        "Diluted EPS": -1.09,
        "Basic EPS": -1.09,
        "Diluted NI Availto Com Stockholders": -18492000.0,
        "Net Income Common Stockholders": -18492000.0,
        "Net Income": -18492000.0,
        "Net Income Including Noncontrolling Interests": -18492000.0,
        "Net Income Continuous Operations": -18492000.0,
        "Pretax Income": -18492000.0,
        "Other Income Expense": -389000.0,
        "Other Non Operating Income Expenses": -389000.0,
        "Net Non Operating Interest Income Expense": 2031000.0,
        "Interest Expense Non Operating": 4000.0,
        "Interest Income Non Operating": 2035000.0,
        "Operating Income": -20134000.0,
        "Operating Expense": 21059000.0,
        "Research And Development": 15744000.0,
        "Selling General And Administration": 5315000.0,
        "General And Administrative Expense": 5315000.0,
        "Other Gand A": 5315000.0,
        "Salaries And Wages": NaN,
        "Total Revenue": 925000.0,
        "Operating Revenue": 925000.0
    },
    "2024-09-30": {
        "Tax Effect Of Unusual Items": 0.0,
        "Tax Rate For Calcs": 0.0,
        "Normalized EBITDA": -19407000.0,
        "Net Income From Continuing Operation Net Minority Interest": -20217000.0,
        "Reconciled Depreciation": 807000.0,
        "EBITDA": -19407000.0,
        "EBIT": -20214000.0,
        "Net Interest Income": 1839000.0,
        "Interest Expense": 3000.0,
        "Interest Income": 1842000.0,
        "Normalized Income": -20217000.0,
        "Net Income From Continuing And Discontinued Operation": -20217000.0,
        "Total Expenses": 22180000.0,
        "Total Operating Income As Reported": -22180000.0,
        "Diluted Average Shares": 16953443.0,
        "Basic Average Shares": 16953443.0,
        "Diluted EPS": -1.19,
        "Basic EPS": -1.19,
        "Diluted NI Availto Com Stockholders": -20217000.0,
        "Net Income Common Stockholders": -20217000.0,
        "Net Income": -20217000.0,
        "Net Income Including Noncontrolling Interests": -20217000.0,
        "Net Income Continuous Operations": -20217000.0,
        "Pretax Income": -20217000.0,
        "Other Income Expense": 124000.0,
        "Other Non Operating Income Expenses": 124000.0,
        "Net Non Operating Interest Income Expense": 1839000.0,
        "Interest Expense Non Operating": 3000.0,
        "Interest Income Non Operating": 1842000.0,
        "Operating Income": -22180000.0,
        "Operating Expense": 22180000.0,
        "Research And Development": 16285000.0,
        "Selling General And Administration": 5895000.0,
        "General And Administrative Expense": 5895000.0,
        "Other Gand A": 5895000.0,
        "Salaries And Wages": NaN,
        "Total Revenue": 0.0,
        "Operating Revenue": 0.0
    },
    "2023-12-31": {
        "Tax Effect Of Unusual Items": 0.0,
        "Tax Rate For Calcs": 0.21,
        "Normalized EBITDA": 3214000.0,
        "Net Income From Continuing Operation Net Minority Interest": 2383000.0,
        "Reconciled Depreciation": 828000.0,
        "EBITDA": 3214000.0,
        "EBIT": 2386000.0,
        "Net Interest Income": 778000.0,
        "Interest Expense": 3000.0,
        "Interest Income": 781000.0,
        "Normalized Income": 2383000.0,
        "Net Income From Continuing And Discontinued Operation": 2383000.0,
        "Total Expenses": 14733000.0,
        "Total Operating Income As Reported": -14733000.0,
        "Diluted Average Shares": NaN,
        "Basic Average Shares": NaN,
        "Diluted EPS": NaN,
        "Basic EPS": NaN,
        "Diluted NI Availto Com Stockholders": 2383000.0,
        "Net Income Common Stockholders": 2383000.0,
        "Net Income": 2383000.0,
        "Net Income Including Noncontrolling Interests": 2383000.0,
        "Net Income Continuous Operations": 2383000.0,
        "Pretax Income": 2383000.0,
        "Other Income Expense": 16338000.0,
        "Other Non Operating Income Expenses": -17000.0,
        "Net Non Operating Interest Income Expense": 778000.0,
        "Interest Expense Non Operating": 3000.0,
        "Interest Income Non Operating": 781000.0,
        "Operating Income": -14733000.0,
        "Operating Expense": 14733000.0,
        "Research And Development": 12184000.0,
        "Selling General And Administration": 2549000.0,
        "General And Administrative Expense": 2549000.0,
        "Other Gand A": 2549000.0,
        "Total Revenue": 0.0,
        "Operating Revenue": 0.0
    },
    "2024-12-31": {
        "Tax Effect Of Unusual Items": 0.0,
        "Tax Rate For Calcs": 0.0,
        "Normalized EBITDA": -18714000.0,
        "Net Income From Continuing Operation Net Minority Interest": -19514000.0,
        "Reconciled Depreciation": 798000.0,
        "EBITDA": -18714000.0,
        "EBIT": -19512000.0,
        "Net Interest Income": 2268000.0,
        "Interest Expense": 2000.0,
        "Interest Income": 2270000.0,
        "Normalized Income": -19514000.0,
        "Net Income From Continuing And Discontinued Operation": -19514000.0,
        "Total Expenses": 21512000.0,
        "Total Operating Income As Reported": -21512000.0,
        "Diluted Average Shares": NaN,
        "Basic Average Shares": NaN,
        "Diluted EPS": NaN,
        "Basic EPS": NaN,
        "Diluted NI Availto Com Stockholders": -19514000.0,
        "Net Income Common Stockholders": -19514000.0,
        "Net Income": -19514000.0,
        "Net Income Including Noncontrolling Interests": -19514000.0,
        "Net Income Continuous Operations": -19514000.0,
        "Pretax Income": -19514000.0,
        "Other Income Expense": -270000.0,
        "Other Non Operating Income Expenses": -844000.0,
        "Net Non Operating Interest Income Expense": 2268000.0,
        "Interest Expense Non Operating": 2000.0,
        "Interest Income Non Operating": 2270000.0,
        "Operating Income": -21512000.0,
        "Operating Expense": 21512000.0,
        "Research And Development": 15347000.0,
        "Selling General And Administration": 6165000.0,
        "General And Administrative Expense": 6165000.0,
        "Other Gand A": 6165000.0,
        "Salaries And Wages": NaN,
        "Total Revenue": 0.0,
        "Operating Revenue": 0.0
    },
    "2025-03-31": {
        "Tax Effect Of Unusual Items": 0.0,
        "Tax Rate For Calcs": 0.0,
        "Normalized EBITDA": -21883000.0,
        "Net Income From Continuing Operation Net Minority Interest": -22647000.0,
        "Reconciled Depreciation": 762000.0,
        "EBITDA": -21883000.0,
        "EBIT": -22645000.0,
        "Net Interest Income": 3204000.0,
        "Interest Expense": 2000.0,
        "Interest Income": 3206000.0,
        "Normalized Income": -22647000.0,
        "Net Income From Continuing And Discontinued Operation": -22647000.0,
        "Total Expenses": 25919000.0,
        "Total Operating Income As Reported": -25919000.0,
        "Diluted Average Shares": 20996287.0,
        "Basic Average Shares": 20996287.0,
        "Diluted EPS": -1.08,
        "Basic EPS": -1.08,
        "Diluted NI Availto Com Stockholders": -22647000.0,
        "Net Income Common Stockholders": -22647000.0,
        "Net Income": -22647000.0,
        "Net Income Including Noncontrolling Interests": -22647000.0,
        "Net Income Continuous Operations": -22647000.0,
        "Pretax Income": -22647000.0,
        "Other Income Expense": 68000.0,
        "Other Non Operating Income Expenses": 68000.0,
        "Net Non Operating Interest Income Expense": 3204000.0,
        "Interest Expense Non Operating": 2000.0,
        "Interest Income Non Operating": 3206000.0,
        "Operating Income": -25919000.0,
        "Operating Expense": 25919000.0,
        "Research And Development": 17760000.0,
        "Selling General And Administration": 8159000.0,
        "General And Administrative Expense": 8159000.0,
        "Other Gand A": 3197000.0,
        "Salaries And Wages": 4962000.0,
        "Total Revenue": 0.0,
        "Operating Revenue": 0.0
    }
}