{
    "2023-03-31": {
        "Tax Effect Of Unusual Items": NaN,
        "Tax Rate For Calcs": NaN,
        "Normalized EBITDA": NaN,
        "Total Unusual Items": NaN,
        "Total Unusual Items Excluding Goodwill": NaN,
        "Net Income From Continuing Operation Net Minority Interest": NaN,
        "Reconciled Depreciation": NaN,
        "Reconciled Cost Of Revenue": NaN,
        "EBITDA": NaN,
        "EBIT": NaN,
        "Net Interest Income": NaN,
        "Interest Expense": NaN,
        "Interest Income": NaN,
        "Normalized Income": NaN,
        "Net Income From Continuing And Discontinued Operation": NaN,
        "Total Expenses": NaN,
        "Diluted Average Shares": NaN,
        "Basic Average Shares": NaN,
        "Diluted EPS": NaN,
        "Basic EPS": NaN,
        "Diluted NI Availto Com Stockholders": NaN,
        "Net Income Common Stockholders": NaN,
        "Net Income": NaN,
        "Net Income Including Noncontrolling Interests": NaN,
        "Net Income Continuous Operations": NaN,
        "Tax Provision": NaN,
        "Pretax Income": NaN,
        "Other Income Expense": NaN,
        "Other Non Operating Income Expenses": -3200000.0,
        "Special Income Charges": NaN,
        "Impairment Of Capital Assets": NaN,
        "Restructuring And Mergern Acquisition": NaN,
        "Earnings From Equity Interest": NaN,
        "Gain On Sale Of Security": NaN,
        "Net Non Operating Interest Income Expense": NaN,
        "Interest Expense Non Operating": NaN,
        "Interest Income Non Operating": NaN,
        "Operating Income": NaN,
        "Operating Expense": NaN,
        "Research And Development": NaN,
        "Selling General And Administration": NaN,
        "Gross Profit": NaN,
        "Cost Of Revenue": NaN,
        "Total Revenue": NaN,
        "Operating Revenue": NaN
    },
    "2022-12-31": {
        "Tax Effect Of Unusual Items": NaN,
        "Tax Rate For Calcs": NaN,
        "Normalized EBITDA": NaN,
        "Total Unusual Items": NaN,
        "Total Unusual Items Excluding Goodwill": NaN,
        "Net Income From Continuing Operation Net Minority Interest": NaN,
        "Reconciled Depreciation": NaN,
        "Reconciled Cost Of Revenue": NaN,
        "EBITDA": NaN,
        "EBIT": NaN,
        "Net Interest Income": NaN,
        "Interest Expense": NaN,
        "Interest Income": NaN,
        "Normalized Income": NaN,
        "Net Income From Continuing And Discontinued Operation": NaN,
        "Total Expenses": NaN,
        "Diluted Average Shares": NaN,
        "Basic Average Shares": NaN,
        "Diluted EPS": NaN,
        "Basic EPS": NaN,
        "Diluted NI Availto Com Stockholders": NaN,
        "Net Income Common Stockholders": NaN,
        "Net Income": NaN,
        "Net Income Including Noncontrolling Interests": NaN,
        "Net Income Continuous Operations": NaN,
        "Tax Provision": NaN,
        "Pretax Income": NaN,
        "Other Income Expense": NaN,
        "Other Non Operating Income Expenses": -12400000.0,
        "Special Income Charges": NaN,
        "Restructuring And Mergern Acquisition": NaN,
        "Earnings From Equity Interest": NaN,
        "Gain On Sale Of Security": NaN,
        "Net Non Operating Interest Income Expense": NaN,
        "Interest Expense Non Operating": NaN,
        "Interest Income Non Operating": NaN,
        "Operating Income": NaN,
        "Operating Expense": NaN,
        "Research And Development": NaN,
        "Selling General And Administration": NaN,
        "Gross Profit": NaN,
        "Cost Of Revenue": NaN,
        "Total Revenue": NaN,
        "Operating Revenue": NaN
    },
    "2022-09-30": {
        "Tax Effect Of Unusual Items": -1107306.889353,
        "Tax Rate For Calcs": 0.212944,
        "Normalized EBITDA": 138200000.0,
        "Total Unusual Items": -5200000.0,
        "Total Unusual Items Excluding Goodwill": -5200000.0,
        "Net Income From Continuing Operation Net Minority Interest": 75400000.0,
        "Reconciled Depreciation": 25700000.0,
        "Reconciled Cost Of Revenue": 305700000.0,
        "EBITDA": 133000000.0,
        "EBIT": 107300000.0,
        "Net Interest Income": -11500000.0,
        "Interest Expense": 11500000.0,
        "Interest Income": 1300000.0,
        "Normalized Income": 79492693.110647,
        "Net Income From Continuing And Discontinued Operation": 75400000.0,
        "Total Expenses": 367500000.0,
        "Diluted Average Shares": 38134000.0,
        "Basic Average Shares": 37839000.0,
        "Diluted EPS": 1.98,
        "Basic EPS": 1.99,
        "Diluted NI Availto Com Stockholders": 75400000.0,
        "Net Income Common Stockholders": 75400000.0,
        "Net Income": 75400000.0,
        "Net Income Including Noncontrolling Interests": 75400000.0,
        "Net Income Continuous Operations": 75400000.0,
        "Tax Provision": 20400000.0,
        "Pretax Income": 95800000.0,
        "Other Income Expense": -7200000.0,
        "Other Non Operating Income Expenses": -2000000.0,
        "Special Income Charges": -5200000.0,
        "Restructuring And Mergern Acquisition": 5200000.0,
        "Gain On Sale Of Security": -1200000.0,
        "Net Non Operating Interest Income Expense": -11500000.0,
        "Interest Expense Non Operating": 11500000.0,
        "Interest Income Non Operating": 1300000.0,
        "Operating Income": 114500000.0,
        "Operating Expense": 61800000.0,
        "Research And Development": 7600000.0,
        "Selling General And Administration": 54200000.0,
        "Gross Profit": 176300000.0,
        "Cost Of Revenue": 305700000.0,
        "Total Revenue": 482000000.0,
        "Operating Revenue": 482000000.0
    },
    "2022-06-30": {
        "Tax Effect Of Unusual Items": -807712.418301,
        "Tax Rate For Calcs": 0.218301,
        "Normalized EBITDA": 121100000.0,
        "Total Unusual Items": -3700000.0,
        "Total Unusual Items Excluding Goodwill": -3700000.0,
        "Net Income From Continuing Operation Net Minority Interest": 59800000.0,
        "Reconciled Depreciation": 25800000.0,
        "Reconciled Cost Of Revenue": 269300000.0,
        "EBITDA": 117400000.0,
        "EBIT": 91600000.0,
        "Net Interest Income": -15100000.0,
        "Interest Expense": 15100000.0,
        "Interest Income": 3700000.0,
        "Normalized Income": 62692287.581699,
        "Net Income From Continuing And Discontinued Operation": 59800000.0,
        "Total Expenses": 326200000.0,
        "Diluted Average Shares": 38748000.0,
        "Basic Average Shares": 38515000.0,
        "Diluted EPS": 1.54,
        "Basic EPS": 1.55,
        "Diluted NI Availto Com Stockholders": 59800000.0,
        "Net Income Common Stockholders": 59800000.0,
        "Net Income": 59800000.0,
        "Net Income Including Noncontrolling Interests": 59800000.0,
        "Net Income Continuous Operations": 59800000.0,
        "Tax Provision": 16700000.0,
        "Pretax Income": 76500000.0,
        "Other Income Expense": -2100000.0,
        "Other Non Operating Income Expenses": 1600000.0,
        "Special Income Charges": -3700000.0,
        "Restructuring And Mergern Acquisition": 3700000.0,
        "Gain On Sale Of Security": -100000.0,
        "Net Non Operating Interest Income Expense": -15100000.0,
        "Interest Expense Non Operating": 15100000.0,
        "Interest Income Non Operating": 3700000.0,
        "Operating Income": 93700000.0,
        "Operating Expense": 56900000.0,
        "Research And Development": 8200000.0,
        "Selling General And Administration": 48700000.0,
        "Gross Profit": 150600000.0,
        "Cost Of Revenue": 269300000.0,
        "Total Revenue": 419900000.0,
        "Operating Revenue": 419900000.0
    },
    "2023-06-30": {
        "Tax Effect Of Unusual Items": NaN,
        "Tax Rate For Calcs": NaN,
        "Normalized EBITDA": NaN,
        "Total Unusual Items": NaN,
        "Total Unusual Items Excluding Goodwill": NaN,
        "Net Income From Continuing Operation Net Minority Interest": NaN,
        "Reconciled Depreciation": NaN,
        "Reconciled Cost Of Revenue": NaN,
        "EBITDA": NaN,
        "EBIT": NaN,
        "Net Interest Income": NaN,
        "Interest Expense": NaN,
        "Interest Income": NaN,
        "Normalized Income": NaN,
        "Net Income From Continuing And Discontinued Operation": NaN,
        "Total Expenses": NaN,
        "Diluted Average Shares": NaN,
        "Basic Average Shares": NaN,
        "Diluted EPS": NaN,
        "Basic EPS": NaN,
        "Diluted NI Availto Com Stockholders": NaN,
        "Net Income Common Stockholders": NaN,
        "Net Income": NaN,
        "Net Income Including Noncontrolling Interests": NaN,
        "Net Income Continuous Operations": NaN,
        "Tax Provision": NaN,
        "Pretax Income": NaN,
        "Other Income Expense": NaN,
        "Other Non Operating Income Expenses": NaN,
        "Special Income Charges": NaN,
        "Other Special Charges": NaN,
        "Impairment Of Capital Assets": 0.0,
        "Restructuring And Mergern Acquisition": NaN,
        "Earnings From Equity Interest": NaN,
        "Gain On Sale Of Security": NaN,
        "Net Non Operating Interest Income Expense": NaN,
        "Interest Expense Non Operating": NaN,
        "Interest Income Non Operating": NaN,
        "Operating Income": NaN,
        "Operating Expense": NaN,
        "Research And Development": NaN,
        "Selling General And Administration": NaN,
        "Gross Profit": NaN,
        "Cost Of Revenue": NaN,
        "Total Revenue": NaN,
        "Operating Revenue": NaN
    },
    "2022-03-31": {
        "Diluted EPS": 1.55,
        "Total Revenue": 383,
        "Gross Profit": 138,
        "Operating Income": 87,
        "EBIT": 114,
        "Net Income": 61
    },
    "2021-12-31": {
        "Diluted EPS": 0.76,
        "Total Revenue": 336,
        "Gross Profit": 105,
        "Operating Income": 46,
        "EBIT": 74,
        "Net Income": 29
    },
    "2021-09-30": {
        "Diluted EPS": -0.11,
        "Total Revenue": 377,
        "Gross Profit": 142,
        "Operating Income": 87,
        "EBIT": 115,
        "Net Income": -4
    },
    "2021-06-30": {
        "Diluted EPS": 1.1,
        "Total Revenue": 358,
        "Gross Profit": 140,
        "Operating Income": 82,
        "EBIT": 109,
        "Net Income": 44
    },
    "2021-03-31": {
        "Diluted EPS": 1.2,
        "Total Revenue": 320,
        "Gross Profit": 126,
        "Operating Income": 75,
        "EBIT": 102,
        "Net Income": 49
    },
    "2020-12-31": {
        "Diluted EPS": 1.11,
        "Total Revenue": 326,
        "Gross Profit": 127,
        "Operating Income": 75,
        "EBIT": 102,
        "Net Income": 46
    },
    "2020-09-30": {
        "Diluted EPS": 1.69,
        "Total Revenue": 332,
        "Gross Profit": 140,
        "Operating Income": 94,
        "EBIT": 119,
        "Net Income": 70
    },
    "2020-06-30": {
        "Diluted EPS": 0.49,
        "Total Revenue": 271,
        "Gross Profit": 84,
        "Operating Income": 36,
        "EBIT": 60,
        "Net Income": 20
    },
    "2020-03-31": {
        "Diluted EPS": 1.08,
        "Total Revenue": 288,
        "Gross Profit": 115,
        "Operating Income": 68,
        "EBIT": 92,
        "Net Income": 45
    },
    "2019-12-31": {
        "Diluted EPS": 1.06,
        "Total Revenue": 303,
        "Gross Profit": 111,
        "Operating Income": 64,
        "EBIT": 87,
        "Net Income": 44
    },
    "2019-09-30": {
        "Diluted EPS": 1.41,
        "Total Revenue": 360,
        "Gross Profit": 140,
        "Operating Income": 91,
        "EBIT": 112,
        "Net Income": 60
    },
    "2019-06-30": {
        "Diluted EPS": 1.34,
        "Total Revenue": 353,
        "Gross Profit": 134,
        "Operating Income": 86,
        "EBIT": 107,
        "Net Income": 57
    },
    "2019-03-31": {
        "Diluted EPS": 0.54,
        "Total Revenue": 277,
        "Gross Profit": 97,
        "Operating Income": 30,
        "EBIT": 49,
        "Net Income": 23
    },
    "2018-12-31": {
        "Diluted EPS": 0.99,
        "Total Revenue": 279,
        "Gross Profit": 98,
        "Operating Income": 50,
        "EBIT": 65,
        "Net Income": 42
    },
    "2018-09-30": {
        "Diluted EPS": 1.16,
        "Total Revenue": 311,
        "Gross Profit": 119,
        "Operating Income": 79,
        "EBIT": 93,
        "Net Income": 50
    },
    "2018-06-30": {
        "Diluted EPS": 1.1,
        "Total Revenue": 309,
        "Gross Profit": 116,
        "Operating Income": 74,
        "EBIT": 90,
        "Net Income": 47
    },
    "2018-03-31": {
        "Diluted EPS": 0.72,
        "Total Revenue": 235,
        "Gross Profit": 85,
        "Operating Income": 50,
        "EBIT": 62,
        "Net Income": 31
    },
    "2017-12-31": {
        "Diluted EPS": 0.97,
        "Total Revenue": 230,
        "Gross Profit": 75,
        "Operating Income": 39,
        "EBIT": 49,
        "Net Income": 42
    },
    "2017-09-30": {
        "Diluted EPS": 0.79,
        "Total Revenue": 264,
        "Gross Profit": 93,
        "Operating Income": 58,
        "EBIT": 68,
        "Net Income": 34
    },
    "2017-06-30": {
        "Diluted EPS": 0.76,
        "Total Revenue": 260,
        "Gross Profit": 90,
        "Operating Income": 58,
        "EBIT": 68,
        "Net Income": 32
    },
    "2017-03-31": {
        "Diluted EPS": 0.45,
        "Total Revenue": 219,
        "Gross Profit": 71,
        "Operating Income": 37,
        "EBIT": 47,
        "Net Income": 19
    },
    "2016-12-31": {
        "Diluted EPS": 0.21,
        "Total Revenue": 211,
        "Gross Profit": 56,
        "Operating Income": 20,
        "EBIT": 30,
        "Net Income": 9
    },
    "2016-09-30": {
        "Diluted EPS": -0.17,
        "Total Revenue": 252,
        "Gross Profit": 80,
        "Operating Income": 16,
        "EBIT": 26,
        "Net Income": -7
    },
    "2016-06-30": {
        "Diluted EPS": 0.57,
        "Total Revenue": 245,
        "Gross Profit": 75,
        "Operating Income": 42,
        "EBIT": 51,
        "Net Income": 24
    },
    "2016-03-31": {
        "Diluted EPS": 0.22,
        "Total Revenue": 200,
        "Gross Profit": 63,
        "Operating Income": 25,
        "EBIT": 34,
        "Net Income": 9
    },
    "2015-12-31": {
        "Diluted EPS": 0.16,
        "Total Revenue": 200,
        "Gross Profit": 44,
        "Operating Income": 41,
        "EBIT": 50,
        "Net Income": 7
    },
    "2015-09-30": {
        "Diluted EPS": 0.56,
        "Total Revenue": 257,
        "Gross Profit": 78,
        "Operating Income": 45,
        "EBIT": 53,
        "Net Income": 23
    },
    "2015-06-30": {
        "Diluted EPS": 0.62,
        "Total Revenue": 262,
        "Gross Profit": 85,
        "Operating Income": 48,
        "EBIT": 57,
        "Net Income": 26
    },
    "2015-03-31": {
        "Diluted EPS": 0.55,
        "Total Revenue": 239,
        "Gross Profit": 69,
        "Operating Income": 39,
        "EBIT": 48,
        "Net Income": 23
    },
    "2014-12-31": {
        "Diluted EPS": 0.0,
        "Total Revenue": NaN,
        "Gross Profit": NaN,
        "Operating Income": NaN,
        "EBIT": NaN,
        "Net Income": NaN
    },
    "2013-12-31": {
        "Diluted EPS": 0.0,
        "Total Revenue": NaN,
        "Gross Profit": NaN,
        "Operating Income": NaN,
        "EBIT": NaN,
        "Net Income": NaN
    },
    "2023-09-30": {
        "Tax Effect Of Unusual Items": NaN,
        "Tax Rate For Calcs": NaN,
        "Normalized EBITDA": NaN,
        "Total Unusual Items": NaN,
        "Total Unusual Items Excluding Goodwill": NaN,
        "Net Income From Continuing Operation Net Minority Interest": NaN,
        "Reconciled Depreciation": NaN,
        "Reconciled Cost Of Revenue": NaN,
        "EBITDA": NaN,
        "EBIT": NaN,
        "Net Interest Income": NaN,
        "Interest Expense": NaN,
        "Interest Income": NaN,
        "Normalized Income": NaN,
        "Net Income From Continuing And Discontinued Operation": NaN,
        "Total Expenses": NaN,
        "Diluted Average Shares": NaN,
        "Basic Average Shares": NaN,
        "Diluted EPS": NaN,
        "Basic EPS": NaN,
        "Diluted NI Availto Com Stockholders": NaN,
        "Net Income Common Stockholders": NaN,
        "Net Income": NaN,
        "Net Income Including Noncontrolling Interests": NaN,
        "Net Income Continuous Operations": NaN,
        "Tax Provision": NaN,
        "Pretax Income": NaN,
        "Other Income Expense": NaN,
        "Other Non Operating Income Expenses": NaN,
        "Special Income Charges": NaN,
        "Other Special Charges": 23100000.0,
        "Impairment Of Capital Assets": 0.0,
        "Restructuring And Mergern Acquisition": NaN,
        "Earnings From Equity Interest": NaN,
        "Gain On Sale Of Security": NaN,
        "Net Non Operating Interest Income Expense": NaN,
        "Interest Expense Non Operating": NaN,
        "Interest Income Non Operating": NaN,
        "Operating Income": NaN,
        "Operating Expense": NaN,
        "Research And Development": NaN,
        "Selling General And Administration": NaN,
        "Gross Profit": NaN,
        "Cost Of Revenue": NaN,
        "Total Revenue": NaN,
        "Operating Revenue": NaN
    },
    "2023-12-31": {
        "Tax Effect Of Unusual Items": NaN,
        "Tax Rate For Calcs": NaN,
        "Normalized EBITDA": NaN,
        "Total Unusual Items": NaN,
        "Total Unusual Items Excluding Goodwill": NaN,
        "Net Income From Continuing Operation Net Minority Interest": NaN,
        "Reconciled Depreciation": NaN,
        "Reconciled Cost Of Revenue": NaN,
        "EBITDA": NaN,
        "EBIT": NaN,
        "Net Interest Income": NaN,
        "Interest Expense": NaN,
        "Interest Income": NaN,
        "Normalized Income": NaN,
        "Net Income From Continuing And Discontinued Operation": NaN,
        "Total Expenses": NaN,
        "Diluted Average Shares": NaN,
        "Basic Average Shares": NaN,
        "Diluted EPS": NaN,
        "Basic EPS": NaN,
        "Diluted NI Availto Com Stockholders": NaN,
        "Net Income Common Stockholders": NaN,
        "Net Income": NaN,
        "Net Income Including Noncontrolling Interests": NaN,
        "Net Income Continuous Operations": NaN,
        "Tax Provision": NaN,
        "Pretax Income": NaN,
        "Other Income Expense": NaN,
        "Other Non Operating Income Expenses": -42900000.0,
        "Special Income Charges": NaN,
        "Other Special Charges": NaN,
        "Impairment Of Capital Assets": NaN,
        "Restructuring And Mergern Acquisition": NaN,
        "Earnings From Equity Interest": 0.0,
        "Gain On Sale Of Security": NaN,
        "Net Non Operating Interest Income Expense": NaN,
        "Interest Expense Non Operating": NaN,
        "Interest Income Non Operating": NaN,
        "Operating Income": NaN,
        "Operating Expense": NaN,
        "Research And Development": NaN,
        "Selling General And Administration": NaN,
        "Gross Profit": NaN,
        "Cost Of Revenue": NaN,
        "Total Revenue": NaN,
        "Operating Revenue": NaN
    },
    "2024-03-31": {
        "Tax Effect Of Unusual Items": NaN,
        "Tax Rate For Calcs": NaN,
        "Normalized EBITDA": NaN,
        "Total Unusual Items": NaN,
        "Total Unusual Items Excluding Goodwill": NaN,
        "Net Income From Continuing Operation Net Minority Interest": NaN,
        "Reconciled Depreciation": NaN,
        "Reconciled Cost Of Revenue": NaN,
        "EBITDA": NaN,
        "EBIT": NaN,
        "Net Interest Income": NaN,
        "Interest Expense": NaN,
        "Interest Income": NaN,
        "Normalized Income": NaN,
        "Net Income From Continuing And Discontinued Operation": NaN,
        "Total Expenses": NaN,
        "Diluted Average Shares": NaN,
        "Basic Average Shares": NaN,
        "Diluted EPS": NaN,
        "Basic EPS": NaN,
        "Diluted NI Availto Com Stockholders": NaN,
        "Net Income Common Stockholders": NaN,
        "Net Income": NaN,
        "Net Income Including Noncontrolling Interests": NaN,
        "Net Income Continuous Operations": NaN,
        "Tax Provision": NaN,
        "Pretax Income": NaN,
        "Other Income Expense": NaN,
        "Other Non Operating Income Expenses": NaN,
        "Special Income Charges": NaN,
        "Other Special Charges": NaN,
        "Impairment Of Capital Assets": NaN,
        "Restructuring And Mergern Acquisition": NaN,
        "Earnings From Equity Interest": -4800000.0,
        "Gain On Sale Of Security": NaN,
        "Net Non Operating Interest Income Expense": NaN,
        "Interest Expense Non Operating": NaN,
        "Interest Income Non Operating": NaN,
        "Operating Income": NaN,
        "Operating Expense": NaN,
        "Research And Development": NaN,
        "Selling General And Administration": NaN,
        "Gross Profit": NaN,
        "Cost Of Revenue": NaN,
        "Total Revenue": NaN,
        "Operating Revenue": NaN
    },
    "2024-06-30": {
        "Tax Effect Of Unusual Items": NaN,
        "Tax Rate For Calcs": NaN,
        "Normalized EBITDA": NaN,
        "Total Unusual Items": NaN,
        "Total Unusual Items Excluding Goodwill": NaN,
        "Net Income From Continuing Operation Net Minority Interest": NaN,
        "Reconciled Depreciation": NaN,
        "Reconciled Cost Of Revenue": NaN,
        "EBITDA": NaN,
        "EBIT": NaN,
        "Net Interest Income": NaN,
        "Interest Expense": NaN,
        "Interest Income": NaN,
        "Normalized Income": NaN,
        "Net Income From Continuing And Discontinued Operation": NaN,
        "Total Expenses": NaN,
        "Diluted Average Shares": NaN,
        "Basic Average Shares": NaN,
        "Diluted EPS": NaN,
        "Basic EPS": NaN,
        "Diluted NI Availto Com Stockholders": NaN,
        "Net Income Common Stockholders": NaN,
        "Net Income": NaN,
        "Net Income Including Noncontrolling Interests": NaN,
        "Net Income Discontinuous Operations": NaN,
        "Net Income Continuous Operations": NaN,
        "Tax Provision": NaN,
        "Pretax Income": NaN,
        "Other Income Expense": NaN,
        "Other Non Operating Income Expenses": NaN,
        "Special Income Charges": NaN,
        "Other Special Charges": NaN,
        "Impairment Of Capital Assets": 349100000.0,
        "Restructuring And Mergern Acquisition": NaN,
        "Earnings From Equity Interest": 100000.0,
        "Gain On Sale Of Security": -700000.0,
        "Net Non Operating Interest Income Expense": NaN,
        "Interest Expense Non Operating": NaN,
        "Interest Income Non Operating": NaN,
        "Operating Income": NaN,
        "Operating Expense": NaN,
        "Research And Development": NaN,
        "Selling General And Administration": NaN,
        "Gross Profit": NaN,
        "Cost Of Revenue": NaN,
        "Total Revenue": NaN,
        "Operating Revenue": NaN
    },
    "2024-09-30": {
        "Tax Effect Of Unusual Items": -1032000.0,
        "Tax Rate For Calcs": 0.12,
        "Normalized EBITDA": 113700000.0,
        "Total Unusual Items": -8600000.0,
        "Total Unusual Items Excluding Goodwill": -8600000.0,
        "Net Income From Continuing Operation Net Minority Interest": 47500000.0,
        "Reconciled Depreciation": 26200000.0,
        "Reconciled Cost Of Revenue": 202200000.0,
        "EBITDA": 105100000.0,
        "EBIT": 78900000.0,
        "Net Interest Income": -24200000.0,
        "Interest Expense": 24900000.0,
        "Interest Income": 700000.0,
        "Normalized Income": 55068000.0,
        "Net Income From Continuing And Discontinued Operation": -107200000.0,
        "Total Expenses": 246300000.0,
        "Diluted Average Shares": 36493000.0,
        "Basic Average Shares": 36345000.0,
        "Diluted EPS": -2.95,
        "Basic EPS": -2.95,
        "Diluted NI Availto Com Stockholders": -107200000.0,
        "Net Income Common Stockholders": -107200000.0,
        "Net Income": -107200000.0,
        "Net Income Including Noncontrolling Interests": -107200000.0,
        "Net Income Discontinuous Operations": NaN,
        "Net Income Continuous Operations": 47500000.0,
        "Tax Provision": 6500000.0,
        "Pretax Income": 54000000.0,
        "Other Income Expense": -9300000.0,
        "Other Non Operating Income Expenses": 1500000.0,
        "Special Income Charges": -8000000.0,
        "Other Special Charges": 1300000.0,
        "Impairment Of Capital Assets": 0.0,
        "Restructuring And Mergern Acquisition": 6700000.0,
        "Earnings From Equity Interest": -2200000.0,
        "Gain On Sale Of Security": -600000.0,
        "Net Non Operating Interest Income Expense": -24200000.0,
        "Interest Expense Non Operating": 24900000.0,
        "Interest Income Non Operating": 700000.0,
        "Operating Income": 87500000.0,
        "Operating Expense": 44100000.0,
        "Research And Development": 6200000.0,
        "Selling General And Administration": 37900000.0,
        "Gross Profit": 131600000.0,
        "Cost Of Revenue": 202200000.0,
        "Total Revenue": 333800000.0,
        "Operating Revenue": 333800000.0
    },
    "2024-12-31": {
        "Tax Effect Of Unusual Items": -3171000.0,
        "Tax Rate For Calcs": 0.21,
        "Normalized EBITDA": 74600000.0,
        "Total Unusual Items": -15100000.0,
        "Total Unusual Items Excluding Goodwill": -15100000.0,
        "Net Income From Continuing Operation Net Minority Interest": 16600000.0,
        "Reconciled Depreciation": 25200000.0,
        "Reconciled Cost Of Revenue": 196900000.0,
        "EBITDA": 59500000.0,
        "EBIT": 34300000.0,
        "Net Interest Income": -21200000.0,
        "Interest Expense": 25500000.0,
        "Interest Income": 4300000.0,
        "Normalized Income": 28529000.0,
        "Net Income From Continuing And Discontinued Operation": 16600000.0,
        "Total Expenses": 243600000.0,
        "Diluted Average Shares": 36600000.0,
        "Basic Average Shares": 36300000.0,
        "Diluted EPS": 0.46,
        "Basic EPS": 0.46,
        "Diluted NI Availto Com Stockholders": 16600000.0,
        "Net Income Common Stockholders": 16600000.0,
        "Net Income": 16600000.0,
        "Net Income Including Noncontrolling Interests": 16600000.0,
        "Net Income Discontinuous Operations": NaN,
        "Net Income Continuous Operations": 16600000.0,
        "Tax Provision": -7800000.0,
        "Pretax Income": 8800000.0,
        "Other Income Expense": -25200000.0,
        "Other Non Operating Income Expenses": -10100000.0,
        "Special Income Charges": -14400000.0,
        "Other Special Charges": -4900000.0,
        "Impairment Of Capital Assets": 0.0,
        "Restructuring And Mergern Acquisition": 19300000.0,
        "Earnings From Equity Interest": 0.0,
        "Gain On Sale Of Security": -700000.0,
        "Net Non Operating Interest Income Expense": -21200000.0,
        "Interest Expense Non Operating": 25500000.0,
        "Interest Income Non Operating": 4300000.0,
        "Operating Income": 55200000.0,
        "Operating Expense": 46700000.0,
        "Research And Development": 7300000.0,
        "Selling General And Administration": 39400000.0,
        "Gross Profit": 101900000.0,
        "Cost Of Revenue": 196900000.0,
        "Total Revenue": 298800000.0,
        "Operating Revenue": 298800000.0
    },
    "2025-03-31": {
        "Tax Effect Of Unusual Items": -2514500.0,
        "Tax Rate For Calcs": 0.235,
        "Normalized EBITDA": 83200000.0,
        "Total Unusual Items": -10700000.0,
        "Total Unusual Items Excluding Goodwill": -10700000.0,
        "Net Income From Continuing Operation Net Minority Interest": 20500000.0,
        "Reconciled Depreciation": 24900000.0,
        "Reconciled Cost Of Revenue": 170600000.0,
        "EBITDA": 72500000.0,
        "EBIT": 47600000.0,
        "Net Interest Income": -19600000.0,
        "Interest Expense": 20800000.0,
        "Interest Income": 1200000.0,
        "Normalized Income": 28685500.0,
        "Net Income From Continuing And Discontinued Operation": 20500000.0,
        "Total Expenses": 221400000.0,
        "Diluted Average Shares": 36700000.0,
        "Basic Average Shares": 36400000.0,
        "Diluted EPS": 0.56,
        "Basic EPS": 0.56,
        "Diluted NI Availto Com Stockholders": 20500000.0,
        "Net Income Common Stockholders": 20500000.0,
        "Net Income": 20500000.0,
        "Net Income Including Noncontrolling Interests": 20500000.0,
        "Net Income Discontinuous Operations": NaN,
        "Net Income Continuous Operations": 20500000.0,
        "Tax Provision": 6300000.0,
        "Pretax Income": 26800000.0,
        "Other Income Expense": -16200000.0,
        "Other Non Operating Income Expenses": -5500000.0,
        "Special Income Charges": -12300000.0,
        "Other Special Charges": NaN,
        "Impairment Of Capital Assets": NaN,
        "Restructuring And Mergern Acquisition": 12300000.0,
        "Earnings From Equity Interest": NaN,
        "Gain On Sale Of Security": 1600000.0,
        "Net Non Operating Interest Income Expense": -19600000.0,
        "Interest Expense Non Operating": 20800000.0,
        "Interest Income Non Operating": 1200000.0,
        "Operating Income": 62600000.0,
        "Operating Expense": 50800000.0,
        "Research And Development": 7700000.0,
        "Selling General And Administration": 43100000.0,
        "Gross Profit": 113400000.0,
        "Cost Of Revenue": 170600000.0,
        "Total Revenue": 284000000.0,
        "Operating Revenue": 284000000.0
    },
    "2025-06-30": {
        "Tax Effect Of Unusual Items": -43113000.0,
        "Tax Rate For Calcs": 0.21,
        "Normalized EBITDA": 108200000.0,
        "Total Unusual Items": -205300000.0,
        "Total Unusual Items Excluding Goodwill": -205300000.0,
        "Net Income From Continuing Operation Net Minority Interest": -146500000.0,
        "Reconciled Depreciation": 25600000.0,
        "Reconciled Cost Of Revenue": 227200000.0,
        "EBITDA": -97100000.0,
        "EBIT": -122700000.0,
        "Net Interest Income": -18900000.0,
        "Interest Expense": 20000000.0,
        "Interest Income": 1100000.0,
        "Normalized Income": 15687000.0,
        "Net Income From Continuing And Discontinued Operation": -146500000.0,
        "Total Expenses": 279200000.0,
        "Diluted Average Shares": 36500000.0,
        "Basic Average Shares": 36500000.0,
        "Diluted EPS": -4.02,
        "Basic EPS": -4.02,
        "Diluted NI Availto Com Stockholders": -146500000.0,
        "Net Income Common Stockholders": -146500000.0,
        "Net Income": -146500000.0,
        "Net Income Including Noncontrolling Interests": -146500000.0,
        "Net Income Discontinuous Operations": NaN,
        "Net Income Continuous Operations": -146500000.0,
        "Tax Provision": 3800000.0,
        "Pretax Income": -142700000.0,
        "Other Income Expense": -209700000.0,
        "Other Non Operating Income Expenses": -1900000.0,
        "Special Income Charges": -205700000.0,
        "Other Special Charges": NaN,
        "Impairment Of Capital Assets": 183800000.0,
        "Restructuring And Mergern Acquisition": 21900000.0,
        "Earnings From Equity Interest": -2500000.0,
        "Gain On Sale Of Security": 400000.0,
        "Net Non Operating Interest Income Expense": -18900000.0,
        "Interest Expense Non Operating": 20000000.0,
        "Interest Income Non Operating": 1100000.0,
        "Operating Income": 85900000.0,
        "Operating Expense": 52000000.0,
        "Research And Development": 7800000.0,
        "Selling General And Administration": 44200000.0,
        "Gross Profit": 137900000.0,
        "Cost Of Revenue": 227200000.0,
        "Total Revenue": 365100000.0,
        "Operating Revenue": 365100000.0
    },
    "2025-09-30": {
        "Tax Effect Of Unusual Items": -344000.0,
        "Tax Rate For Calcs": 0.344,
        "Normalized EBITDA": 110800000.0,
        "Total Unusual Items": -1000000.0,
        "Total Unusual Items Excluding Goodwill": -1000000.0,
        "Net Income From Continuing Operation Net Minority Interest": 40800000.0,
        "Reconciled Depreciation": 28000000.0,
        "Reconciled Cost Of Revenue": 199200000.0,
        "EBITDA": 109800000.0,
        "EBIT": 81800000.0,
        "Net Interest Income": -18600000.0,
        "Interest Expense": 19600000.0,
        "Interest Income": 1000000.0,
        "Normalized Income": 41456000.0,
        "Net Income From Continuing And Discontinued Operation": 43500000.0,
        "Total Expenses": 250300000.0,
        "Diluted Average Shares": 36955000.0,
        "Basic Average Shares": 36309000.0,
        "Diluted EPS": 1.18,
        "Basic EPS": 1.2,
        "Diluted NI Availto Com Stockholders": 43500000.0,
        "Net Income Common Stockholders": 43500000.0,
        "Net Income": 43500000.0,
        "Net Income Including Noncontrolling Interests": 43500000.0,
        "Net Income Discontinuous Operations": 2700000.0,
        "Net Income Continuous Operations": 40800000.0,
        "Tax Provision": 21400000.0,
        "Pretax Income": 62200000.0,
        "Other Income Expense": -2000000.0,
        "Other Non Operating Income Expenses": -1000000.0,
        "Special Income Charges": -1000000.0,
        "Other Special Charges": NaN,
        "Impairment Of Capital Assets": 0.0,
        "Restructuring And Mergern Acquisition": 1000000.0,
        "Earnings From Equity Interest": 0.0,
        "Gain On Sale Of Security": NaN,
        "Net Non Operating Interest Income Expense": -18600000.0,
        "Interest Expense Non Operating": 19600000.0,
        "Interest Income Non Operating": 1000000.0,
        "Operating Income": 82800000.0,
        "Operating Expense": 51100000.0,
        "Research And Development": 7000000.0,
        "Selling General And Administration": 44100000.0,
        "Gross Profit": 133900000.0,
        "Cost Of Revenue": 199200000.0,
        "Total Revenue": 333100000.0,
        "Operating Revenue": 333100000.0
    }
}