{
    "2023-06-30": {
        "Tax Effect Of Unusual Items": -89096.0,
        "Tax Rate For Calcs": 0.259,
        "Total Unusual Items": -344000.0,
        "Total Unusual Items Excluding Goodwill": -344000.0,
        "Net Income From Continuing Operation Net Minority Interest": 22595000.0,
        "Reconciled Depreciation": 5077000.0,
        "Net Interest Income": 59039000.0,
        "Interest Expense": 33018000.0,
        "Interest Income": 92057000.0,
        "Normalized Income": 22849904.0,
        "Net Income From Continuing And Discontinued Operation": 22595000.0,
        "Diluted Average Shares": 14959778.0,
        "Basic Average Shares": 14711490.0,
        "Diluted EPS": 1.51,
        "Basic EPS": 1.54,
        "Diluted NI Availto Com Stockholders": 22595000.0,
        "Net Income Common Stockholders": 22595000.0,
        "Net Income": 22595000.0,
        "Net Income Including Noncontrolling Interests": 22595000.0,
        "Net Income Continuous Operations": 22595000.0,
        "Tax Provision": 7878000.0,
        "Pretax Income": 30473000.0,
        "Special Income Charges": -26000.0,
        "Restructuring And Mergern Acquisition": 26000.0,
        "Gain On Sale Of Security": 0.0,
        "Depreciation Amortization Depletion Income Statement": 2083000.0,
        "Depreciation And Amortization In Income Statement": 2083000.0,
        "Amortization": 2083000.0,
        "Amortization Of Intangibles Income Statement": 2083000.0,
        "Selling General And Administration": 26855000.0,
        "Selling And Marketing Expense": 1946000.0,
        "General And Administrative Expense": 24909000.0,
        "Insurance And Claims": 1009000.0,
        "Salaries And Wages": 23900000.0,
        "Total Revenue": 75880000.0,
        "Operating Revenue": 75880000.0,
        "Occupancy And Equipment": 8845000.0,
        "Other Non Interest Expense": 7148000.0
    },
    "2023-03-31": {
        "Tax Effect Of Unusual Items": -12361920.0,
        "Tax Rate For Calcs": 0.32,
        "Total Unusual Items": -38631000.0,
        "Total Unusual Items Excluding Goodwill": -38631000.0,
        "Net Income From Continuing Operation Net Minority Interest": -8898000.0,
        "Reconciled Depreciation": 4197000.0,
        "Net Interest Income": 56721000.0,
        "Interest Expense": 30655000.0,
        "Interest Income": 87376000.0,
        "Normalized Income": 17371080.0,
        "Net Income From Continuing And Discontinued Operation": -8898000.0,
        "Diluted Average Shares": 14694451.0,
        "Basic Average Shares": 14694451.0,
        "Diluted EPS": -0.61,
        "Basic EPS": -0.61,
        "Diluted NI Availto Com Stockholders": -8898000.0,
        "Net Income Common Stockholders": -8898000.0,
        "Net Income": -8898000.0,
        "Net Income Including Noncontrolling Interests": -8898000.0,
        "Net Income Continuous Operations": -8898000.0,
        "Tax Provision": -4190000.0,
        "Pretax Income": -13088000.0,
        "Special Income Charges": -163000.0,
        "Restructuring And Mergern Acquisition": 163000.0,
        "Gain On Sale Of Security": -2340000.0,
        "Depreciation Amortization Depletion Income Statement": 2161000.0,
        "Depreciation And Amortization In Income Statement": 2161000.0,
        "Amortization": 2161000.0,
        "Amortization Of Intangibles Income Statement": 2161000.0,
        "Selling General And Administration": 26989000.0,
        "Selling And Marketing Expense": 2121000.0,
        "General And Administrative Expense": 24868000.0,
        "Insurance And Claims": 540000.0,
        "Salaries And Wages": 24328000.0,
        "Total Revenue": 32537000.0,
        "Operating Revenue": 32537000.0,
        "Occupancy And Equipment": 8783000.0,
        "Other Non Interest Expense": 6779000.0
    },
    "2022-12-31": {
        "Tax Effect Of Unusual Items": -100358.931508,
        "Tax Rate For Calcs": 0.256018,
        "Total Unusual Items": -392000.0,
        "Total Unusual Items Excluding Goodwill": -392000.0,
        "Net Income From Continuing Operation Net Minority Interest": 27601000.0,
        "Reconciled Depreciation": 4936000.0,
        "Net Interest Income": 68092000.0,
        "Interest Expense": 17664000.0,
        "Interest Income": 85756000.0,
        "Normalized Income": 27892641.068492,
        "Net Income From Continuing And Discontinued Operation": 27601000.0,
        "Diluted Average Shares": 15110000.0,
        "Basic Average Shares": 14685000.0,
        "Diluted EPS": 1.83,
        "Basic EPS": 1.88,
        "Diluted NI Availto Com Stockholders": 27601000.0,
        "Net Income Common Stockholders": 27601000.0,
        "Net Income": 27601000.0,
        "Net Income Including Noncontrolling Interests": 27601000.0,
        "Net Income Continuous Operations": 27601000.0,
        "Tax Provision": 9498000.0,
        "Pretax Income": 37099000.0,
        "Special Income Charges": -728000.0,
        "Restructuring And Mergern Acquisition": 492000.0,
        "Gain On Sale Of Security": NaN,
        "Depreciation Amortization Depletion Income Statement": 2217000.0,
        "Depreciation And Amortization In Income Statement": 2217000.0,
        "Amortization": 2217000.0,
        "Amortization Of Intangibles Income Statement": 2217000.0,
        "Selling General And Administration": 15841000.0,
        "Selling And Marketing Expense": NaN,
        "General And Administrative Expense": 7369000.0,
        "Insurance And Claims": 480000.0,
        "Salaries And Wages": 23705000.0,
        "Total Revenue": 83174000.0,
        "Operating Revenue": 83174000.0
    },
    "2022-09-30": {
        "Tax Effect Of Unusual Items": NaN,
        "Tax Rate For Calcs": NaN,
        "Total Unusual Items": NaN,
        "Total Unusual Items Excluding Goodwill": NaN,
        "Net Income From Continuing Operation Net Minority Interest": NaN,
        "Reconciled Depreciation": NaN,
        "Net Interest Income": NaN,
        "Interest Expense": NaN,
        "Interest Income": NaN,
        "Normalized Income": NaN,
        "Net Income From Continuing And Discontinued Operation": NaN,
        "Diluted Average Shares": NaN,
        "Basic Average Shares": NaN,
        "Diluted EPS": NaN,
        "Basic EPS": NaN,
        "Diluted NI Availto Com Stockholders": NaN,
        "Net Income Common Stockholders": NaN,
        "Net Income": NaN,
        "Net Income Including Noncontrolling Interests": NaN,
        "Net Income Continuous Operations": NaN,
        "Tax Provision": NaN,
        "Pretax Income": NaN,
        "Special Income Charges": NaN,
        "Restructuring And Mergern Acquisition": NaN,
        "Gain On Sale Of Security": 0.0,
        "Depreciation Amortization Depletion Income Statement": NaN,
        "Depreciation And Amortization In Income Statement": NaN,
        "Amortization": NaN,
        "Amortization Of Intangibles Income Statement": NaN,
        "Selling General And Administration": NaN,
        "Selling And Marketing Expense": NaN,
        "General And Administrative Expense": NaN,
        "Other Gand A": 5945000.0,
        "Insurance And Claims": NaN,
        "Salaries And Wages": NaN,
        "Total Revenue": NaN,
        "Operating Revenue": NaN
    },
    "2022-06-30": {
        "Tax Effect Of Unusual Items": 260742.4,
        "Tax Rate For Calcs": 0.2488,
        "Total Unusual Items": 1048000.0,
        "Total Unusual Items Excluding Goodwill": 1048000.0,
        "Net Income From Continuing Operation Net Minority Interest": 23985000.0,
        "Reconciled Depreciation": 1347000.0,
        "Net Interest Income": 55084000.0,
        "Interest Expense": 4442000.0,
        "Interest Income": 59526000.0,
        "Normalized Income": 23197742.4,
        "Net Income From Continuing And Discontinued Operation": 23985000.0,
        "Diluted Average Shares": 13852179.0,
        "Basic Average Shares": 13402455.0,
        "Diluted EPS": 1.73,
        "Basic EPS": 1.79,
        "Diluted NI Availto Com Stockholders": 23985000.0,
        "Net Income Common Stockholders": 23985000.0,
        "Net Income": 23985000.0,
        "Net Income Including Noncontrolling Interests": 23985000.0,
        "Net Income Continuous Operations": 23985000.0,
        "Tax Provision": 7942000.0,
        "Pretax Income": 31927000.0,
        "Special Income Charges": -555000.0,
        "Restructuring And Mergern Acquisition": 555000.0,
        "Depreciation Amortization Depletion Income Statement": 1347000.0,
        "Depreciation And Amortization In Income Statement": 1347000.0,
        "Amortization": 1347000.0,
        "Amortization Of Intangibles Income Statement": 1347000.0,
        "Selling General And Administration": 25814000.0,
        "Selling And Marketing Expense": NaN,
        "General And Administrative Expense": 25814000.0,
        "Other Gand A": 5653000.0,
        "Insurance And Claims": 480000.0,
        "Salaries And Wages": 19681000.0,
        "Total Revenue": 69215000.0,
        "Operating Revenue": 69215000.0
    },
    "2022-03-31": {
        "Diluted EPS": 1.7,
        "Total Revenue": 74,
        "Gross Profit": 70,
        "Operating Income": 32,
        "EBIT": NaN,
        "Net Income": 24
    },
    "2021-12-31": {
        "Diluted EPS": 1.19,
        "Total Revenue": 74,
        "Gross Profit": 70,
        "Operating Income": 24,
        "EBIT": NaN,
        "Net Income": 16
    },
    "2021-09-30": {
        "Diluted EPS": 0.73,
        "Total Revenue": 53,
        "Gross Profit": 49,
        "Operating Income": 13,
        "EBIT": NaN,
        "Net Income": 8
    },
    "2021-06-30": {
        "Diluted EPS": 1.77,
        "Total Revenue": 58,
        "Gross Profit": 56,
        "Operating Income": 26,
        "EBIT": NaN,
        "Net Income": 18
    },
    "2021-03-31": {
        "Diluted EPS": 1.75,
        "Total Revenue": 54,
        "Gross Profit": 51,
        "Operating Income": 24,
        "EBIT": NaN,
        "Net Income": 18
    },
    "2020-12-31": {
        "Diluted EPS": 1.72,
        "Total Revenue": 55,
        "Gross Profit": 51,
        "Operating Income": 25,
        "EBIT": NaN,
        "Net Income": 18
    },
    "2020-09-30": {
        "Diluted EPS": 1.72,
        "Total Revenue": 56,
        "Gross Profit": 51,
        "Operating Income": 25,
        "EBIT": NaN,
        "Net Income": 18
    },
    "2020-06-30": {
        "Diluted EPS": 1.28,
        "Total Revenue": 54,
        "Gross Profit": 49,
        "Operating Income": 18,
        "EBIT": NaN,
        "Net Income": 13
    },
    "2020-03-31": {
        "Diluted EPS": 0.98,
        "Total Revenue": 47,
        "Gross Profit": 41,
        "Operating Income": 14,
        "EBIT": NaN,
        "Net Income": 11
    },
    "2019-12-31": {
        "Diluted EPS": 1.16,
        "Total Revenue": 50,
        "Gross Profit": 44,
        "Operating Income": 19,
        "EBIT": NaN,
        "Net Income": 12
    },
    "2019-09-30": {
        "Diluted EPS": 1.4,
        "Total Revenue": 47,
        "Gross Profit": 42,
        "Operating Income": 18,
        "EBIT": NaN,
        "Net Income": 14
    },
    "2019-06-30": {
        "Diluted EPS": 1.91,
        "Total Revenue": 53,
        "Gross Profit": 48,
        "Operating Income": 21,
        "EBIT": NaN,
        "Net Income": 19
    },
    "2019-03-31": {
        "Diluted EPS": 1.05,
        "Total Revenue": 42,
        "Gross Profit": 37,
        "Operating Income": 14,
        "EBIT": NaN,
        "Net Income": 10
    },
    "2018-12-31": {
        "Diluted EPS": 1.11,
        "Total Revenue": 42,
        "Gross Profit": 37,
        "Operating Income": 15,
        "EBIT": NaN,
        "Net Income": 11
    },
    "2018-09-30": {
        "Diluted EPS": 1.09,
        "Total Revenue": 43,
        "Gross Profit": 38,
        "Operating Income": 14,
        "EBIT": NaN,
        "Net Income": 11
    },
    "2018-06-30": {
        "Diluted EPS": 0.98,
        "Total Revenue": 41,
        "Gross Profit": 36,
        "Operating Income": 13,
        "EBIT": NaN,
        "Net Income": 10
    },
    "2018-03-31": {
        "Diluted EPS": 0.94,
        "Total Revenue": 40,
        "Gross Profit": 36,
        "Operating Income": 13,
        "EBIT": NaN,
        "Net Income": 10
    },
    "2017-12-31": {
        "Diluted EPS": 0.9,
        "Total Revenue": 38,
        "Gross Profit": 35,
        "Operating Income": 12,
        "EBIT": NaN,
        "Net Income": 9
    },
    "2017-09-30": {
        "Diluted EPS": 0.91,
        "Total Revenue": 40,
        "Gross Profit": 37,
        "Operating Income": 15,
        "EBIT": NaN,
        "Net Income": 10
    },
    "2017-06-30": {
        "Diluted EPS": 0.83,
        "Total Revenue": 36,
        "Gross Profit": 34,
        "Operating Income": 13,
        "EBIT": NaN,
        "Net Income": 8
    },
    "2017-03-31": {
        "Diluted EPS": 0.69,
        "Total Revenue": 30,
        "Gross Profit": 28,
        "Operating Income": 9,
        "EBIT": NaN,
        "Net Income": 6
    },
    "2016-12-31": {
        "Diluted EPS": 0.72,
        "Total Revenue": 30,
        "Gross Profit": 28,
        "Operating Income": 8,
        "EBIT": NaN,
        "Net Income": 6
    },
    "2016-09-30": {
        "Diluted EPS": 0.69,
        "Total Revenue": 31,
        "Gross Profit": 29,
        "Operating Income": 10,
        "EBIT": NaN,
        "Net Income": 6
    },
    "2016-06-30": {
        "Diluted EPS": 0.39,
        "Total Revenue": 25,
        "Gross Profit": 23,
        "Operating Income": 5,
        "EBIT": NaN,
        "Net Income": 3
    },
    "2016-03-31": {
        "Diluted EPS": 0.57,
        "Total Revenue": 16,
        "Gross Profit": 15,
        "Operating Income": 4,
        "EBIT": NaN,
        "Net Income": 3
    },
    "2015-12-31": {
        "Diluted EPS": 0.63,
        "Total Revenue": 17,
        "Gross Profit": 15,
        "Operating Income": 4,
        "EBIT": NaN,
        "Net Income": 3
    },
    "2015-09-30": {
        "Diluted EPS": 0.58,
        "Total Revenue": 16,
        "Gross Profit": 14,
        "Operating Income": 4,
        "EBIT": NaN,
        "Net Income": 3
    },
    "2015-06-30": {
        "Diluted EPS": 0.66,
        "Total Revenue": 16,
        "Gross Profit": 15,
        "Operating Income": 4,
        "EBIT": NaN,
        "Net Income": 3
    },
    "2015-03-31": {
        "Diluted EPS": 0.7,
        "Total Revenue": 17,
        "Gross Profit": 15,
        "Operating Income": 5,
        "EBIT": NaN,
        "Net Income": 3
    },
    "2014-12-31": {
        "Diluted EPS": 0.54,
        "Total Revenue": 16,
        "Gross Profit": 14,
        "Operating Income": 4,
        "EBIT": NaN,
        "Net Income": 2
    },
    "2014-09-30": {
        "Diluted EPS": 0.63,
        "Total Revenue": 16,
        "Gross Profit": 15,
        "Operating Income": 4,
        "EBIT": NaN,
        "Net Income": 3
    },
    "2014-06-30": {
        "Diluted EPS": 0.58,
        "Total Revenue": 15,
        "Gross Profit": 13,
        "Operating Income": 3,
        "EBIT": NaN,
        "Net Income": 2
    },
    "2014-03-31": {
        "Diluted EPS": 0.5,
        "Total Revenue": 15,
        "Gross Profit": 14,
        "Operating Income": 3,
        "EBIT": NaN,
        "Net Income": 2
    },
    "2013-12-31": {
        "Diluted EPS": 0.27,
        "Total Revenue": 16,
        "Gross Profit": 14,
        "Operating Income": 1,
        "EBIT": NaN,
        "Net Income": 1
    },
    "2013-09-30": {
        "Diluted EPS": 0.62,
        "Total Revenue": 19,
        "Gross Profit": 18,
        "Operating Income": 5,
        "EBIT": NaN,
        "Net Income": 3
    },
    "2013-06-30": {
        "Diluted EPS": 2.78,
        "Total Revenue": 24,
        "Gross Profit": 23,
        "Operating Income": 12,
        "EBIT": NaN,
        "Net Income": 11
    },
    "2013-03-31": {
        "Diluted EPS": 0.13,
        "Total Revenue": 10,
        "Gross Profit": 9,
        "Operating Income": 1,
        "EBIT": NaN,
        "Net Income": 0
    },
    "2012-12-31": {
        "Diluted EPS": 0.19,
        "Total Revenue": 11,
        "Gross Profit": 9,
        "Operating Income": -1,
        "EBIT": NaN,
        "Net Income": 1
    },
    "2012-09-30": {
        "Diluted EPS": 0.19,
        "Total Revenue": 10,
        "Gross Profit": 8,
        "Operating Income": 1,
        "EBIT": NaN,
        "Net Income": 1
    },
    "2012-06-30": {
        "Diluted EPS": 0.09,
        "Total Revenue": 10,
        "Gross Profit": 8,
        "Operating Income": 1,
        "EBIT": NaN,
        "Net Income": 0
    },
    "2012-03-31": {
        "Diluted EPS": 0.06,
        "Total Revenue": 10,
        "Gross Profit": 8,
        "Operating Income": 1,
        "EBIT": NaN,
        "Net Income": 0
    },
    "2023-09-30": {
        "Tax Effect Of Unusual Items": NaN,
        "Tax Rate For Calcs": NaN,
        "Total Unusual Items": NaN,
        "Total Unusual Items Excluding Goodwill": NaN,
        "Net Income From Continuing Operation Net Minority Interest": NaN,
        "Reconciled Depreciation": NaN,
        "Net Interest Income": NaN,
        "Interest Expense": NaN,
        "Interest Income": NaN,
        "Normalized Income": NaN,
        "Net Income From Continuing And Discontinued Operation": NaN,
        "Diluted Average Shares": 15099622.0,
        "Basic Average Shares": 14740319.0,
        "Diluted EPS": 1.14,
        "Basic EPS": 1.16,
        "Diluted NI Availto Com Stockholders": NaN,
        "Net Income Common Stockholders": NaN,
        "Net Income": NaN,
        "Net Income Including Noncontrolling Interests": NaN,
        "Net Income Continuous Operations": NaN,
        "Tax Provision": NaN,
        "Pretax Income": NaN,
        "Special Income Charges": NaN,
        "Restructuring And Mergern Acquisition": NaN,
        "Gain On Sale Of Security": NaN,
        "Depreciation Amortization Depletion Income Statement": NaN,
        "Depreciation And Amortization In Income Statement": NaN,
        "Amortization": NaN,
        "Amortization Of Intangibles Income Statement": NaN,
        "Selling General And Administration": NaN,
        "Selling And Marketing Expense": NaN,
        "General And Administrative Expense": NaN,
        "Insurance And Claims": NaN,
        "Salaries And Wages": NaN,
        "Total Revenue": NaN,
        "Operating Revenue": NaN,
        "Occupancy And Equipment": NaN,
        "Other Non Interest Expense": NaN
    },
    "2023-12-31": {
        "Tax Effect Of Unusual Items": NaN,
        "Tax Rate For Calcs": NaN,
        "Total Unusual Items": NaN,
        "Total Unusual Items Excluding Goodwill": NaN,
        "Net Income From Continuing Operation Net Minority Interest": NaN,
        "Reconciled Depreciation": NaN,
        "Net Interest Income": NaN,
        "Interest Expense": NaN,
        "Interest Income": NaN,
        "Normalized Income": NaN,
        "Net Income From Continuing And Discontinued Operation": NaN,
        "Diluted Average Shares": NaN,
        "Basic Average Shares": NaN,
        "Diluted EPS": NaN,
        "Basic EPS": NaN,
        "Diluted NI Availto Com Stockholders": NaN,
        "Net Income Common Stockholders": NaN,
        "Net Income": NaN,
        "Net Income Including Noncontrolling Interests": NaN,
        "Net Income Continuous Operations": NaN,
        "Tax Provision": NaN,
        "Pretax Income": NaN,
        "Special Income Charges": -359000.0,
        "Restructuring And Mergern Acquisition": 0.0,
        "Gain On Sale Of Security": NaN,
        "Depreciation Amortization Depletion Income Statement": NaN,
        "Depreciation And Amortization In Income Statement": NaN,
        "Amortization": NaN,
        "Amortization Of Intangibles Income Statement": NaN,
        "Selling General And Administration": NaN,
        "Selling And Marketing Expense": NaN,
        "General And Administrative Expense": NaN,
        "Insurance And Claims": NaN,
        "Salaries And Wages": NaN,
        "Total Revenue": NaN,
        "Operating Revenue": NaN,
        "Occupancy And Equipment": NaN,
        "Other Non Interest Expense": NaN
    },
    "2024-03-31": {
        "Tax Effect Of Unusual Items": NaN,
        "Tax Rate For Calcs": NaN,
        "Total Unusual Items": NaN,
        "Total Unusual Items Excluding Goodwill": NaN,
        "Net Income From Continuing Operation Net Minority Interest": NaN,
        "Reconciled Depreciation": NaN,
        "Net Interest Income": NaN,
        "Interest Expense": NaN,
        "Interest Income": NaN,
        "Normalized Income": NaN,
        "Net Income From Continuing And Discontinued Operation": NaN,
        "Diluted Average Shares": NaN,
        "Basic Average Shares": NaN,
        "Diluted EPS": NaN,
        "Basic EPS": NaN,
        "Diluted NI Availto Com Stockholders": NaN,
        "Net Income Common Stockholders": NaN,
        "Net Income": NaN,
        "Net Income Including Noncontrolling Interests": NaN,
        "Net Income Continuous Operations": NaN,
        "Tax Provision": NaN,
        "Pretax Income": NaN,
        "Special Income Charges": 0.0,
        "Restructuring And Mergern Acquisition": 0.0,
        "Gain On Sale Of Security": NaN,
        "Depreciation Amortization Depletion Income Statement": NaN,
        "Depreciation And Amortization In Income Statement": NaN,
        "Amortization": NaN,
        "Amortization Of Intangibles Income Statement": NaN,
        "Selling General And Administration": NaN,
        "Selling And Marketing Expense": NaN,
        "General And Administrative Expense": NaN,
        "Insurance And Claims": NaN,
        "Salaries And Wages": NaN,
        "Total Revenue": NaN,
        "Operating Revenue": NaN,
        "Occupancy And Equipment": NaN,
        "Other Non Interest Expense": NaN
    },
    "2024-06-30": {
        "Tax Effect Of Unusual Items": NaN,
        "Tax Rate For Calcs": NaN,
        "Total Unusual Items": NaN,
        "Total Unusual Items Excluding Goodwill": NaN,
        "Net Income From Continuing Operation Net Minority Interest": NaN,
        "Reconciled Depreciation": NaN,
        "Net Interest Income": NaN,
        "Interest Expense": NaN,
        "Interest Income": NaN,
        "Normalized Income": NaN,
        "Net Income From Continuing And Discontinued Operation": NaN,
        "Diluted Average Shares": NaN,
        "Basic Average Shares": NaN,
        "Diluted EPS": NaN,
        "Basic EPS": NaN,
        "Diluted NI Availto Com Stockholders": NaN,
        "Net Income Common Stockholders": NaN,
        "Net Income": NaN,
        "Net Income Including Noncontrolling Interests": NaN,
        "Net Income Continuous Operations": NaN,
        "Tax Provision": NaN,
        "Pretax Income": NaN,
        "Special Income Charges": 0.0,
        "Restructuring And Mergern Acquisition": 0.0,
        "Gain On Sale Of Security": NaN,
        "Depreciation Amortization Depletion Income Statement": NaN,
        "Depreciation And Amortization In Income Statement": NaN,
        "Amortization": NaN,
        "Amortization Of Intangibles Income Statement": NaN,
        "Selling General And Administration": NaN,
        "Selling And Marketing Expense": NaN,
        "General And Administrative Expense": NaN,
        "Insurance And Claims": NaN,
        "Salaries And Wages": NaN,
        "Total Revenue": NaN,
        "Operating Revenue": NaN,
        "Occupancy And Equipment": NaN,
        "Other Non Interest Expense": NaN
    },
    "2024-09-30": {
        "Tax Effect Of Unusual Items": 240108.0,
        "Tax Rate For Calcs": 0.204,
        "Total Unusual Items": 1177000.0,
        "Total Unusual Items Excluding Goodwill": 1177000.0,
        "Net Income From Continuing Operation Net Minority Interest": 32516000.0,
        "Reconciled Depreciation": 4360000.0,
        "Net Interest Income": 68366000.0,
        "Interest Expense": 44256000.0,
        "Interest Income": 112622000.0,
        "Normalized Income": 31579108.0,
        "Net Income From Continuing And Discontinued Operation": 32516000.0,
        "Diluted Average Shares": 15479000.0,
        "Basic Average Shares": 15052000.0,
        "Diluted EPS": 2.1,
        "Basic EPS": 2.16,
        "Diluted NI Availto Com Stockholders": 32516000.0,
        "Net Income Common Stockholders": 32516000.0,
        "Net Income": 32516000.0,
        "Net Income Including Noncontrolling Interests": 32516000.0,
        "Net Income Continuous Operations": 32516000.0,
        "Tax Provision": 8330000.0,
        "Pretax Income": 40846000.0,
        "Special Income Charges": 0.0,
        "Restructuring And Mergern Acquisition": 0.0,
        "Gain On Sale Of Security": 0.0,
        "Depreciation Amortization Depletion Income Statement": 1694000.0,
        "Depreciation And Amortization In Income Statement": 1694000.0,
        "Amortization": 1694000.0,
        "Amortization Of Intangibles Income Statement": 1694000.0,
        "Selling General And Administration": 31750000.0,
        "Selling And Marketing Expense": 1823000.0,
        "General And Administrative Expense": 29927000.0,
        "Insurance And Claims": 990000.0,
        "Salaries And Wages": 28937000.0,
        "Total Revenue": 90744000.0,
        "Operating Revenue": 90744000.0,
        "Occupancy And Equipment": 8826000.0,
        "Other Non Interest Expense": 6878000.0
    },
    "2024-12-31": {
        "Tax Effect Of Unusual Items": -478116.4271,
        "Tax Rate For Calcs": 0.201907,
        "Total Unusual Items": -2368000.0,
        "Total Unusual Items Excluding Goodwill": -2368000.0,
        "Net Income From Continuing Operation Net Minority Interest": 34480000.0,
        "Reconciled Depreciation": 3348000.0,
        "Net Interest Income": 71550000.0,
        "Interest Expense": 41284000.0,
        "Interest Income": 112834000.0,
        "Normalized Income": 36369883.5729,
        "Net Income From Continuing And Discontinued Operation": 34480000.0,
        "Diluted Average Shares": 15710000.0,
        "Basic Average Shares": 15297000.0,
        "Diluted EPS": 2.19,
        "Basic EPS": 2.25,
        "Diluted NI Availto Com Stockholders": 34480000.0,
        "Net Income Common Stockholders": 34480000.0,
        "Net Income": 34480000.0,
        "Net Income Including Noncontrolling Interests": 34480000.0,
        "Net Income Continuous Operations": 34480000.0,
        "Tax Provision": 8723000.0,
        "Pretax Income": 43203000.0,
        "Special Income Charges": 1215000.0,
        "Restructuring And Mergern Acquisition": 0.0,
        "Gain On Sale Of Security": 2878000.0,
        "Depreciation Amortization Depletion Income Statement": 1587000.0,
        "Depreciation And Amortization In Income Statement": 1587000.0,
        "Amortization": 1587000.0,
        "Amortization Of Intangibles Income Statement": 1587000.0,
        "Selling General And Administration": 29997000.0,
        "Selling And Marketing Expense": 2325000.0,
        "General And Administrative Expense": 27672000.0,
        "Insurance And Claims": 990000.0,
        "Salaries And Wages": 26682000.0,
        "Total Revenue": 91193000.0,
        "Operating Revenue": 91193000.0,
        "Occupancy And Equipment": 8685000.0,
        "Other Non Interest Expense": 7936000.0
    },
    "2025-03-31": {
        "Tax Effect Of Unusual Items": -66552.0,
        "Tax Rate For Calcs": 0.188,
        "Total Unusual Items": -354000.0,
        "Total Unusual Items Excluding Goodwill": -354000.0,
        "Net Income From Continuing Operation Net Minority Interest": 32592000.0,
        "Reconciled Depreciation": 3864000.0,
        "Net Interest Income": 71206000.0,
        "Interest Expense": 41535000.0,
        "Interest Income": 112741000.0,
        "Normalized Income": 32879448.0,
        "Net Income From Continuing And Discontinued Operation": 32592000.0,
        "Diluted Average Shares": 15647000.0,
        "Basic Average Shares": 15256000.0,
        "Diluted EPS": 2.08,
        "Basic EPS": 2.14,
        "Diluted NI Availto Com Stockholders": 32592000.0,
        "Net Income Common Stockholders": 32592000.0,
        "Net Income": 32592000.0,
        "Net Income Including Noncontrolling Interests": 32592000.0,
        "Net Income Continuous Operations": 32592000.0,
        "Tax Provision": 7550000.0,
        "Pretax Income": 40142000.0,
        "Special Income Charges": NaN,
        "Restructuring And Mergern Acquisition": NaN,
        "Gain On Sale Of Security": 0.0,
        "Depreciation Amortization Depletion Income Statement": 1552000.0,
        "Depreciation And Amortization In Income Statement": 1552000.0,
        "Amortization": 1552000.0,
        "Amortization Of Intangibles Income Statement": 1552000.0,
        "Selling General And Administration": 29561000.0,
        "Selling And Marketing Expense": 2100000.0,
        "General And Administrative Expense": 27461000.0,
        "Insurance And Claims": 940000.0,
        "Salaries And Wages": 26521000.0,
        "Total Revenue": 89429000.0,
        "Operating Revenue": 89429000.0,
        "Occupancy And Equipment": 9330000.0,
        "Other Non Interest Expense": 7344000.0
    },
    "2025-06-30": {
        "Tax Effect Of Unusual Items": -38837.290331,
        "Tax Rate For Calcs": 0.195162,
        "Total Unusual Items": -199000.0,
        "Total Unusual Items Excluding Goodwill": -199000.0,
        "Net Income From Continuing Operation Net Minority Interest": 36035000.0,
        "Reconciled Depreciation": 3521000.0,
        "Net Interest Income": 75109000.0,
        "Interest Expense": 42529000.0,
        "Interest Income": 117638000.0,
        "Normalized Income": 36195162.709669,
        "Net Income From Continuing And Discontinued Operation": 36035000.0,
        "Diluted Average Shares": 15431000.0,
        "Basic Average Shares": 15029000.0,
        "Diluted EPS": 2.34,
        "Basic EPS": 2.4,
        "Diluted NI Availto Com Stockholders": 36035000.0,
        "Net Income Common Stockholders": 36035000.0,
        "Net Income": 36035000.0,
        "Net Income Including Noncontrolling Interests": 36035000.0,
        "Net Income Continuous Operations": 36035000.0,
        "Tax Provision": 8738000.0,
        "Pretax Income": 44773000.0,
        "Special Income Charges": NaN,
        "Restructuring And Mergern Acquisition": NaN,
        "Gain On Sale Of Security": 0.0,
        "Depreciation Amortization Depletion Income Statement": 1481000.0,
        "Depreciation And Amortization In Income Statement": 1481000.0,
        "Amortization": 1481000.0,
        "Amortization Of Intangibles Income Statement": 1481000.0,
        "Selling General And Administration": 31736000.0,
        "Selling And Marketing Expense": 1593000.0,
        "General And Administrative Expense": 30143000.0,
        "Insurance And Claims": 1029000.0,
        "Salaries And Wages": 29114000.0,
        "Total Revenue": 95742000.0,
        "Operating Revenue": 95742000.0,
        "Occupancy And Equipment": 9104000.0,
        "Other Non Interest Expense": 7598000.0
    },
    "2025-09-30": {
        "Tax Effect Of Unusual Items": 252335.615778,
        "Tax Rate For Calcs": 0.195004,
        "Total Unusual Items": 1294000.0,
        "Total Unusual Items Excluding Goodwill": 1294000.0,
        "Net Income From Continuing Operation Net Minority Interest": 41735000.0,
        "Reconciled Depreciation": 3596000.0,
        "Net Interest Income": 79264000.0,
        "Interest Expense": 41069000.0,
        "Interest Income": 120333000.0,
        "Normalized Income": 40693335.615778,
        "Net Income From Continuing And Discontinued Operation": 41735000.0,
        "Diluted Average Shares": 15303440.0,
        "Basic Average Shares": 14835670.0,
        "Diluted EPS": 2.73,
        "Basic EPS": 2.81,
        "Diluted NI Availto Com Stockholders": 41735000.0,
        "Net Income Common Stockholders": 41735000.0,
        "Net Income": 41735000.0,
        "Net Income Including Noncontrolling Interests": 41735000.0,
        "Net Income Continuous Operations": 41735000.0,
        "Tax Provision": 10110000.0,
        "Pretax Income": 51845000.0,
        "Special Income Charges": NaN,
        "Restructuring And Mergern Acquisition": NaN,
        "Gain On Sale Of Security": 0.0,
        "Depreciation Amortization Depletion Income Statement": 1414000.0,
        "Depreciation And Amortization In Income Statement": 1414000.0,
        "Amortization": 1414000.0,
        "Amortization Of Intangibles Income Statement": 1414000.0,
        "Selling General And Administration": 32665000.0,
        "Selling And Marketing Expense": 2223000.0,
        "General And Administrative Expense": 30442000.0,
        "Insurance And Claims": 1005000.0,
        "Salaries And Wages": 29437000.0,
        "Total Revenue": 102883000.0,
        "Operating Revenue": 102883000.0,
        "Occupancy And Equipment": 9028000.0,
        "Other Non Interest Expense": 6981000.0
    }
}