{
    "2023-03-31": {
        "Tax Effect Of Unusual Items": NaN,
        "Tax Rate For Calcs": NaN,
        "Normalized EBITDA": NaN,
        "Net Income From Continuing Operation Net Minority Interest": NaN,
        "Reconciled Depreciation": NaN,
        "Reconciled Cost Of Revenue": NaN,
        "EBITDA": NaN,
        "EBIT": NaN,
        "Net Interest Income": NaN,
        "Interest Income": 8721000.0,
        "Normalized Income": NaN,
        "Net Income From Continuing And Discontinued Operation": NaN,
        "Total Expenses": NaN,
        "Total Operating Income As Reported": NaN,
        "Diluted Average Shares": NaN,
        "Basic Average Shares": NaN,
        "Diluted EPS": NaN,
        "Basic EPS": NaN,
        "Diluted NI Availto Com Stockholders": NaN,
        "Net Income Common Stockholders": NaN,
        "Net Income": NaN,
        "Net Income Including Noncontrolling Interests": NaN,
        "Net Income Continuous Operations": NaN,
        "Tax Provision": NaN,
        "Pretax Income": NaN,
        "Net Non Operating Interest Income Expense": NaN,
        "Total Other Finance Cost": 8721000.0,
        "Interest Income Non Operating": 8721000.0,
        "Operating Income": NaN,
        "Operating Expense": NaN,
        "Research And Development": NaN,
        "Selling General And Administration": NaN,
        "Selling And Marketing Expense": NaN,
        "General And Administrative Expense": NaN,
        "Other Gand A": NaN,
        "Gross Profit": NaN,
        "Cost Of Revenue": NaN,
        "Total Revenue": NaN,
        "Operating Revenue": NaN
    },
    "2022-12-31": {
        "Tax Effect Of Unusual Items": NaN,
        "Tax Rate For Calcs": NaN,
        "Normalized EBITDA": NaN,
        "Net Income From Continuing Operation Net Minority Interest": NaN,
        "Reconciled Depreciation": NaN,
        "Reconciled Cost Of Revenue": NaN,
        "EBITDA": NaN,
        "EBIT": NaN,
        "Net Interest Income": NaN,
        "Interest Income": NaN,
        "Normalized Income": NaN,
        "Net Income From Continuing And Discontinued Operation": NaN,
        "Total Expenses": NaN,
        "Total Operating Income As Reported": NaN,
        "Diluted Average Shares": NaN,
        "Basic Average Shares": NaN,
        "Diluted EPS": NaN,
        "Basic EPS": NaN,
        "Diluted NI Availto Com Stockholders": NaN,
        "Net Income Common Stockholders": NaN,
        "Net Income": NaN,
        "Net Income Including Noncontrolling Interests": NaN,
        "Net Income Continuous Operations": NaN,
        "Tax Provision": NaN,
        "Pretax Income": NaN,
        "Net Non Operating Interest Income Expense": NaN,
        "Total Other Finance Cost": 5802000.0,
        "Interest Income Non Operating": NaN,
        "Operating Income": NaN,
        "Operating Expense": NaN,
        "Research And Development": NaN,
        "Selling General And Administration": NaN,
        "Selling And Marketing Expense": NaN,
        "General And Administrative Expense": NaN,
        "Other Gand A": NaN,
        "Gross Profit": NaN,
        "Cost Of Revenue": NaN,
        "Total Revenue": NaN,
        "Operating Revenue": NaN
    },
    "2022-09-30": {
        "Tax Effect Of Unusual Items": NaN,
        "Tax Rate For Calcs": NaN,
        "Normalized EBITDA": NaN,
        "Net Income From Continuing Operation Net Minority Interest": NaN,
        "Reconciled Depreciation": NaN,
        "Reconciled Cost Of Revenue": NaN,
        "EBITDA": NaN,
        "EBIT": NaN,
        "Net Interest Income": NaN,
        "Interest Income": 596000.0,
        "Normalized Income": NaN,
        "Net Income From Continuing And Discontinued Operation": NaN,
        "Total Expenses": NaN,
        "Total Operating Income As Reported": NaN,
        "Diluted Average Shares": NaN,
        "Basic Average Shares": NaN,
        "Diluted EPS": NaN,
        "Basic EPS": NaN,
        "Diluted NI Availto Com Stockholders": NaN,
        "Net Income Common Stockholders": NaN,
        "Net Income": NaN,
        "Net Income Including Noncontrolling Interests": NaN,
        "Net Income Continuous Operations": NaN,
        "Tax Provision": NaN,
        "Pretax Income": NaN,
        "Net Non Operating Interest Income Expense": NaN,
        "Total Other Finance Cost": -596000.0,
        "Interest Income Non Operating": 596000.0,
        "Operating Income": NaN,
        "Operating Expense": NaN,
        "Research And Development": NaN,
        "Selling General And Administration": NaN,
        "Selling And Marketing Expense": NaN,
        "General And Administrative Expense": NaN,
        "Other Gand A": NaN,
        "Gross Profit": NaN,
        "Cost Of Revenue": NaN,
        "Total Revenue": NaN,
        "Operating Revenue": NaN
    },
    "2022-06-30": {
        "Tax Effect Of Unusual Items": 0.0,
        "Tax Rate For Calcs": 0.225284,
        "Normalized EBITDA": 126892000.0,
        "Net Income From Continuing Operation Net Minority Interest": 65572000.0,
        "Reconciled Depreciation": 42202000.0,
        "Reconciled Cost Of Revenue": 164924000.0,
        "EBITDA": 126892000.0,
        "EBIT": 84690000.0,
        "Net Interest Income": -50000.0,
        "Normalized Income": 65572000.0,
        "Net Income From Continuing And Discontinued Operation": 65572000.0,
        "Total Expenses": 445891000.0,
        "Total Operating Income As Reported": 84690000.0,
        "Diluted Average Shares": 66274000.0,
        "Basic Average Shares": 63806000.0,
        "Diluted EPS": 0.99,
        "Basic EPS": 1.03,
        "Diluted NI Availto Com Stockholders": 65572000.0,
        "Net Income Common Stockholders": 65572000.0,
        "Net Income": 65572000.0,
        "Net Income Including Noncontrolling Interests": 65572000.0,
        "Net Income Continuous Operations": 65572000.0,
        "Tax Provision": 19068000.0,
        "Pretax Income": 84640000.0,
        "Net Non Operating Interest Income Expense": -50000.0,
        "Total Other Finance Cost": 50000.0,
        "Operating Income": 84690000.0,
        "Operating Expense": 280967000.0,
        "Research And Development": 73482000.0,
        "Selling General And Administration": 207485000.0,
        "Selling And Marketing Expense": 150410000.0,
        "General And Administrative Expense": 57075000.0,
        "Other Gand A": 57075000.0,
        "Gross Profit": 365657000.0,
        "Cost Of Revenue": 164924000.0,
        "Total Revenue": 530581000.0,
        "Operating Revenue": 530581000.0
    },
    "2022-03-31": {
        "Diluted EPS": 0.87,
        "Total Revenue": 527,
        "Gross Profit": 360,
        "Operating Income": 72,
        "EBIT": 122,
        "Net Income": 58
    },
    "2021-12-31": {
        "Diluted EPS": 0.77,
        "Total Revenue": 515,
        "Gross Profit": 350,
        "Operating Income": 65,
        "EBIT": 117,
        "Net Income": 51
    },
    "2021-09-30": {
        "Diluted EPS": 0.75,
        "Total Revenue": 494,
        "Gross Profit": 333,
        "Operating Income": 68,
        "EBIT": 121,
        "Net Income": 51
    },
    "2021-06-30": {
        "Diluted EPS": 0.68,
        "Total Revenue": 457,
        "Gross Profit": 306,
        "Operating Income": 65,
        "EBIT": 116,
        "Net Income": 45
    },
    "2021-03-31": {
        "Diluted EPS": 0.78,
        "Total Revenue": 455,
        "Gross Profit": 307,
        "Operating Income": 66,
        "EBIT": 119,
        "Net Income": 52
    },
    "2020-12-31": {
        "Diluted EPS": 0.83,
        "Total Revenue": 435,
        "Gross Profit": 289,
        "Operating Income": 65,
        "EBIT": 118,
        "Net Income": 55
    },
    "2020-09-30": {
        "Diluted EPS": 0.76,
        "Total Revenue": 410,
        "Gross Profit": 270,
        "Operating Income": 62,
        "EBIT": 113,
        "Net Income": 51
    },
    "2020-06-30": {
        "Diluted EPS": 0.68,
        "Total Revenue": 393,
        "Gross Profit": 257,
        "Operating Income": 56,
        "EBIT": 101,
        "Net Income": 45
    },
    "2020-03-31": {
        "Diluted EPS": 0.71,
        "Total Revenue": 410,
        "Gross Profit": 270,
        "Operating Income": 59,
        "EBIT": 106,
        "Net Income": 46
    },
    "2019-12-31": {
        "Diluted EPS": 0.96,
        "Total Revenue": 430,
        "Gross Profit": 293,
        "Operating Income": 78,
        "EBIT": 125,
        "Net Income": 62
    },
    "2019-09-30": {
        "Diluted EPS": 0.69,
        "Total Revenue": 386,
        "Gross Profit": 254,
        "Operating Income": 56,
        "EBIT": 102,
        "Net Income": 45
    },
    "2019-06-30": {
        "Diluted EPS": 0.65,
        "Total Revenue": 380,
        "Gross Profit": 250,
        "Operating Income": 53,
        "EBIT": 98,
        "Net Income": 42
    },
    "2019-03-31": {
        "Diluted EPS": 0.58,
        "Total Revenue": 377,
        "Gross Profit": 246,
        "Operating Income": 52,
        "EBIT": 96,
        "Net Income": 37
    },
    "2018-12-31": {
        "Diluted EPS": 0.99,
        "Total Revenue": 411,
        "Gross Profit": 275,
        "Operating Income": 70,
        "EBIT": 115,
        "Net Income": 62
    },
    "2018-09-30": {
        "Diluted EPS": 0.62,
        "Total Revenue": 356,
        "Gross Profit": 233,
        "Operating Income": 47,
        "EBIT": 88,
        "Net Income": 39
    },
    "2018-06-30": {
        "Diluted EPS": 0.54,
        "Total Revenue": 342,
        "Gross Profit": 223,
        "Operating Income": 46,
        "EBIT": 85,
        "Net Income": 34
    },
    "2018-03-31": {
        "Diluted EPS": 0.37,
        "Total Revenue": 335,
        "Gross Profit": 217,
        "Operating Income": 34,
        "EBIT": 74,
        "Net Income": 24
    },
    "2017-12-31": {
        "Diluted EPS": 1.28,
        "Total Revenue": 392,
        "Gross Profit": 268,
        "Operating Income": 63,
        "EBIT": 107,
        "Net Income": 79
    },
    "2017-09-30": {
        "Diluted EPS": 0.42,
        "Total Revenue": 323,
        "Gross Profit": 207,
        "Operating Income": 33,
        "EBIT": 75,
        "Net Income": 26
    },
    "2017-06-30": {
        "Diluted EPS": 0.33,
        "Total Revenue": 312,
        "Gross Profit": 198,
        "Operating Income": 26,
        "EBIT": 65,
        "Net Income": 20
    },
    "2017-03-31": {
        "Diluted EPS": 0.28,
        "Total Revenue": 306,
        "Gross Profit": 190,
        "Operating Income": 28,
        "EBIT": 74,
        "Net Income": 17
    },
    "2016-12-31": {
        "Diluted EPS": 0.42,
        "Total Revenue": 324,
        "Gross Profit": 221,
        "Operating Income": 37,
        "EBIT": 65,
        "Net Income": 26
    },
    "2016-09-30": {
        "Diluted EPS": 0.5,
        "Total Revenue": 237,
        "Gross Profit": 159,
        "Operating Income": 36,
        "EBIT": 54,
        "Net Income": 30
    },
    "2016-06-30": {
        "Diluted EPS": 0.42,
        "Total Revenue": 229,
        "Gross Profit": 146,
        "Operating Income": 24,
        "EBIT": 45,
        "Net Income": 25
    },
    "2016-03-31": {
        "Diluted EPS": 0.58,
        "Total Revenue": 226,
        "Gross Profit": 151,
        "Operating Income": 37,
        "EBIT": 51,
        "Net Income": 35
    },
    "2015-12-31": {
        "Diluted EPS": 0.93,
        "Total Revenue": 274,
        "Gross Profit": 192,
        "Operating Income": 64,
        "EBIT": 78,
        "Net Income": 57
    },
    "2015-09-30": {
        "Diluted EPS": 2.33,
        "Total Revenue": 221,
        "Gross Profit": 147,
        "Operating Income": 38,
        "EBIT": 53,
        "Net Income": 143
    },
    "2015-06-30": {
        "Diluted EPS": 0.48,
        "Total Revenue": 216,
        "Gross Profit": 142,
        "Operating Income": 31,
        "EBIT": 47,
        "Net Income": 29
    },
    "2015-03-31": {
        "Diluted EPS": 0.48,
        "Total Revenue": 217,
        "Gross Profit": 143,
        "Operating Income": 33,
        "EBIT": 49,
        "Net Income": 29
    },
    "2014-12-31": {
        "Diluted EPS": 0.83,
        "Total Revenue": 294,
        "Gross Profit": 250,
        "Operating Income": 134,
        "EBIT": 151,
        "Net Income": 50
    },
    "2014-09-30": {
        "Diluted EPS": 0.44,
        "Total Revenue": 207,
        "Gross Profit": 131,
        "Operating Income": 17,
        "EBIT": 36,
        "Net Income": 27
    },
    "2014-06-30": {
        "Diluted EPS": 0.17,
        "Total Revenue": 239,
        "Gross Profit": 145,
        "Operating Income": 15,
        "EBIT": 35,
        "Net Income": 10
    },
    "2014-03-31": {
        "Diluted EPS": 0.26,
        "Total Revenue": 229,
        "Gross Profit": 139,
        "Operating Income": 17,
        "EBIT": 38,
        "Net Income": 16
    },
    "2013-12-31": {
        "Diluted EPS": 0.39,
        "Total Revenue": 270,
        "Gross Profit": 233,
        "Operating Income": 128,
        "EBIT": 150,
        "Net Income": 24
    },
    "2013-09-30": {
        "Diluted EPS": -0.06,
        "Total Revenue": 230,
        "Gross Profit": 139,
        "Operating Income": 16,
        "EBIT": 39,
        "Net Income": -4
    },
    "2013-06-30": {
        "Diluted EPS": 0.27,
        "Total Revenue": 225,
        "Gross Profit": 139,
        "Operating Income": 19,
        "EBIT": 43,
        "Net Income": 17
    },
    "2013-03-31": {
        "Diluted EPS": 0.29,
        "Total Revenue": 224,
        "Gross Profit": 138,
        "Operating Income": 19,
        "EBIT": 42,
        "Net Income": 18
    },
    "2012-12-31": {
        "Diluted EPS": 0.52,
        "Total Revenue": 238,
        "Gross Profit": 149,
        "Operating Income": 19,
        "EBIT": 42,
        "Net Income": 32
    },
    "2012-09-30": {
        "Diluted EPS": 0.27,
        "Total Revenue": 219,
        "Gross Profit": 131,
        "Operating Income": 13,
        "EBIT": 38,
        "Net Income": 17
    },
    "2012-06-30": {
        "Diluted EPS": 0.18,
        "Total Revenue": 212,
        "Gross Profit": 126,
        "Operating Income": 9,
        "EBIT": 34,
        "Net Income": 11
    },
    "2012-03-31": {
        "Diluted EPS": 0.12,
        "Total Revenue": 210,
        "Gross Profit": 123,
        "Operating Income": 5,
        "EBIT": 27,
        "Net Income": 8
    },
    "2011-12-31": {
        "Diluted EPS": 0.24,
        "Total Revenue": 214,
        "Gross Profit": 132,
        "Operating Income": 15,
        "EBIT": 33,
        "Net Income": 15
    },
    "2011-09-30": {
        "Diluted EPS": 0.29,
        "Total Revenue": 199,
        "Gross Profit": 122,
        "Operating Income": 20,
        "EBIT": 37,
        "Net Income": 18
    },
    "2011-06-30": {
        "Diluted EPS": 0.24,
        "Total Revenue": 195,
        "Gross Profit": 119,
        "Operating Income": 15,
        "EBIT": 32,
        "Net Income": 16
    },
    "2011-03-31": {
        "Diluted EPS": 0.13,
        "Total Revenue": 185,
        "Gross Profit": 114,
        "Operating Income": 8,
        "EBIT": 24,
        "Net Income": 8
    },
    "2010-12-31": {
        "Diluted EPS": 0.27,
        "Total Revenue": 186,
        "Gross Profit": 116,
        "Operating Income": 17,
        "EBIT": 32,
        "Net Income": 17
    },
    "2010-09-30": {
        "Diluted EPS": 0.2,
        "Total Revenue": 175,
        "Gross Profit": 108,
        "Operating Income": 13,
        "EBIT": 27,
        "Net Income": 13
    },
    "2010-06-30": {
        "Diluted EPS": 0.2,
        "Total Revenue": 169,
        "Gross Profit": 101,
        "Operating Income": 13,
        "EBIT": 27,
        "Net Income": 13
    },
    "2010-03-31": {
        "Diluted EPS": 0.09,
        "Total Revenue": 160,
        "Gross Profit": 95,
        "Operating Income": 6,
        "EBIT": 20,
        "Net Income": 6
    },
    "2009-12-31": {
        "Diluted EPS": 0.2,
        "Total Revenue": 159,
        "Gross Profit": 94,
        "Operating Income": 11,
        "EBIT": 25,
        "Net Income": 13
    },
    "2009-09-30": {
        "Diluted EPS": 0.12,
        "Total Revenue": 145,
        "Gross Profit": 85,
        "Operating Income": 5,
        "EBIT": 18,
        "Net Income": 8
    },
    "2009-06-30": {
        "Diluted EPS": 0.19,
        "Total Revenue": 140,
        "Gross Profit": 84,
        "Operating Income": 12,
        "EBIT": 23,
        "Net Income": 12
    },
    "2009-03-31": {
        "Diluted EPS": 0.17,
        "Total Revenue": 139,
        "Gross Profit": 83,
        "Operating Income": 10,
        "EBIT": 21,
        "Net Income": 11
    },
    "2023-06-30": {
        "Tax Effect Of Unusual Items": NaN,
        "Tax Rate For Calcs": NaN,
        "Normalized EBITDA": NaN,
        "Net Income From Continuing Operation Net Minority Interest": NaN,
        "Reconciled Depreciation": NaN,
        "Reconciled Cost Of Revenue": NaN,
        "EBITDA": NaN,
        "EBIT": NaN,
        "Net Interest Income": NaN,
        "Interest Income": NaN,
        "Normalized Income": NaN,
        "Net Income From Continuing And Discontinued Operation": NaN,
        "Total Expenses": NaN,
        "Total Operating Income As Reported": NaN,
        "Diluted Average Shares": NaN,
        "Basic Average Shares": NaN,
        "Diluted EPS": NaN,
        "Basic EPS": NaN,
        "Diluted NI Availto Com Stockholders": NaN,
        "Net Income Common Stockholders": NaN,
        "Net Income": NaN,
        "Net Income Including Noncontrolling Interests": NaN,
        "Net Income Continuous Operations": NaN,
        "Tax Provision": NaN,
        "Pretax Income": NaN,
        "Net Non Operating Interest Income Expense": NaN,
        "Total Other Finance Cost": -9350000.0,
        "Interest Income Non Operating": NaN,
        "Operating Income": NaN,
        "Operating Expense": NaN,
        "Research And Development": NaN,
        "Selling General And Administration": NaN,
        "Selling And Marketing Expense": NaN,
        "General And Administrative Expense": NaN,
        "Other Gand A": NaN,
        "Gross Profit": NaN,
        "Cost Of Revenue": NaN,
        "Total Revenue": NaN,
        "Operating Revenue": NaN
    },
    "2023-09-30": {
        "Tax Effect Of Unusual Items": NaN,
        "Tax Rate For Calcs": NaN,
        "Normalized EBITDA": NaN,
        "Net Income From Continuing Operation Net Minority Interest": NaN,
        "Reconciled Depreciation": NaN,
        "Reconciled Cost Of Revenue": NaN,
        "EBITDA": NaN,
        "EBIT": NaN,
        "Net Interest Income": NaN,
        "Interest Income": 7037000.0,
        "Normalized Income": NaN,
        "Net Income From Continuing And Discontinued Operation": NaN,
        "Total Expenses": NaN,
        "Total Operating Income As Reported": NaN,
        "Diluted Average Shares": 66223000.0,
        "Basic Average Shares": 63422000.0,
        "Diluted EPS": 1.39,
        "Basic EPS": 1.46,
        "Diluted NI Availto Com Stockholders": NaN,
        "Net Income Common Stockholders": NaN,
        "Net Income": NaN,
        "Net Income Including Noncontrolling Interests": NaN,
        "Net Income Continuous Operations": NaN,
        "Tax Provision": NaN,
        "Pretax Income": NaN,
        "Net Non Operating Interest Income Expense": NaN,
        "Total Other Finance Cost": NaN,
        "Interest Income Non Operating": 7037000.0,
        "Operating Income": NaN,
        "Operating Expense": NaN,
        "Research And Development": NaN,
        "Selling General And Administration": NaN,
        "Selling And Marketing Expense": NaN,
        "General And Administrative Expense": NaN,
        "Other Gand A": NaN,
        "Gross Profit": NaN,
        "Cost Of Revenue": NaN,
        "Total Revenue": NaN,
        "Operating Revenue": NaN
    },
    "2023-12-31": {
        "Tax Effect Of Unusual Items": NaN,
        "Tax Rate For Calcs": NaN,
        "Normalized EBITDA": NaN,
        "Net Income From Continuing Operation Net Minority Interest": NaN,
        "Reconciled Depreciation": NaN,
        "Reconciled Cost Of Revenue": NaN,
        "EBITDA": NaN,
        "EBIT": NaN,
        "Net Interest Income": NaN,
        "Interest Income": 8965000.0,
        "Normalized Income": NaN,
        "Net Income From Continuing And Discontinued Operation": NaN,
        "Total Expenses": NaN,
        "Total Operating Income As Reported": NaN,
        "Diluted Average Shares": NaN,
        "Basic Average Shares": NaN,
        "Diluted EPS": NaN,
        "Basic EPS": NaN,
        "Diluted NI Availto Com Stockholders": NaN,
        "Net Income Common Stockholders": NaN,
        "Net Income": NaN,
        "Net Income Including Noncontrolling Interests": NaN,
        "Net Income Continuous Operations": NaN,
        "Tax Provision": NaN,
        "Pretax Income": NaN,
        "Net Non Operating Interest Income Expense": NaN,
        "Total Other Finance Cost": NaN,
        "Interest Income Non Operating": 8965000.0,
        "Operating Income": NaN,
        "Operating Expense": NaN,
        "Research And Development": NaN,
        "Selling General And Administration": NaN,
        "Selling And Marketing Expense": NaN,
        "General And Administrative Expense": NaN,
        "Other Gand A": NaN,
        "Gross Profit": NaN,
        "Cost Of Revenue": NaN,
        "Total Revenue": NaN,
        "Operating Revenue": NaN
    },
    "2024-03-31": {
        "Tax Effect Of Unusual Items": NaN,
        "Tax Rate For Calcs": NaN,
        "Normalized EBITDA": NaN,
        "Net Income From Continuing Operation Net Minority Interest": NaN,
        "Reconciled Depreciation": NaN,
        "Reconciled Cost Of Revenue": NaN,
        "EBITDA": NaN,
        "EBIT": NaN,
        "Net Interest Income": NaN,
        "Interest Income": 14009000.0,
        "Normalized Income": NaN,
        "Net Income From Continuing And Discontinued Operation": NaN,
        "Total Expenses": NaN,
        "Total Operating Income As Reported": NaN,
        "Diluted Average Shares": NaN,
        "Basic Average Shares": NaN,
        "Diluted EPS": NaN,
        "Basic EPS": NaN,
        "Diluted NI Availto Com Stockholders": NaN,
        "Net Income Common Stockholders": NaN,
        "Net Income": NaN,
        "Net Income Including Noncontrolling Interests": NaN,
        "Net Income Continuous Operations": NaN,
        "Tax Provision": NaN,
        "Pretax Income": NaN,
        "Net Non Operating Interest Income Expense": NaN,
        "Total Other Finance Cost": NaN,
        "Interest Income Non Operating": 14009000.0,
        "Operating Income": NaN,
        "Operating Expense": NaN,
        "Research And Development": NaN,
        "Selling General And Administration": NaN,
        "Selling And Marketing Expense": NaN,
        "General And Administrative Expense": NaN,
        "Other Gand A": NaN,
        "Gross Profit": NaN,
        "Cost Of Revenue": NaN,
        "Total Revenue": NaN,
        "Operating Revenue": NaN
    },
    "2024-06-30": {
        "Tax Effect Of Unusual Items": NaN,
        "Tax Rate For Calcs": NaN,
        "Normalized EBITDA": NaN,
        "Net Income From Continuing Operation Net Minority Interest": NaN,
        "Reconciled Depreciation": NaN,
        "Reconciled Cost Of Revenue": NaN,
        "EBITDA": NaN,
        "EBIT": NaN,
        "Net Interest Income": NaN,
        "Interest Income": NaN,
        "Normalized Income": NaN,
        "Net Income From Continuing And Discontinued Operation": NaN,
        "Total Expenses": NaN,
        "Total Operating Income As Reported": NaN,
        "Diluted Average Shares": NaN,
        "Basic Average Shares": NaN,
        "Diluted EPS": NaN,
        "Basic EPS": NaN,
        "Diluted NI Availto Com Stockholders": NaN,
        "Net Income Common Stockholders": NaN,
        "Net Income": NaN,
        "Net Income Including Noncontrolling Interests": NaN,
        "Net Income Continuous Operations": NaN,
        "Tax Provision": NaN,
        "Pretax Income": NaN,
        "Net Non Operating Interest Income Expense": NaN,
        "Total Other Finance Cost": -15645000.0,
        "Interest Income Non Operating": NaN,
        "Operating Income": NaN,
        "Operating Expense": NaN,
        "Research And Development": NaN,
        "Selling General And Administration": NaN,
        "Selling And Marketing Expense": NaN,
        "General And Administrative Expense": NaN,
        "Other Gand A": NaN,
        "Gross Profit": NaN,
        "Cost Of Revenue": NaN,
        "Total Revenue": NaN,
        "Operating Revenue": NaN
    },
    "2024-09-30": {
        "Tax Effect Of Unusual Items": 0.0,
        "Tax Rate For Calcs": 0.213056,
        "Normalized EBITDA": 194343000.0,
        "Net Income From Continuing Operation Net Minority Interest": 120921000.0,
        "Reconciled Depreciation": 52964000.0,
        "Reconciled Cost Of Revenue": 229686000.0,
        "EBITDA": 194343000.0,
        "EBIT": 141379000.0,
        "Net Interest Income": 12280000.0,
        "Interest Income": 12280000.0,
        "Normalized Income": 120921000.0,
        "Net Income From Continuing And Discontinued Operation": 120921000.0,
        "Total Expenses": 548584000.0,
        "Total Operating Income As Reported": 141379000.0,
        "Diluted Average Shares": 64838000.0,
        "Basic Average Shares": 63397000.0,
        "Diluted EPS": 1.86,
        "Basic EPS": 1.91,
        "Diluted NI Availto Com Stockholders": 120921000.0,
        "Net Income Common Stockholders": 120921000.0,
        "Net Income": 120921000.0,
        "Net Income Including Noncontrolling Interests": 120921000.0,
        "Net Income Continuous Operations": 120921000.0,
        "Tax Provision": 32738000.0,
        "Pretax Income": 153659000.0,
        "Net Non Operating Interest Income Expense": 12280000.0,
        "Total Other Finance Cost": NaN,
        "Interest Income Non Operating": 12280000.0,
        "Operating Income": 141379000.0,
        "Operating Expense": 318898000.0,
        "Research And Development": 91500000.0,
        "Selling General And Administration": 227398000.0,
        "Selling And Marketing Expense": 152778000.0,
        "General And Administrative Expense": 74620000.0,
        "Other Gand A": 74620000.0,
        "Gross Profit": 460277000.0,
        "Cost Of Revenue": 229686000.0,
        "Total Revenue": 689963000.0,
        "Operating Revenue": 689963000.0
    },
    "2024-12-31": {
        "Tax Effect Of Unusual Items": 0.0,
        "Tax Rate For Calcs": 0.23,
        "Normalized EBITDA": 262116000.0,
        "Net Income From Continuing Operation Net Minority Interest": 99509000.0,
        "Reconciled Depreciation": 48776000.0,
        "Reconciled Cost Of Revenue": 232386000.0,
        "EBITDA": 262116000.0,
        "EBIT": 213340000.0,
        "Net Interest Income": 17779000.0,
        "Interest Income": 23049000.0,
        "Normalized Income": 99509000.0,
        "Net Income From Continuing And Discontinued Operation": 99509000.0,
        "Total Expenses": 567288000.0,
        "Total Operating Income As Reported": 154312000.0,
        "Diluted Average Shares": 64802000.0,
        "Basic Average Shares": 63720000.0,
        "Diluted EPS": 1.54,
        "Basic EPS": 1.56,
        "Diluted NI Availto Com Stockholders": 99509000.0,
        "Net Income Common Stockholders": 99509000.0,
        "Net Income": 99509000.0,
        "Net Income Including Noncontrolling Interests": 99509000.0,
        "Net Income Continuous Operations": 99509000.0,
        "Tax Provision": 71741000.0,
        "Pretax Income": 171250000.0,
        "Net Non Operating Interest Income Expense": 17779000.0,
        "Total Other Finance Cost": NaN,
        "Interest Income Non Operating": 23049000.0,
        "Operating Income": 154312000.0,
        "Operating Expense": 334902000.0,
        "Research And Development": 94753000.0,
        "Selling General And Administration": 240149000.0,
        "Selling And Marketing Expense": 176813000.0,
        "General And Administrative Expense": 63336000.0,
        "Other Gand A": 63336000.0,
        "Gross Profit": 489214000.0,
        "Cost Of Revenue": 232386000.0,
        "Total Revenue": 721600000.0,
        "Operating Revenue": 721600000.0
    },
    "2025-03-31": {
        "Tax Effect Of Unusual Items": 0.0,
        "Tax Rate For Calcs": 0.211738,
        "Normalized EBITDA": 191610000.0,
        "Net Income From Continuing Operation Net Minority Interest": 129290000.0,
        "Reconciled Depreciation": 43441000.0,
        "Reconciled Cost Of Revenue": 232080000.0,
        "EBITDA": 191610000.0,
        "EBIT": 148169000.0,
        "Net Interest Income": 15850000.0,
        "Interest Income": 15850000.0,
        "Normalized Income": 129290000.0,
        "Net Income From Continuing And Discontinued Operation": 129290000.0,
        "Total Expenses": 552023000.0,
        "Total Operating Income As Reported": 148169000.0,
        "Diluted Average Shares": 64368000.0,
        "Basic Average Shares": 63354000.0,
        "Diluted EPS": 2.01,
        "Basic EPS": 2.04,
        "Diluted NI Availto Com Stockholders": 129290000.0,
        "Net Income Common Stockholders": 129290000.0,
        "Net Income": 129290000.0,
        "Net Income Including Noncontrolling Interests": 129290000.0,
        "Net Income Continuous Operations": 129290000.0,
        "Tax Provision": 34729000.0,
        "Pretax Income": 164019000.0,
        "Net Non Operating Interest Income Expense": 15850000.0,
        "Total Other Finance Cost": NaN,
        "Interest Income Non Operating": 15850000.0,
        "Operating Income": 148169000.0,
        "Operating Expense": 319943000.0,
        "Research And Development": 89102000.0,
        "Selling General And Administration": 230841000.0,
        "Selling And Marketing Expense": 161434000.0,
        "General And Administrative Expense": 69407000.0,
        "Other Gand A": 69407000.0,
        "Gross Profit": 468112000.0,
        "Cost Of Revenue": 232080000.0,
        "Total Revenue": 700192000.0,
        "Operating Revenue": 700192000.0
    },
    "2025-06-30": {
        "Tax Effect Of Unusual Items": 0.0,
        "Tax Rate For Calcs": 0.23,
        "Normalized EBITDA": 205204000.0,
        "Net Income From Continuing Operation Net Minority Interest": 187404000.0,
        "Reconciled Depreciation": 44612000.0,
        "Reconciled Cost Of Revenue": 241601000.0,
        "EBITDA": 205204000.0,
        "EBIT": 160592000.0,
        "Net Interest Income": 14820000.0,
        "Interest Income": NaN,
        "Normalized Income": 187404000.0,
        "Net Income From Continuing And Discontinued Operation": 187404000.0,
        "Total Expenses": 566120000.0,
        "Total Operating Income As Reported": 160592000.0,
        "Diluted Average Shares": 63210000.0,
        "Basic Average Shares": 62160000.0,
        "Diluted EPS": 2.96,
        "Basic EPS": 3.01,
        "Diluted NI Availto Com Stockholders": 187404000.0,
        "Net Income Common Stockholders": 187404000.0,
        "Net Income": 187404000.0,
        "Net Income Including Noncontrolling Interests": 187404000.0,
        "Net Income Continuous Operations": 187404000.0,
        "Tax Provision": -11992000.0,
        "Pretax Income": 175412000.0,
        "Net Non Operating Interest Income Expense": 14820000.0,
        "Total Other Finance Cost": -14820000.0,
        "Interest Income Non Operating": NaN,
        "Operating Income": 160592000.0,
        "Operating Expense": 324519000.0,
        "Research And Development": 89762000.0,
        "Selling General And Administration": 234757000.0,
        "Selling And Marketing Expense": 169799000.0,
        "General And Administrative Expense": 64958000.0,
        "Other Gand A": 64958000.0,
        "Gross Profit": 485111000.0,
        "Cost Of Revenue": 241601000.0,
        "Total Revenue": 726712000.0,
        "Operating Revenue": 726712000.0
    },
    "2025-09-30": {
        "Tax Effect Of Unusual Items": 0.0,
        "Tax Rate For Calcs": 0.203711,
        "Normalized EBITDA": 209692000.0,
        "Net Income From Continuing Operation Net Minority Interest": 144853000.0,
        "Reconciled Depreciation": 48918000.0,
        "Reconciled Cost Of Revenue": 242930000.0,
        "EBITDA": 209692000.0,
        "EBIT": 160774000.0,
        "Net Interest Income": 21136000.0,
        "Interest Income": 21136000.0,
        "Normalized Income": 144853000.0,
        "Net Income From Continuing And Discontinued Operation": 144853000.0,
        "Total Expenses": 571225000.0,
        "Total Operating Income As Reported": 160774000.0,
        "Diluted Average Shares": 63161000.0,
        "Basic Average Shares": 62036000.0,
        "Diluted EPS": 2.29,
        "Basic EPS": 2.33,
        "Diluted NI Availto Com Stockholders": 144853000.0,
        "Net Income Common Stockholders": 144853000.0,
        "Net Income": 144853000.0,
        "Net Income Including Noncontrolling Interests": 144853000.0,
        "Net Income Continuous Operations": 144853000.0,
        "Tax Provision": 37057000.0,
        "Pretax Income": 181910000.0,
        "Net Non Operating Interest Income Expense": 21136000.0,
        "Total Other Finance Cost": NaN,
        "Interest Income Non Operating": 21136000.0,
        "Operating Income": 160774000.0,
        "Operating Expense": 328295000.0,
        "Research And Development": 90463000.0,
        "Selling General And Administration": 237832000.0,
        "Selling And Marketing Expense": 161864000.0,
        "General And Administrative Expense": 75968000.0,
        "Other Gand A": 75968000.0,
        "Gross Profit": 489069000.0,
        "Cost Of Revenue": 242930000.0,
        "Total Revenue": 731999000.0,
        "Operating Revenue": 731999000.0
    }
}