{
    "2023-03-31": {
        "Tax Effect Of Unusual Items": 130620.0,
        "Tax Rate For Calcs": 0.21,
        "Normalized EBITDA": 19519000.0,
        "Total Unusual Items": 622000.0,
        "Total Unusual Items Excluding Goodwill": 622000.0,
        "Net Income From Continuing Operation Net Minority Interest": -6109000.0,
        "Reconciled Depreciation": 12912000.0,
        "Reconciled Cost Of Revenue": 137434000.0,
        "EBITDA": 20141000.0,
        "EBIT": 7229000.0,
        "Net Interest Income": -12269000.0,
        "Interest Expense": 12454000.0,
        "Interest Income": 185000.0,
        "Normalized Income": -6600380.0,
        "Net Income From Continuing And Discontinued Operation": -6109000.0,
        "Total Expenses": 157148000.0,
        "Total Operating Income As Reported": 6882000.0,
        "Diluted Average Shares": 32304361.0,
        "Basic Average Shares": 32304361.0,
        "Diluted EPS": -0.19,
        "Basic EPS": -0.19,
        "Diluted NI Availto Com Stockholders": -6109000.0,
        "Net Income Common Stockholders": -6109000.0,
        "Net Income": -6109000.0,
        "Net Income Including Noncontrolling Interests": -6109000.0,
        "Net Income Continuous Operations": -6109000.0,
        "Tax Provision": 884000.0,
        "Pretax Income": -5225000.0,
        "Other Income Expense": 784000.0,
        "Other Non Operating Income Expenses": 162000.0,
        "Special Income Charges": 622000.0,
        "Gain On Sale Of Ppe": 330000.0,
        "Other Special Charges": NaN,
        "Restructuring And Mergern Acquisition": -292000.0,
        "Net Non Operating Interest Income Expense": -12269000.0,
        "Interest Expense Non Operating": 12454000.0,
        "Interest Income Non Operating": 185000.0,
        "Operating Income": 6260000.0,
        "Operating Expense": 19714000.0,
        "Selling General And Administration": 19714000.0,
        "General And Administrative Expense": 19714000.0,
        "Other Gand A": 19714000.0,
        "Gross Profit": 25974000.0,
        "Cost Of Revenue": 137434000.0,
        "Total Revenue": 163408000.0,
        "Operating Revenue": 163408000.0
    },
    "2022-12-31": {
        "Tax Effect Of Unusual Items": NaN,
        "Tax Rate For Calcs": NaN,
        "Normalized EBITDA": NaN,
        "Total Unusual Items": NaN,
        "Total Unusual Items Excluding Goodwill": NaN,
        "Net Income From Continuing Operation Net Minority Interest": NaN,
        "Reconciled Depreciation": NaN,
        "Reconciled Cost Of Revenue": NaN,
        "EBITDA": NaN,
        "EBIT": NaN,
        "Net Interest Income": NaN,
        "Interest Expense": NaN,
        "Interest Income": NaN,
        "Normalized Income": NaN,
        "Net Income From Continuing And Discontinued Operation": NaN,
        "Total Expenses": NaN,
        "Total Operating Income As Reported": NaN,
        "Diluted Average Shares": NaN,
        "Basic Average Shares": NaN,
        "Diluted EPS": NaN,
        "Basic EPS": NaN,
        "Diluted NI Availto Com Stockholders": NaN,
        "Net Income Common Stockholders": NaN,
        "Net Income": NaN,
        "Net Income Including Noncontrolling Interests": NaN,
        "Net Income Continuous Operations": NaN,
        "Tax Provision": NaN,
        "Pretax Income": NaN,
        "Other Income Expense": NaN,
        "Other Non Operating Income Expenses": NaN,
        "Special Income Charges": NaN,
        "Gain On Sale Of Ppe": NaN,
        "Other Special Charges": 0.0,
        "Restructuring And Mergern Acquisition": NaN,
        "Net Non Operating Interest Income Expense": NaN,
        "Interest Expense Non Operating": NaN,
        "Interest Income Non Operating": NaN,
        "Operating Income": NaN,
        "Operating Expense": NaN,
        "Selling General And Administration": NaN,
        "General And Administrative Expense": NaN,
        "Other Gand A": NaN,
        "Gross Profit": NaN,
        "Cost Of Revenue": NaN,
        "Total Revenue": NaN,
        "Operating Revenue": NaN
    },
    "2022-09-30": {
        "Tax Effect Of Unusual Items": NaN,
        "Tax Rate For Calcs": NaN,
        "Normalized EBITDA": NaN,
        "Total Unusual Items": NaN,
        "Total Unusual Items Excluding Goodwill": NaN,
        "Net Income From Continuing Operation Net Minority Interest": NaN,
        "Reconciled Depreciation": NaN,
        "Reconciled Cost Of Revenue": NaN,
        "EBITDA": NaN,
        "EBIT": NaN,
        "Net Interest Income": NaN,
        "Interest Expense": NaN,
        "Interest Income": NaN,
        "Normalized Income": NaN,
        "Net Income From Continuing And Discontinued Operation": NaN,
        "Total Expenses": NaN,
        "Total Operating Income As Reported": NaN,
        "Diluted Average Shares": NaN,
        "Basic Average Shares": NaN,
        "Diluted EPS": NaN,
        "Basic EPS": NaN,
        "Diluted NI Availto Com Stockholders": NaN,
        "Net Income Common Stockholders": NaN,
        "Net Income": NaN,
        "Net Income Including Noncontrolling Interests": NaN,
        "Net Income Continuous Operations": NaN,
        "Tax Provision": NaN,
        "Pretax Income": NaN,
        "Other Income Expense": NaN,
        "Other Non Operating Income Expenses": NaN,
        "Special Income Charges": NaN,
        "Gain On Sale Of Ppe": NaN,
        "Other Special Charges": -2843000.0,
        "Restructuring And Mergern Acquisition": NaN,
        "Net Non Operating Interest Income Expense": NaN,
        "Interest Expense Non Operating": NaN,
        "Interest Income Non Operating": NaN,
        "Operating Income": NaN,
        "Operating Expense": NaN,
        "Selling General And Administration": NaN,
        "General And Administrative Expense": NaN,
        "Other Gand A": NaN,
        "Gross Profit": NaN,
        "Cost Of Revenue": NaN,
        "Total Revenue": NaN,
        "Operating Revenue": NaN
    },
    "2022-06-30": {
        "Tax Effect Of Unusual Items": -157644.0,
        "Tax Rate For Calcs": 0.348,
        "Normalized EBITDA": 19400000.0,
        "Total Unusual Items": -453000.0,
        "Total Unusual Items Excluding Goodwill": -453000.0,
        "Net Income From Continuing Operation Net Minority Interest": -978000.0,
        "Reconciled Depreciation": 12314000.0,
        "Reconciled Cost Of Revenue": 123020000.0,
        "EBITDA": 18947000.0,
        "EBIT": 6633000.0,
        "Net Interest Income": -8108000.0,
        "Interest Expense": 8133000.0,
        "Interest Income": 25000.0,
        "Normalized Income": -682644.0,
        "Net Income From Continuing And Discontinued Operation": -978000.0,
        "Total Expenses": 135475000.0,
        "Total Operating Income As Reported": 6418000.0,
        "Diluted Average Shares": 30832566.0,
        "Basic Average Shares": 30832566.0,
        "Diluted EPS": -0.03,
        "Basic EPS": -0.03,
        "Diluted NI Availto Com Stockholders": -978000.0,
        "Net Income Common Stockholders": -978000.0,
        "Net Income": -978000.0,
        "Net Income Including Noncontrolling Interests": -978000.0,
        "Net Income Continuous Operations": -978000.0,
        "Tax Provision": -522000.0,
        "Pretax Income": -1500000.0,
        "Other Income Expense": -263000.0,
        "Other Non Operating Income Expenses": 190000.0,
        "Special Income Charges": -453000.0,
        "Gain On Sale Of Ppe": -267000.0,
        "Other Special Charges": NaN,
        "Restructuring And Mergern Acquisition": 186000.0,
        "Net Non Operating Interest Income Expense": -8108000.0,
        "Interest Expense Non Operating": 8133000.0,
        "Interest Income Non Operating": 25000.0,
        "Operating Income": 6871000.0,
        "Operating Expense": 12455000.0,
        "Selling General And Administration": 12455000.0,
        "General And Administrative Expense": 12455000.0,
        "Other Gand A": 12455000.0,
        "Gross Profit": 19326000.0,
        "Cost Of Revenue": 123020000.0,
        "Total Revenue": 142346000.0,
        "Operating Revenue": 142346000.0
    },
    "2022-03-31": {
        "Diluted EPS": -0.23,
        "Total Revenue": 117,
        "Gross Profit": 23,
        "Operating Income": 1,
        "EBIT": 14,
        "Net Income": -7
    },
    "2021-12-31": {
        "Diluted EPS": -0.51,
        "Total Revenue": 105,
        "Gross Profit": 15,
        "Operating Income": -8,
        "EBIT": 5,
        "Net Income": -16
    },
    "2021-09-30": {
        "Diluted EPS": -0.53,
        "Total Revenue": 93,
        "Gross Profit": 14,
        "Operating Income": -8,
        "EBIT": 5,
        "Net Income": -16
    },
    "2021-06-30": {
        "Diluted EPS": -0.81,
        "Total Revenue": 85,
        "Gross Profit": 8,
        "Operating Income": -16,
        "EBIT": -2,
        "Net Income": -25
    },
    "2021-03-31": {
        "Diluted EPS": -0.28,
        "Total Revenue": 67,
        "Gross Profit": 4,
        "Operating Income": -17,
        "EBIT": -3,
        "Net Income": -8
    },
    "2020-12-31": {
        "Diluted EPS": -1.09,
        "Total Revenue": 62,
        "Gross Profit": -5,
        "Operating Income": -27,
        "EBIT": -6,
        "Net Income": -35
    },
    "2020-09-30": {
        "Diluted EPS": -0.62,
        "Total Revenue": 50,
        "Gross Profit": -3,
        "Operating Income": -25,
        "EBIT": -13,
        "Net Income": -19
    },
    "2020-06-30": {
        "Diluted EPS": -0.81,
        "Total Revenue": 53,
        "Gross Profit": -4,
        "Operating Income": -27,
        "EBIT": -14,
        "Net Income": -24
    },
    "2020-03-31": {
        "Diluted EPS": -10.22,
        "Total Revenue": 147,
        "Gross Profit": 21,
        "Operating Income": -304,
        "EBIT": 6,
        "Net Income": -301
    },
    "2019-12-31": {
        "Diluted EPS": -7.53,
        "Total Revenue": 163,
        "Gross Profit": 23,
        "Operating Income": -213,
        "EBIT": -62,
        "Net Income": -221
    },
    "2019-09-30": {
        "Diluted EPS": -0.7,
        "Total Revenue": 202,
        "Gross Profit": 35,
        "Operating Income": -10,
        "EBIT": 7,
        "Net Income": -21
    },
    "2019-06-30": {
        "Diluted EPS": 0.21,
        "Total Revenue": 238,
        "Gross Profit": 53,
        "Operating Income": 14,
        "EBIT": 33,
        "Net Income": 6
    },
    "2019-03-31": {
        "Diluted EPS": 0.59,
        "Total Revenue": 230,
        "Gross Profit": 51,
        "Operating Income": 27,
        "EBIT": 46,
        "Net Income": 17
    },
    "2018-12-31": {
        "Diluted EPS": -3.18,
        "Total Revenue": 229,
        "Gross Profit": 58,
        "Operating Income": -61,
        "EBIT": -9,
        "Net Income": -77
    },
    "2018-09-30": {
        "Diluted EPS": 0.56,
        "Total Revenue": 218,
        "Gross Profit": 53,
        "Operating Income": 16,
        "EBIT": 32,
        "Net Income": 14
    },
    "2018-06-30": {
        "Diluted EPS": 0.37,
        "Total Revenue": 205,
        "Gross Profit": 42,
        "Operating Income": 11,
        "EBIT": 27,
        "Net Income": 9
    },
    "2018-03-31": {
        "Diluted EPS": 0.08,
        "Total Revenue": 174,
        "Gross Profit": 36,
        "Operating Income": 5,
        "EBIT": 21,
        "Net Income": 2
    },
    "2017-12-31": {
        "Diluted EPS": -1.89,
        "Total Revenue": 154,
        "Gross Profit": 29,
        "Operating Income": -34,
        "EBIT": 17,
        "Net Income": -30
    },
    "2017-09-30": {
        "Diluted EPS": -0.34,
        "Total Revenue": 148,
        "Gross Profit": 28,
        "Operating Income": 0,
        "EBIT": 16,
        "Net Income": -5
    },
    "2017-06-30": {
        "Diluted EPS": -0.83,
        "Total Revenue": 136,
        "Gross Profit": 24,
        "Operating Income": -8,
        "EBIT": 8,
        "Net Income": -12
    },
    "2017-03-31": {
        "Diluted EPS": -1.5,
        "Total Revenue": 105,
        "Gross Profit": 14,
        "Operating Income": -15,
        "EBIT": 1,
        "Net Income": -21
    },
    "2016-12-31": {
        "Diluted EPS": 0.0,
        "Total Revenue": NaN,
        "Gross Profit": NaN,
        "Operating Income": NaN,
        "EBIT": NaN,
        "Net Income": NaN
    },
    "2015-12-31": {
        "Diluted EPS": 0.0,
        "Total Revenue": NaN,
        "Gross Profit": NaN,
        "Operating Income": NaN,
        "EBIT": NaN,
        "Net Income": NaN
    },
    "2023-06-30": {
        "Tax Effect Of Unusual Items": NaN,
        "Tax Rate For Calcs": NaN,
        "Normalized EBITDA": NaN,
        "Total Unusual Items": NaN,
        "Total Unusual Items Excluding Goodwill": NaN,
        "Net Income From Continuing Operation Net Minority Interest": NaN,
        "Reconciled Depreciation": NaN,
        "Reconciled Cost Of Revenue": NaN,
        "EBITDA": NaN,
        "EBIT": NaN,
        "Net Interest Income": NaN,
        "Interest Expense": NaN,
        "Interest Income": NaN,
        "Normalized Income": NaN,
        "Net Income From Continuing And Discontinued Operation": NaN,
        "Total Expenses": NaN,
        "Total Operating Income As Reported": NaN,
        "Diluted Average Shares": 33293740.0,
        "Basic Average Shares": 33293740.0,
        "Diluted EPS": -0.08,
        "Basic EPS": -0.08,
        "Diluted NI Availto Com Stockholders": NaN,
        "Net Income Common Stockholders": NaN,
        "Net Income": NaN,
        "Net Income Including Noncontrolling Interests": NaN,
        "Net Income Continuous Operations": NaN,
        "Tax Provision": NaN,
        "Pretax Income": NaN,
        "Other Income Expense": NaN,
        "Other Non Operating Income Expenses": NaN,
        "Special Income Charges": NaN,
        "Gain On Sale Of Ppe": NaN,
        "Restructuring And Mergern Acquisition": NaN,
        "Net Non Operating Interest Income Expense": NaN,
        "Interest Expense Non Operating": NaN,
        "Interest Income Non Operating": NaN,
        "Operating Income": NaN,
        "Operating Expense": NaN,
        "Selling General And Administration": NaN,
        "General And Administrative Expense": NaN,
        "Other Gand A": NaN,
        "Gross Profit": NaN,
        "Cost Of Revenue": NaN,
        "Total Revenue": NaN,
        "Operating Revenue": NaN
    },
    "2023-09-30": {
        "Tax Effect Of Unusual Items": -107940.0,
        "Tax Rate For Calcs": 0.21,
        "Normalized EBITDA": 13822000.0,
        "Total Unusual Items": -514000.0,
        "Total Unusual Items Excluding Goodwill": -514000.0,
        "Net Income From Continuing Operation Net Minority Interest": -13262000.0,
        "Reconciled Depreciation": 13497000.0,
        "Reconciled Cost Of Revenue": 127856000.0,
        "EBITDA": 13308000.0,
        "EBIT": -189000.0,
        "Net Interest Income": -12396000.0,
        "Interest Expense": 12858000.0,
        "Interest Income": 462000.0,
        "Normalized Income": -12855940.0,
        "Net Income From Continuing And Discontinued Operation": -13262000.0,
        "Total Expenses": 140916000.0,
        "Total Operating Income As Reported": -813000.0,
        "Diluted Average Shares": 33659386.0,
        "Basic Average Shares": 33659386.0,
        "Diluted EPS": -0.39,
        "Basic EPS": -0.39,
        "Diluted NI Availto Com Stockholders": -13262000.0,
        "Net Income Common Stockholders": -13262000.0,
        "Net Income": -13262000.0,
        "Net Income Including Noncontrolling Interests": -13262000.0,
        "Net Income Continuous Operations": -13262000.0,
        "Tax Provision": 215000.0,
        "Pretax Income": -13047000.0,
        "Other Income Expense": -352000.0,
        "Other Non Operating Income Expenses": 162000.0,
        "Special Income Charges": -514000.0,
        "Gain On Sale Of Ppe": -21000.0,
        "Restructuring And Mergern Acquisition": 493000.0,
        "Net Non Operating Interest Income Expense": -12396000.0,
        "Interest Expense Non Operating": 12858000.0,
        "Interest Income Non Operating": 462000.0,
        "Operating Income": -299000.0,
        "Operating Expense": 13060000.0,
        "Selling General And Administration": 13060000.0,
        "General And Administrative Expense": 13060000.0,
        "Other Gand A": 13060000.0,
        "Gross Profit": 12761000.0,
        "Cost Of Revenue": 127856000.0,
        "Total Revenue": 140617000.0,
        "Operating Revenue": 140617000.0
    },
    "2023-12-31": {
        "Tax Effect Of Unusual Items": -152040.0,
        "Tax Rate For Calcs": 0.21,
        "Normalized EBITDA": 16689000.0,
        "Total Unusual Items": -724000.0,
        "Total Unusual Items Excluding Goodwill": -724000.0,
        "Net Income From Continuing Operation Net Minority Interest": -10305000.0,
        "Reconciled Depreciation": 13286000.0,
        "Reconciled Cost Of Revenue": 128346000.0,
        "EBITDA": 15965000.0,
        "EBIT": 2679000.0,
        "Net Interest Income": -12489000.0,
        "Interest Expense": 12813000.0,
        "Interest Income": 324000.0,
        "Normalized Income": -9733040.0,
        "Net Income From Continuing And Discontinued Operation": -10305000.0,
        "Total Expenses": 141156000.0,
        "Total Operating Income As Reported": 2193000.0,
        "Diluted Average Shares": 33850317.0,
        "Basic Average Shares": 33850317.0,
        "Diluted EPS": -0.3,
        "Basic EPS": -0.3,
        "Diluted NI Availto Com Stockholders": -10305000.0,
        "Net Income Common Stockholders": -10305000.0,
        "Net Income": -10305000.0,
        "Net Income Including Noncontrolling Interests": -10305000.0,
        "Net Income Continuous Operations": -10305000.0,
        "Tax Provision": 171000.0,
        "Pretax Income": -10134000.0,
        "Other Income Expense": -562000.0,
        "Other Non Operating Income Expenses": 162000.0,
        "Special Income Charges": -724000.0,
        "Gain On Sale Of Ppe": -699000.0,
        "Restructuring And Mergern Acquisition": 25000.0,
        "Net Non Operating Interest Income Expense": -12489000.0,
        "Interest Expense Non Operating": 12813000.0,
        "Interest Income Non Operating": 324000.0,
        "Operating Income": 2917000.0,
        "Operating Expense": 12810000.0,
        "Selling General And Administration": 12810000.0,
        "General And Administrative Expense": 12810000.0,
        "Other Gand A": 12810000.0,
        "Gross Profit": 15727000.0,
        "Cost Of Revenue": 128346000.0,
        "Total Revenue": 144073000.0,
        "Operating Revenue": 144073000.0
    },
    "2024-03-31": {
        "Tax Effect Of Unusual Items": 21000.0,
        "Tax Rate For Calcs": 0.21,
        "Normalized EBITDA": 17615000.0,
        "Total Unusual Items": 100000.0,
        "Total Unusual Items Excluding Goodwill": 100000.0,
        "Net Income From Continuing Operation Net Minority Interest": -8055000.0,
        "Reconciled Depreciation": 12824000.0,
        "Reconciled Cost Of Revenue": 125536000.0,
        "EBITDA": 17715000.0,
        "EBIT": 4891000.0,
        "Net Interest Income": -12482000.0,
        "Interest Expense": 12792000.0,
        "Interest Income": 310000.0,
        "Normalized Income": -8134000.0,
        "Net Income From Continuing And Discontinued Operation": -8055000.0,
        "Total Expenses": 137801000.0,
        "Total Operating Income As Reported": 4419000.0,
        "Diluted Average Shares": 33850317.0,
        "Basic Average Shares": 33850317.0,
        "Diluted EPS": -0.24,
        "Basic EPS": -0.24,
        "Diluted NI Availto Com Stockholders": -8055000.0,
        "Net Income Common Stockholders": -8055000.0,
        "Net Income": -8055000.0,
        "Net Income Including Noncontrolling Interests": -8055000.0,
        "Net Income Continuous Operations": -8055000.0,
        "Tax Provision": 154000.0,
        "Pretax Income": -7901000.0,
        "Other Income Expense": 262000.0,
        "Other Non Operating Income Expenses": 162000.0,
        "Special Income Charges": 100000.0,
        "Gain On Sale Of Ppe": 26000.0,
        "Restructuring And Mergern Acquisition": -74000.0,
        "Net Non Operating Interest Income Expense": -12482000.0,
        "Interest Expense Non Operating": 12792000.0,
        "Interest Income Non Operating": 310000.0,
        "Operating Income": 4319000.0,
        "Operating Expense": 12265000.0,
        "Selling General And Administration": 12265000.0,
        "General And Administrative Expense": 12265000.0,
        "Other Gand A": 12265000.0,
        "Gross Profit": 16584000.0,
        "Cost Of Revenue": 125536000.0,
        "Total Revenue": 142120000.0,
        "Operating Revenue": 142120000.0
    },
    "2024-06-30": {
        "Tax Effect Of Unusual Items": 19110.0,
        "Tax Rate For Calcs": 0.21,
        "Normalized EBITDA": 11524000.0,
        "Total Unusual Items": 91000.0,
        "Total Unusual Items Excluding Goodwill": 91000.0,
        "Net Income From Continuing Operation Net Minority Interest": -14041000.0,
        "Reconciled Depreciation": 12735000.0,
        "Reconciled Cost Of Revenue": 121446000.0,
        "EBITDA": 11615000.0,
        "EBIT": -1120000.0,
        "Net Interest Income": -12628000.0,
        "Interest Expense": 12782000.0,
        "Interest Income": 154000.0,
        "Normalized Income": -14112890.0,
        "Net Income From Continuing And Discontinued Operation": -14041000.0,
        "Total Expenses": 133928000.0,
        "Total Operating Income As Reported": -1436000.0,
        "Diluted Average Shares": 35477154.0,
        "Basic Average Shares": 35477154.0,
        "Diluted EPS": -0.4,
        "Basic EPS": -0.4,
        "Diluted NI Availto Com Stockholders": -14041000.0,
        "Net Income Common Stockholders": -14041000.0,
        "Net Income": -14041000.0,
        "Net Income Including Noncontrolling Interests": -14041000.0,
        "Net Income Continuous Operations": -14041000.0,
        "Tax Provision": 139000.0,
        "Pretax Income": -13902000.0,
        "Other Income Expense": 253000.0,
        "Other Non Operating Income Expenses": 162000.0,
        "Special Income Charges": 91000.0,
        "Gain On Sale Of Ppe": -27000.0,
        "Restructuring And Mergern Acquisition": -118000.0,
        "Net Non Operating Interest Income Expense": -12628000.0,
        "Interest Expense Non Operating": 12782000.0,
        "Interest Income Non Operating": 154000.0,
        "Operating Income": -1527000.0,
        "Operating Expense": 12482000.0,
        "Selling General And Administration": 12482000.0,
        "General And Administrative Expense": 12482000.0,
        "Other Gand A": 12482000.0,
        "Gross Profit": 10955000.0,
        "Cost Of Revenue": 121446000.0,
        "Total Revenue": 132401000.0,
        "Operating Revenue": 132401000.0
    },
    "2024-09-30": {
        "Tax Effect Of Unusual Items": -182070.0,
        "Tax Rate For Calcs": 0.21,
        "Normalized EBITDA": 16015000.0,
        "Total Unusual Items": -867000.0,
        "Total Unusual Items Excluding Goodwill": -867000.0,
        "Net Income From Continuing Operation Net Minority Interest": -10143000.0,
        "Reconciled Depreciation": 12339000.0,
        "Reconciled Cost Of Revenue": 122473000.0,
        "EBITDA": 15148000.0,
        "EBIT": 2809000.0,
        "Net Interest Income": -12683000.0,
        "Interest Expense": 12879000.0,
        "Interest Income": 196000.0,
        "Normalized Income": -9458070.0,
        "Net Income From Continuing And Discontinued Operation": -10143000.0,
        "Total Expenses": 134839000.0,
        "Total Operating Income As Reported": 2451000.0,
        "Diluted Average Shares": 39209798.0,
        "Basic Average Shares": 39209798.0,
        "Diluted EPS": -0.26,
        "Basic EPS": -0.26,
        "Diluted NI Availto Com Stockholders": -10143000.0,
        "Net Income Common Stockholders": -10143000.0,
        "Net Income": -10143000.0,
        "Net Income Including Noncontrolling Interests": -10143000.0,
        "Net Income Continuous Operations": -10143000.0,
        "Tax Provision": 73000.0,
        "Pretax Income": -10070000.0,
        "Other Income Expense": -705000.0,
        "Other Non Operating Income Expenses": 162000.0,
        "Special Income Charges": -867000.0,
        "Gain On Sale Of Ppe": -484000.0,
        "Restructuring And Mergern Acquisition": 383000.0,
        "Net Non Operating Interest Income Expense": -12683000.0,
        "Interest Expense Non Operating": 12879000.0,
        "Interest Income Non Operating": 196000.0,
        "Operating Income": 3318000.0,
        "Operating Expense": 12366000.0,
        "Selling General And Administration": 12366000.0,
        "General And Administrative Expense": 12366000.0,
        "Other Gand A": 12366000.0,
        "Gross Profit": 15684000.0,
        "Cost Of Revenue": 122473000.0,
        "Total Revenue": 138157000.0,
        "Operating Revenue": 138157000.0
    },
    "2024-12-31": {
        "Tax Effect Of Unusual Items": 5891.465986,
        "Tax Rate For Calcs": 0.018644,
        "Normalized EBITDA": 15676000.0,
        "Total Unusual Items": 316000.0,
        "Total Unusual Items Excluding Goodwill": 316000.0,
        "Net Income From Continuing Operation Net Minority Interest": -8843000.0,
        "Reconciled Depreciation": 12135000.0,
        "Reconciled Cost Of Revenue": 124051000.0,
        "EBITDA": 15992000.0,
        "EBIT": 3857000.0,
        "Net Interest Income": -12679000.0,
        "Interest Expense": 12868000.0,
        "Interest Income": 189000.0,
        "Normalized Income": -9153108.534014,
        "Net Income From Continuing And Discontinued Operation": -8843000.0,
        "Total Expenses": 138236000.0,
        "Total Operating Income As Reported": 3506000.0,
        "Diluted Average Shares": 40104614.0,
        "Basic Average Shares": 40104614.0,
        "Diluted EPS": -0.22,
        "Basic EPS": -0.22,
        "Diluted NI Availto Com Stockholders": -8843000.0,
        "Net Income Common Stockholders": -8843000.0,
        "Net Income": -8843000.0,
        "Net Income Including Noncontrolling Interests": -8843000.0,
        "Net Income Continuous Operations": -8843000.0,
        "Tax Provision": -168000.0,
        "Pretax Income": -9011000.0,
        "Other Income Expense": 478000.0,
        "Other Non Operating Income Expenses": 162000.0,
        "Special Income Charges": 316000.0,
        "Gain On Sale Of Ppe": 229000.0,
        "Restructuring And Mergern Acquisition": -87000.0,
        "Net Non Operating Interest Income Expense": -12679000.0,
        "Interest Expense Non Operating": 12868000.0,
        "Interest Income Non Operating": 189000.0,
        "Operating Income": 3190000.0,
        "Operating Expense": 14185000.0,
        "Selling General And Administration": 14185000.0,
        "General And Administrative Expense": 14185000.0,
        "Other Gand A": 14185000.0,
        "Gross Profit": 17375000.0,
        "Cost Of Revenue": 124051000.0,
        "Total Revenue": 141426000.0,
        "Operating Revenue": 141426000.0
    },
    "2025-03-31": {
        "Tax Effect Of Unusual Items": -98910.0,
        "Tax Rate For Calcs": 0.21,
        "Normalized EBITDA": 18452000.0,
        "Total Unusual Items": -471000.0,
        "Total Unusual Items Excluding Goodwill": -471000.0,
        "Net Income From Continuing Operation Net Minority Interest": -7061000.0,
        "Reconciled Depreciation": 12051000.0,
        "Reconciled Cost Of Revenue": 131103000.0,
        "EBITDA": 17981000.0,
        "EBIT": 5930000.0,
        "Net Interest Income": -12737000.0,
        "Interest Expense": 12876000.0,
        "Interest Income": 139000.0,
        "Normalized Income": -6688910.0,
        "Net Income From Continuing And Discontinued Operation": -7061000.0,
        "Total Expenses": 144366000.0,
        "Total Operating Income As Reported": 5629000.0,
        "Diluted Average Shares": 40164443.0,
        "Basic Average Shares": 40164443.0,
        "Diluted EPS": -0.18,
        "Basic EPS": -0.18,
        "Diluted NI Availto Com Stockholders": -7061000.0,
        "Net Income Common Stockholders": -7061000.0,
        "Net Income": -7061000.0,
        "Net Income Including Noncontrolling Interests": -7061000.0,
        "Net Income Continuous Operations": -7061000.0,
        "Tax Provision": 115000.0,
        "Pretax Income": -6946000.0,
        "Other Income Expense": -309000.0,
        "Other Non Operating Income Expenses": 162000.0,
        "Special Income Charges": -471000.0,
        "Gain On Sale Of Ppe": -446000.0,
        "Restructuring And Mergern Acquisition": 25000.0,
        "Net Non Operating Interest Income Expense": -12737000.0,
        "Interest Expense Non Operating": 12876000.0,
        "Interest Income Non Operating": 139000.0,
        "Operating Income": 6100000.0,
        "Operating Expense": 13263000.0,
        "Selling General And Administration": 13263000.0,
        "General And Administrative Expense": 13263000.0,
        "Other Gand A": 13263000.0,
        "Gross Profit": 19363000.0,
        "Cost Of Revenue": 131103000.0,
        "Total Revenue": 150466000.0,
        "Operating Revenue": 150466000.0
    }
}