{
    "2023-03-31": {
        "Tax Effect Of Unusual Items": NaN,
        "Tax Rate For Calcs": NaN,
        "Normalized EBITDA": NaN,
        "Total Unusual Items": 0.0,
        "Total Unusual Items Excluding Goodwill": 0.0,
        "Net Income From Continuing Operation Net Minority Interest": NaN,
        "Reconciled Cost Of Revenue": NaN,
        "EBITDA": NaN,
        "EBIT": NaN,
        "Net Interest Income": NaN,
        "Interest Expense": NaN,
        "Interest Income": NaN,
        "Normalized Income": NaN,
        "Net Income From Continuing And Discontinued Operation": NaN,
        "Total Expenses": NaN,
        "Total Operating Income As Reported": NaN,
        "Diluted Average Shares": NaN,
        "Basic Average Shares": NaN,
        "Diluted EPS": NaN,
        "Basic EPS": NaN,
        "Diluted NI Availto Com Stockholders": NaN,
        "Net Income Common Stockholders": NaN,
        "Net Income": NaN,
        "Minority Interests": NaN,
        "Net Income Including Noncontrolling Interests": NaN,
        "Net Income Continuous Operations": NaN,
        "Tax Provision": NaN,
        "Pretax Income": NaN,
        "Other Income Expense": NaN,
        "Other Non Operating Income Expenses": NaN,
        "Special Income Charges": 0.0,
        "Other Special Charges": NaN,
        "Earnings From Equity Interest": NaN,
        "Net Non Operating Interest Income Expense": NaN,
        "Interest Expense Non Operating": NaN,
        "Interest Income Non Operating": NaN,
        "Operating Income": NaN,
        "Operating Expense": NaN,
        "Other Operating Expenses": NaN,
        "Research And Development": NaN,
        "Selling General And Administration": NaN,
        "Gross Profit": NaN,
        "Cost Of Revenue": NaN,
        "Total Revenue": NaN,
        "Operating Revenue": NaN
    },
    "2022-12-31": {
        "Tax Effect Of Unusual Items": 0.0,
        "Tax Rate For Calcs": 0.25,
        "Normalized EBITDA": -5678704000.0,
        "Total Unusual Items": NaN,
        "Total Unusual Items Excluding Goodwill": NaN,
        "Net Income From Continuing Operation Net Minority Interest": -5847079000.0,
        "Reconciled Cost Of Revenue": 15441756000.0,
        "EBITDA": -5678704000.0,
        "EBIT": -5678704000.0,
        "Net Interest Income": 261359000.0,
        "Interest Expense": 90601000.0,
        "Interest Income": 351960000.0,
        "Normalized Income": -5847079000.0,
        "Net Income From Continuing And Discontinued Operation": -5847079000.0,
        "Total Expenses": 22799648000.0,
        "Total Operating Income As Reported": -6736134000.0,
        "Diluted Average Shares": 1647356108.0,
        "Basic Average Shares": 1647356108.0,
        "Diluted EPS": -3.55,
        "Basic EPS": -3.55,
        "Diluted NI Availto Com Stockholders": -5847079000.0,
        "Net Income Common Stockholders": -5847079000.0,
        "Net Income": -5847079000.0,
        "Minority Interests": -60978000.0,
        "Net Income Including Noncontrolling Interests": -5786101000.0,
        "Net Income Continuous Operations": -5786101000.0,
        "Tax Provision": 16796000.0,
        "Pretax Income": -5769305000.0,
        "Other Income Expense": 705470000.0,
        "Other Non Operating Income Expenses": 315699000.0,
        "Special Income Charges": NaN,
        "Other Special Charges": NaN,
        "Earnings From Equity Interest": 251439000.0,
        "Net Non Operating Interest Income Expense": 261359000.0,
        "Interest Expense Non Operating": 90601000.0,
        "Interest Income Non Operating": 351960000.0,
        "Operating Income": -6736134000.0,
        "Operating Expense": 7357892000.0,
        "Other Operating Expenses": -150057000.0,
        "Research And Development": 3980578000.0,
        "Selling General And Administration": 2709225000.0,
        "Gross Profit": 621758000.0,
        "Cost Of Revenue": 15441756000.0,
        "Total Revenue": 16063514000.0,
        "Operating Revenue": 16063514000.0
    },
    "2022-09-30": {
        "Tax Effect Of Unusual Items": NaN,
        "Tax Rate For Calcs": NaN,
        "Normalized EBITDA": NaN,
        "Total Unusual Items": 0.0,
        "Total Unusual Items Excluding Goodwill": 0.0,
        "Net Income From Continuing Operation Net Minority Interest": NaN,
        "Reconciled Cost Of Revenue": NaN,
        "EBITDA": NaN,
        "EBIT": NaN,
        "Net Interest Income": NaN,
        "Interest Expense": NaN,
        "Interest Income": NaN,
        "Normalized Income": NaN,
        "Net Income From Continuing And Discontinued Operation": NaN,
        "Total Expenses": NaN,
        "Total Operating Income As Reported": NaN,
        "Diluted Average Shares": NaN,
        "Basic Average Shares": NaN,
        "Diluted EPS": NaN,
        "Basic EPS": NaN,
        "Diluted NI Availto Com Stockholders": NaN,
        "Net Income Common Stockholders": NaN,
        "Net Income": NaN,
        "Minority Interests": NaN,
        "Net Income Including Noncontrolling Interests": NaN,
        "Net Income Continuous Operations": NaN,
        "Tax Provision": NaN,
        "Pretax Income": NaN,
        "Other Income Expense": NaN,
        "Other Non Operating Income Expenses": NaN,
        "Special Income Charges": 0.0,
        "Other Special Charges": NaN,
        "Earnings From Equity Interest": NaN,
        "Net Non Operating Interest Income Expense": NaN,
        "Interest Expense Non Operating": NaN,
        "Interest Income Non Operating": NaN,
        "Operating Income": NaN,
        "Operating Expense": NaN,
        "Other Operating Expenses": NaN,
        "Research And Development": NaN,
        "Selling General And Administration": NaN,
        "Gross Profit": NaN,
        "Cost Of Revenue": NaN,
        "Total Revenue": NaN,
        "Operating Revenue": NaN
    },
    "2022-06-30": {
        "Tax Effect Of Unusual Items": 0.0,
        "Tax Rate For Calcs": 0.000649,
        "Normalized EBITDA": -2694599000.0,
        "Total Unusual Items": NaN,
        "Total Unusual Items Excluding Goodwill": NaN,
        "Net Income From Continuing Operation Net Minority Interest": -2745008000.0,
        "Reconciled Cost Of Revenue": 8952061000.0,
        "EBITDA": -2694599000.0,
        "EBIT": -2694599000.0,
        "Net Interest Income": 228151000.0,
        "Interest Expense": 64712000.0,
        "Interest Income": 292863000.0,
        "Normalized Income": -2745008000.0,
        "Net Income From Continuing And Discontinued Operation": -2745008000.0,
        "Total Expenses": 13137924000.0,
        "Total Operating Income As Reported": -2845560000.0,
        "Diluted Average Shares": 1632803993.0,
        "Basic Average Shares": 1632803993.0,
        "Diluted EPS": -1.68,
        "Basic EPS": -1.68,
        "Diluted NI Availto Com Stockholders": -2745008000.0,
        "Net Income Common Stockholders": -2745008000.0,
        "Net Income": -2745008000.0,
        "Minority Interests": 12512000.0,
        "Net Income Including Noncontrolling Interests": -2757520000.0,
        "Net Income Continuous Operations": -2757520000.0,
        "Tax Provision": -1791000.0,
        "Pretax Income": -2759311000.0,
        "Other Income Expense": -141902000.0,
        "Other Non Operating Income Expenses": -189955000.0,
        "Special Income Charges": NaN,
        "Other Special Charges": NaN,
        "Earnings From Equity Interest": 48053000.0,
        "Net Non Operating Interest Income Expense": 228151000.0,
        "Interest Expense Non Operating": 64712000.0,
        "Interest Income Non Operating": 292863000.0,
        "Operating Income": -2845560000.0,
        "Operating Expense": 4185863000.0,
        "Other Operating Expenses": -246077000.0,
        "Research And Development": 2149479000.0,
        "Selling General And Administration": 2282461000.0,
        "Gross Profit": 1340303000.0,
        "Cost Of Revenue": 8952061000.0,
        "Total Revenue": 10292364000.0,
        "Operating Revenue": 10292364000.0
    },
    "2022-03-31": {
        "Diluted EPS": -0.18,
        "Total Revenue": NaN,
        "Gross Profit": 228,
        "Operating Income": -345,
        "EBIT": -345,
        "Net Income": -288
    },
    "2021-12-31": {
        "Diluted EPS": -0.22,
        "Total Revenue": NaN,
        "Gross Profit": 280,
        "Operating Income": -388,
        "EBIT": -265,
        "Net Income": -369
    },
    "2021-09-30": {
        "Diluted EPS": -0.28,
        "Total Revenue": NaN,
        "Gross Profit": 309,
        "Operating Income": -154,
        "EBIT": -154,
        "Net Income": -444
    },
    "2021-06-30": {
        "Diluted EPS": -0.07,
        "Total Revenue": NaN,
        "Gross Profit": 244,
        "Operating Income": -118,
        "EBIT": -118,
        "Net Income": -102
    },
    "2021-03-31": {
        "Diluted EPS": -0.48,
        "Total Revenue": NaN,
        "Gross Profit": 237,
        "Operating Income": -45,
        "EBIT": -45,
        "Net Income": -744
    },
    "2020-12-31": {
        "Diluted EPS": -0.2,
        "Total Revenue": NaN,
        "Gross Profit": 180,
        "Operating Income": -181,
        "EBIT": -108,
        "Net Income": -271
    },
    "2020-09-30": {
        "Diluted EPS": -0.14,
        "Total Revenue": 667,
        "Gross Profit": 86,
        "Operating Income": -139,
        "EBIT": -139,
        "Net Income": -175
    },
    "2020-06-30": {
        "Diluted EPS": -0.16,
        "Total Revenue": 526,
        "Gross Profit": 44,
        "Operating Income": -164,
        "EBIT": -164,
        "Net Income": -171
    },
    "2020-03-31": {
        "Diluted EPS": -0.23,
        "Total Revenue": 194,
        "Gross Profit": -24,
        "Operating Income": -222,
        "EBIT": -222,
        "Net Income": -243
    },
    "2019-12-31": {
        "Diluted EPS": -0.39,
        "Total Revenue": 404,
        "Gross Profit": -35,
        "Operating Income": -394,
        "EBIT": -394,
        "Net Income": -404
    },
    "2019-09-30": {
        "Diluted EPS": -0.35,
        "Total Revenue": 257,
        "Gross Profit": -31,
        "Operating Income": -337,
        "EBIT": -337,
        "Net Income": -357
    },
    "2019-06-30": {
        "Diluted EPS": -0.47,
        "Total Revenue": 220,
        "Gross Profit": -73,
        "Operating Income": -470,
        "EBIT": -470,
        "Net Income": -483
    },
    "2019-03-31": {
        "Diluted EPS": -0.38,
        "Total Revenue": 243,
        "Gross Profit": -33,
        "Operating Income": -390,
        "EBIT": -390,
        "Net Income": -395
    },
    "2018-09-30": {
        "Diluted EPS": -6.2,
        "Total Revenue": 214,
        "Gross Profit": -17,
        "Operating Income": -409,
        "EBIT": -409,
        "Net Income": NaN
    },
    "2023-06-30": {
        "Tax Effect Of Unusual Items": NaN,
        "Tax Rate For Calcs": NaN,
        "Normalized EBITDA": NaN,
        "Total Unusual Items": 0.0,
        "Total Unusual Items Excluding Goodwill": 0.0,
        "Net Income From Continuing Operation Net Minority Interest": NaN,
        "Reconciled Cost Of Revenue": NaN,
        "EBITDA": NaN,
        "EBIT": NaN,
        "Net Interest Income": NaN,
        "Interest Expense": NaN,
        "Interest Income": NaN,
        "Normalized Income": NaN,
        "Net Income From Continuing And Discontinued Operation": NaN,
        "Total Expenses": NaN,
        "Total Operating Income As Reported": NaN,
        "Diluted Average Shares": NaN,
        "Basic Average Shares": NaN,
        "Diluted EPS": NaN,
        "Basic EPS": NaN,
        "Diluted NI Availto Com Stockholders": NaN,
        "Net Income Common Stockholders": NaN,
        "Net Income": NaN,
        "Minority Interests": NaN,
        "Net Income Including Noncontrolling Interests": NaN,
        "Net Income Continuous Operations": NaN,
        "Tax Provision": NaN,
        "Pretax Income": NaN,
        "Other Income Expense": NaN,
        "Other Non Operating Income Expenses": NaN,
        "Special Income Charges": 0.0,
        "Other Special Charges": NaN,
        "Earnings From Equity Interest": NaN,
        "Net Non Operating Interest Income Expense": NaN,
        "Interest Expense Non Operating": NaN,
        "Interest Income Non Operating": NaN,
        "Operating Income": NaN,
        "Operating Expense": NaN,
        "Other Operating Expenses": NaN,
        "Research And Development": NaN,
        "Selling General And Administration": NaN,
        "Gross Profit": NaN,
        "Cost Of Revenue": NaN,
        "Total Revenue": NaN,
        "Operating Revenue": NaN
    },
    "2023-09-30": {
        "Tax Effect Of Unusual Items": NaN,
        "Tax Rate For Calcs": NaN,
        "Normalized EBITDA": NaN,
        "Total Unusual Items": 170193000.0,
        "Total Unusual Items Excluding Goodwill": 170193000.0,
        "Net Income From Continuing Operation Net Minority Interest": NaN,
        "Reconciled Cost Of Revenue": NaN,
        "EBITDA": NaN,
        "EBIT": NaN,
        "Net Interest Income": NaN,
        "Interest Expense": NaN,
        "Interest Income": NaN,
        "Normalized Income": NaN,
        "Net Income From Continuing And Discontinued Operation": NaN,
        "Total Expenses": NaN,
        "Total Operating Income As Reported": NaN,
        "Diluted Average Shares": 1735661387.0,
        "Basic Average Shares": 1735661387.0,
        "Diluted EPS": -2.67,
        "Basic EPS": -2.67,
        "Diluted NI Availto Com Stockholders": NaN,
        "Net Income Common Stockholders": NaN,
        "Net Income": NaN,
        "Minority Interests": NaN,
        "Net Income Including Noncontrolling Interests": NaN,
        "Net Income Continuous Operations": NaN,
        "Tax Provision": NaN,
        "Pretax Income": NaN,
        "Other Income Expense": NaN,
        "Other Non Operating Income Expenses": NaN,
        "Special Income Charges": 170193000.0,
        "Other Special Charges": -170193000.0,
        "Earnings From Equity Interest": NaN,
        "Net Non Operating Interest Income Expense": NaN,
        "Interest Expense Non Operating": NaN,
        "Interest Income Non Operating": NaN,
        "Operating Income": NaN,
        "Operating Expense": NaN,
        "Other Operating Expenses": NaN,
        "Research And Development": NaN,
        "Selling General And Administration": NaN,
        "Gross Profit": NaN,
        "Cost Of Revenue": NaN,
        "Total Revenue": NaN,
        "Operating Revenue": NaN
    },
    "2023-12-31": {
        "Tax Effect Of Unusual Items": 0.0,
        "Tax Rate For Calcs": 0.25,
        "Normalized EBITDA": -4970984000.0,
        "Total Unusual Items": NaN,
        "Total Unusual Items Excluding Goodwill": NaN,
        "Net Income From Continuing Operation Net Minority Interest": -5592773000.0,
        "Reconciled Cost Of Revenue": 15823948000.0,
        "EBITDA": -4970984000.0,
        "EBIT": -4970984000.0,
        "Net Interest Income": 1204181000.0,
        "Interest Expense": 163881000.0,
        "Interest Income": 1368062000.0,
        "Normalized Income": -5592773000.0,
        "Net Income From Continuing And Discontinued Operation": -5592773000.0,
        "Total Expenses": 23728486000.0,
        "Total Operating Income As Reported": -6625310000.0,
        "Diluted Average Shares": 1761324976.0,
        "Basic Average Shares": 1761324976.0,
        "Diluted EPS": -3.18,
        "Basic EPS": -3.18,
        "Diluted NI Availto Com Stockholders": -5592773000.0,
        "Net Income Common Stockholders": -5592773000.0,
        "Net Income": -5592773000.0,
        "Minority Interests": -225028000.0,
        "Net Income Including Noncontrolling Interests": -5367745000.0,
        "Net Income Continuous Operations": -5367745000.0,
        "Tax Provision": 232880000.0,
        "Pretax Income": -5134865000.0,
        "Other Income Expense": 286264000.0,
        "Other Non Operating Income Expenses": 253891000.0,
        "Special Income Charges": NaN,
        "Other Special Charges": NaN,
        "Earnings From Equity Interest": 32373000.0,
        "Net Non Operating Interest Income Expense": 1204181000.0,
        "Interest Expense Non Operating": 163881000.0,
        "Interest Income Non Operating": 1368062000.0,
        "Operating Income": -6625310000.0,
        "Operating Expense": 7904538000.0,
        "Other Operating Expenses": -40295000.0,
        "Research And Development": 3972127000.0,
        "Selling General And Administration": 3307739000.0,
        "Gross Profit": 1279228000.0,
        "Cost Of Revenue": 15823948000.0,
        "Total Revenue": 17103176000.0,
        "Operating Revenue": 15438709000.0
    },
    "2024-03-31": {
        "Tax Effect Of Unusual Items": -2831500.0,
        "Tax Rate For Calcs": 0.25,
        "Normalized EBITDA": -4995386000.0,
        "Total Unusual Items": -11326000.0,
        "Total Unusual Items Excluding Goodwill": -11326000.0,
        "Net Income From Continuing Operation Net Minority Interest": -5257918000.0,
        "Reconciled Cost Of Revenue": 9420905000.0,
        "EBITDA": -5006712000.0,
        "EBIT": -5006712000.0,
        "Net Interest Income": 179918000.0,
        "Interest Expense": 170875000.0,
        "Interest Income": 350793000.0,
        "Normalized Income": -5249423500.0,
        "Net Income From Continuing And Discontinued Operation": -5257918000.0,
        "Total Expenses": 15302709000.0,
        "Total Operating Income As Reported": -5394073000.0,
        "Diluted Average Shares": 2044151465.0,
        "Basic Average Shares": 2044151465.0,
        "Diluted EPS": -2.57,
        "Basic EPS": -2.57,
        "Diluted NI Availto Com Stockholders": -5257918000.0,
        "Net Income Common Stockholders": -5257918000.0,
        "Net Income": -5257918000.0,
        "Minority Interests": -73341000.0,
        "Net Income Including Noncontrolling Interests": -5184577000.0,
        "Net Income Continuous Operations": -5184577000.0,
        "Tax Provision": 6990000.0,
        "Pretax Income": -5177587000.0,
        "Other Income Expense": 36568000.0,
        "Other Non Operating Income Expenses": 67376000.0,
        "Special Income Charges": -11326000.0,
        "Other Special Charges": 11326000.0,
        "Earnings From Equity Interest": -19482000.0,
        "Net Non Operating Interest Income Expense": 179918000.0,
        "Interest Expense Non Operating": 170875000.0,
        "Interest Income Non Operating": 350793000.0,
        "Operating Income": -5394073000.0,
        "Operating Expense": 5881804000.0,
        "Other Operating Expenses": 20790000.0,
        "Research And Development": 2864216000.0,
        "Selling General And Administration": 2996798000.0,
        "Gross Profit": 487731000.0,
        "Cost Of Revenue": 9420905000.0,
        "Total Revenue": 9908636000.0,
        "Operating Revenue": 8381318000.0
    },
    "2024-06-30": {
        "Tax Effect Of Unusual Items": 0.0,
        "Tax Rate For Calcs": 0.25,
        "Normalized EBITDA": -4867823000.0,
        "Total Unusual Items": 0.0,
        "Total Unusual Items Excluding Goodwill": 0.0,
        "Net Income From Continuing Operation Net Minority Interest": -5126370000.0,
        "Reconciled Cost Of Revenue": 15757253000.0,
        "EBITDA": -4867823000.0,
        "EBIT": -4867823000.0,
        "Net Interest Income": 186590000.0,
        "Interest Expense": 176141000.0,
        "Interest Income": 362731000.0,
        "Normalized Income": -5126370000.0,
        "Net Income From Continuing And Discontinued Operation": -5126370000.0,
        "Total Expenses": 22655266000.0,
        "Total Operating Income As Reported": -5209298000.0,
        "Diluted Average Shares": 2049836045.0,
        "Basic Average Shares": 2049836045.0,
        "Diluted EPS": -2.5,
        "Basic EPS": -2.5,
        "Diluted NI Availto Com Stockholders": -5126370000.0,
        "Net Income Common Stockholders": -5126370000.0,
        "Net Income": -5126370000.0,
        "Minority Interests": -80387000.0,
        "Net Income Including Noncontrolling Interests": -5045983000.0,
        "Net Income Continuous Operations": -5045983000.0,
        "Tax Provision": 2019000.0,
        "Pretax Income": -5043964000.0,
        "Other Income Expense": -21256000.0,
        "Other Non Operating Income Expenses": 52351000.0,
        "Special Income Charges": 0.0,
        "Other Special Charges": NaN,
        "Earnings From Equity Interest": -73607000.0,
        "Net Non Operating Interest Income Expense": 186590000.0,
        "Interest Expense Non Operating": 176141000.0,
        "Interest Income Non Operating": 362731000.0,
        "Operating Income": -5209298000.0,
        "Operating Expense": 6898013000.0,
        "Other Operating Expenses": -77967000.0,
        "Research And Development": 3218522000.0,
        "Selling General And Administration": 3757458000.0,
        "Gross Profit": 1688715000.0,
        "Cost Of Revenue": 15757253000.0,
        "Total Revenue": 17445968000.0,
        "Operating Revenue": 15679623000.0
    },
    "2024-09-30": {
        "Tax Effect Of Unusual Items": 0.0,
        "Tax Rate For Calcs": 0.25,
        "Normalized EBITDA": -4817652000.0,
        "Total Unusual Items": 0.0,
        "Total Unusual Items Excluding Goodwill": 0.0,
        "Net Income From Continuing Operation Net Minority Interest": -5141635000.0,
        "Reconciled Cost Of Revenue": 16666155000.0,
        "EBITDA": -4817652000.0,
        "EBIT": -4817652000.0,
        "Net Interest Income": 106362000.0,
        "Interest Expense": 203761000.0,
        "Interest Income": 310123000.0,
        "Normalized Income": -5141635000.0,
        "Net Income From Continuing And Discontinued Operation": -5141635000.0,
        "Total Expenses": 23911295000.0,
        "Total Operating Income As Reported": -5237767000.0,
        "Diluted Average Shares": 2055159231.0,
        "Basic Average Shares": 2055159231.0,
        "Diluted EPS": -2.5,
        "Basic EPS": -2.5,
        "Diluted NI Availto Com Stockholders": -5141635000.0,
        "Net Income Common Stockholders": -5141635000.0,
        "Net Income": -5141635000.0,
        "Minority Interests": -81957000.0,
        "Net Income Including Noncontrolling Interests": -5059678000.0,
        "Net Income Continuous Operations": -5059678000.0,
        "Tax Provision": 38265000.0,
        "Pretax Income": -5021413000.0,
        "Other Income Expense": 109992000.0,
        "Other Non Operating Income Expenses": 309654000.0,
        "Special Income Charges": 0.0,
        "Other Special Charges": NaN,
        "Earnings From Equity Interest": -199662000.0,
        "Net Non Operating Interest Income Expense": 106362000.0,
        "Interest Expense Non Operating": 203761000.0,
        "Interest Income Non Operating": 310123000.0,
        "Operating Income": -5237767000.0,
        "Operating Expense": 7245140000.0,
        "Other Operating Expenses": -182406000.0,
        "Research And Development": 3318740000.0,
        "Selling General And Administration": 4108806000.0,
        "Gross Profit": 2007373000.0,
        "Cost Of Revenue": 16666155000.0,
        "Total Revenue": 18673528000.0,
        "Operating Revenue": 16697558000.0
    },
    "2024-12-31": {
        "Tax Effect Of Unusual Items": 66814.075772,
        "Tax Rate For Calcs": 0.00976,
        "Normalized EBITDA": -6940820000.0,
        "Total Unusual Items": 6846000.0,
        "Total Unusual Items Excluding Goodwill": 6846000.0,
        "Net Income From Continuing Operation Net Minority Interest": -7131769000.0,
        "Reconciled Cost Of Revenue": 17394484000.0,
        "EBITDA": -6933974000.0,
        "EBIT": -6933974000.0,
        "Net Interest Income": -417505000.0,
        "Interest Expense": 247586000.0,
        "Interest Income": -169919000.0,
        "Normalized Income": -7138548185.924228,
        "Net Income From Continuing And Discontinued Operation": -7131769000.0,
        "Total Expenses": 25736362000.0,
        "Total Operating Income As Reported": -6032935000.0,
        "Diluted Average Shares": NaN,
        "Basic Average Shares": NaN,
        "Diluted EPS": NaN,
        "Basic EPS": NaN,
        "Diluted NI Availto Com Stockholders": -7131769000.0,
        "Net Income Common Stockholders": -7131769000.0,
        "Net Income": -7131769000.0,
        "Minority Interests": -20298000.0,
        "Net Income Including Noncontrolling Interests": -7111471000.0,
        "Net Income Continuous Operations": -7111471000.0,
        "Tax Provision": -70089000.0,
        "Pretax Income": -7181560000.0,
        "Other Income Expense": -731120000.0,
        "Other Non Operating Income Expenses": -527524000.0,
        "Special Income Charges": 6846000.0,
        "Other Special Charges": NaN,
        "Earnings From Equity Interest": -210442000.0,
        "Net Non Operating Interest Income Expense": -417505000.0,
        "Interest Expense Non Operating": 247586000.0,
        "Interest Income Non Operating": -169919000.0,
        "Operating Income": -6032935000.0,
        "Operating Expense": 8341878000.0,
        "Other Operating Expenses": -171943000.0,
        "Research And Development": 3635826000.0,
        "Selling General And Administration": 3589206000.0,
        "Gross Profit": 2308943000.0,
        "Cost Of Revenue": 17394484000.0,
        "Total Revenue": 19703427000.0,
        "Operating Revenue": 17475587000.0
    }
}