{
    "2023-03-31": {
        "Tax Effect Of Unusual Items": NaN,
        "Tax Rate For Calcs": NaN,
        "Normalized EBITDA": NaN,
        "Total Unusual Items": 426836.0,
        "Total Unusual Items Excluding Goodwill": 426836.0,
        "Net Income From Continuing Operation Net Minority Interest": NaN,
        "Reconciled Cost Of Revenue": NaN,
        "EBITDA": NaN,
        "EBIT": NaN,
        "Net Interest Income": NaN,
        "Interest Expense": NaN,
        "Interest Income": NaN,
        "Normalized Income": NaN,
        "Net Income From Continuing And Discontinued Operation": NaN,
        "Total Expenses": NaN,
        "Total Operating Income As Reported": NaN,
        "Diluted Average Shares": NaN,
        "Basic Average Shares": NaN,
        "Diluted EPS": NaN,
        "Basic EPS": NaN,
        "Diluted NI Availto Com Stockholders": NaN,
        "Net Income Common Stockholders": NaN,
        "Net Income": NaN,
        "Net Income Including Noncontrolling Interests": NaN,
        "Net Income Continuous Operations": NaN,
        "Tax Provision": NaN,
        "Pretax Income": NaN,
        "Other Income Expense": 426836.0,
        "Gain On Sale Of Security": 426836.0,
        "Net Non Operating Interest Income Expense": NaN,
        "Interest Expense Non Operating": NaN,
        "Interest Income Non Operating": NaN,
        "Operating Income": NaN,
        "Operating Expense": NaN,
        "Other Operating Expenses": NaN,
        "Research And Development": NaN,
        "Selling General And Administration": NaN,
        "Selling And Marketing Expense": NaN,
        "General And Administrative Expense": NaN,
        "Other Gand A": NaN,
        "Gross Profit": NaN,
        "Cost Of Revenue": NaN,
        "Total Revenue": NaN,
        "Operating Revenue": NaN
    },
    "2022-12-31": {
        "Tax Effect Of Unusual Items": NaN,
        "Tax Rate For Calcs": NaN,
        "Normalized EBITDA": NaN,
        "Total Unusual Items": 1578877.0,
        "Total Unusual Items Excluding Goodwill": 1578877.0,
        "Net Income From Continuing Operation Net Minority Interest": NaN,
        "Reconciled Cost Of Revenue": NaN,
        "EBITDA": NaN,
        "EBIT": NaN,
        "Net Interest Income": NaN,
        "Interest Expense": NaN,
        "Interest Income": NaN,
        "Normalized Income": NaN,
        "Net Income From Continuing And Discontinued Operation": NaN,
        "Total Expenses": NaN,
        "Total Operating Income As Reported": NaN,
        "Diluted Average Shares": NaN,
        "Basic Average Shares": NaN,
        "Diluted EPS": NaN,
        "Basic EPS": NaN,
        "Diluted NI Availto Com Stockholders": NaN,
        "Net Income Common Stockholders": NaN,
        "Net Income": NaN,
        "Net Income Including Noncontrolling Interests": NaN,
        "Net Income Continuous Operations": NaN,
        "Tax Provision": NaN,
        "Pretax Income": NaN,
        "Other Income Expense": 1578877.0,
        "Gain On Sale Of Security": 1578877.0,
        "Net Non Operating Interest Income Expense": NaN,
        "Interest Expense Non Operating": NaN,
        "Interest Income Non Operating": NaN,
        "Operating Income": NaN,
        "Operating Expense": NaN,
        "Other Operating Expenses": NaN,
        "Research And Development": NaN,
        "Selling General And Administration": NaN,
        "Selling And Marketing Expense": NaN,
        "General And Administrative Expense": NaN,
        "Other Gand A": NaN,
        "Gross Profit": NaN,
        "Cost Of Revenue": NaN,
        "Total Revenue": NaN,
        "Operating Revenue": NaN
    },
    "2022-09-30": {
        "Tax Effect Of Unusual Items": NaN,
        "Tax Rate For Calcs": NaN,
        "Normalized EBITDA": NaN,
        "Total Unusual Items": 1043509.0,
        "Total Unusual Items Excluding Goodwill": 1043509.0,
        "Net Income From Continuing Operation Net Minority Interest": NaN,
        "Reconciled Cost Of Revenue": NaN,
        "EBITDA": NaN,
        "EBIT": NaN,
        "Net Interest Income": NaN,
        "Interest Expense": NaN,
        "Interest Income": NaN,
        "Normalized Income": NaN,
        "Net Income From Continuing And Discontinued Operation": NaN,
        "Total Expenses": NaN,
        "Total Operating Income As Reported": NaN,
        "Diluted Average Shares": NaN,
        "Basic Average Shares": NaN,
        "Diluted EPS": NaN,
        "Basic EPS": NaN,
        "Diluted NI Availto Com Stockholders": NaN,
        "Net Income Common Stockholders": NaN,
        "Net Income": NaN,
        "Net Income Including Noncontrolling Interests": NaN,
        "Net Income Continuous Operations": NaN,
        "Tax Provision": NaN,
        "Pretax Income": NaN,
        "Other Income Expense": 1043509.0,
        "Gain On Sale Of Security": 1043509.0,
        "Net Non Operating Interest Income Expense": NaN,
        "Interest Expense Non Operating": NaN,
        "Interest Income Non Operating": NaN,
        "Operating Income": NaN,
        "Operating Expense": NaN,
        "Other Operating Expenses": NaN,
        "Research And Development": NaN,
        "Selling General And Administration": NaN,
        "Selling And Marketing Expense": NaN,
        "General And Administrative Expense": NaN,
        "Other Gand A": NaN,
        "Gross Profit": NaN,
        "Cost Of Revenue": NaN,
        "Total Revenue": NaN,
        "Operating Revenue": NaN
    },
    "2022-06-30": {
        "Tax Effect Of Unusual Items": 1299383.2,
        "Tax Rate For Calcs": 0.4,
        "Normalized EBITDA": -4200824.0,
        "Total Unusual Items": 3248458.0,
        "Total Unusual Items Excluding Goodwill": 3248458.0,
        "Net Income From Continuing Operation Net Minority Interest": 14362336.0,
        "Reconciled Cost Of Revenue": 659994763.0,
        "EBITDA": -952366.0,
        "EBIT": -952366.0,
        "Net Interest Income": -538584.0,
        "Interest Expense": 1464438.0,
        "Interest Income": 925854.0,
        "Normalized Income": 12413261.2,
        "Net Income From Continuing And Discontinued Operation": 14362336.0,
        "Total Expenses": 832746593.0,
        "Total Operating Income As Reported": -5126678.0,
        "Diluted Average Shares": 78999459.0,
        "Basic Average Shares": 77611831.0,
        "Diluted EPS": 0.18,
        "Basic EPS": 0.18,
        "Diluted NI Availto Com Stockholders": 14362336.0,
        "Net Income Common Stockholders": 14362336.0,
        "Net Income": 14362336.0,
        "Net Income Including Noncontrolling Interests": 14362336.0,
        "Net Income Continuous Operations": 14362336.0,
        "Tax Provision": -16779140.0,
        "Pretax Income": -2416804.0,
        "Other Income Expense": 3248458.0,
        "Gain On Sale Of Security": 3248458.0,
        "Net Non Operating Interest Income Expense": -538584.0,
        "Interest Expense Non Operating": 1464438.0,
        "Interest Income Non Operating": 925854.0,
        "Operating Income": -5126678.0,
        "Operating Expense": 172751830.0,
        "Other Operating Expenses": -254668.0,
        "Research And Development": 44450826.0,
        "Selling General And Administration": 128555672.0,
        "Selling And Marketing Expense": 92531147.0,
        "General And Administrative Expense": 36024525.0,
        "Other Gand A": 36024525.0,
        "Gross Profit": 167625152.0,
        "Cost Of Revenue": 659994763.0,
        "Total Revenue": 827619915.0,
        "Operating Revenue": 827619915.0
    },
    "2022-03-31": {
        "Diluted EPS": -0.06,
        "Total Revenue": 91,
        "Gross Profit": 17,
        "Operating Income": -5,
        "EBIT": -5,
        "Net Income": -5
    },
    "2021-12-31": {
        "Diluted EPS": 0.11,
        "Total Revenue": 161,
        "Gross Profit": 36,
        "Operating Income": 8,
        "EBIT": 8,
        "Net Income": 8
    },
    "2021-09-30": {
        "Diluted EPS": 0.18,
        "Total Revenue": 190,
        "Gross Profit": 38,
        "Operating Income": 16,
        "EBIT": 16,
        "Net Income": 14
    },
    "2021-06-30": {
        "Diluted EPS": 0.18,
        "Total Revenue": 146,
        "Gross Profit": 33,
        "Operating Income": 15,
        "EBIT": 15,
        "Net Income": 14
    },
    "2021-03-31": {
        "Diluted EPS": -0.01,
        "Total Revenue": 84,
        "Gross Profit": 20,
        "Operating Income": 0,
        "EBIT": 0,
        "Net Income": -1
    },
    "2020-12-31": {
        "Diluted EPS": 0.12,
        "Total Revenue": 119,
        "Gross Profit": 29,
        "Operating Income": 12,
        "EBIT": 12,
        "Net Income": 10
    },
    "2020-09-30": {
        "Diluted EPS": 0.15,
        "Total Revenue": 132,
        "Gross Profit": 28,
        "Operating Income": 12,
        "EBIT": 12,
        "Net Income": 12
    },
    "2020-06-30": {
        "Diluted EPS": 0.1,
        "Total Revenue": 91,
        "Gross Profit": 21,
        "Operating Income": 8,
        "EBIT": 8,
        "Net Income": 8
    },
    "2020-03-31": {
        "Diluted EPS": -0.05,
        "Total Revenue": 33,
        "Gross Profit": 8,
        "Operating Income": -5,
        "EBIT": -5,
        "Net Income": -4
    },
    "2019-12-31": {
        "Diluted EPS": 0.12,
        "Total Revenue": 76,
        "Gross Profit": 20,
        "Operating Income": 7,
        "EBIT": 7,
        "Net Income": 9
    },
    "2019-09-30": {
        "Diluted EPS": 0.12,
        "Total Revenue": 92,
        "Gross Profit": 20,
        "Operating Income": 7,
        "EBIT": 7,
        "Net Income": 9
    },
    "2019-06-30": {
        "Diluted EPS": 0.1,
        "Total Revenue": 77,
        "Gross Profit": 18,
        "Operating Income": 6,
        "EBIT": 6,
        "Net Income": 7
    },
    "2019-03-31": {
        "Diluted EPS": 0.02,
        "Total Revenue": 53,
        "Gross Profit": 11,
        "Operating Income": 2,
        "EBIT": 2,
        "Net Income": 2
    },
    "2018-09-30": {
        "Diluted EPS": -0.02,
        "Total Revenue": 72,
        "Gross Profit": 9,
        "Operating Income": -1,
        "EBIT": -1,
        "Net Income": 0
    },
    "2018-06-30": {
        "Diluted EPS": 0.0,
        "Total Revenue": NaN,
        "Gross Profit": NaN,
        "Operating Income": NaN,
        "Net Income": NaN
    },
    "2017-12-31": {
        "Diluted EPS": 0.0,
        "Total Revenue": NaN,
        "Gross Profit": NaN,
        "Operating Income": NaN,
        "EBIT": NaN,
        "Net Income": NaN
    },
    "2023-06-30": {
        "Tax Effect Of Unusual Items": NaN,
        "Tax Rate For Calcs": NaN,
        "Normalized EBITDA": NaN,
        "Total Unusual Items": NaN,
        "Total Unusual Items Excluding Goodwill": NaN,
        "Net Income From Continuing Operation Net Minority Interest": NaN,
        "Reconciled Cost Of Revenue": NaN,
        "EBITDA": NaN,
        "EBIT": NaN,
        "Net Interest Income": NaN,
        "Interest Expense": NaN,
        "Interest Income": NaN,
        "Normalized Income": NaN,
        "Net Income From Continuing And Discontinued Operation": NaN,
        "Total Expenses": NaN,
        "Total Operating Income As Reported": NaN,
        "Diluted Average Shares": NaN,
        "Basic Average Shares": NaN,
        "Diluted EPS": NaN,
        "Basic EPS": NaN,
        "Diluted NI Availto Com Stockholders": NaN,
        "Net Income Common Stockholders": NaN,
        "Net Income": NaN,
        "Net Income Including Noncontrolling Interests": NaN,
        "Net Income Continuous Operations": NaN,
        "Tax Provision": NaN,
        "Pretax Income": NaN,
        "Other Income Expense": NaN,
        "Gain On Sale Of Security": NaN,
        "Net Non Operating Interest Income Expense": NaN,
        "Interest Expense Non Operating": NaN,
        "Interest Income Non Operating": NaN,
        "Operating Income": NaN,
        "Operating Expense": NaN,
        "Other Operating Expenses": -528120.0,
        "Research And Development": NaN,
        "Selling General And Administration": NaN,
        "Selling And Marketing Expense": NaN,
        "General And Administrative Expense": NaN,
        "Other Gand A": NaN,
        "Gross Profit": NaN,
        "Cost Of Revenue": NaN,
        "Total Revenue": NaN,
        "Operating Revenue": NaN
    },
    "2023-09-30": {
        "Tax Effect Of Unusual Items": NaN,
        "Tax Rate For Calcs": NaN,
        "Normalized EBITDA": NaN,
        "Total Unusual Items": 558506.0,
        "Total Unusual Items Excluding Goodwill": 558506.0,
        "Net Income From Continuing Operation Net Minority Interest": NaN,
        "Reconciled Cost Of Revenue": NaN,
        "EBITDA": NaN,
        "EBIT": NaN,
        "Net Interest Income": NaN,
        "Interest Expense": NaN,
        "Interest Income": NaN,
        "Normalized Income": NaN,
        "Net Income From Continuing And Discontinued Operation": NaN,
        "Total Expenses": NaN,
        "Total Operating Income As Reported": NaN,
        "Diluted Average Shares": 78582854.0,
        "Basic Average Shares": 78582854.0,
        "Diluted EPS": -1.02,
        "Basic EPS": -1.02,
        "Diluted NI Availto Com Stockholders": NaN,
        "Net Income Common Stockholders": NaN,
        "Net Income": NaN,
        "Net Income Including Noncontrolling Interests": NaN,
        "Net Income Continuous Operations": NaN,
        "Tax Provision": NaN,
        "Pretax Income": NaN,
        "Other Income Expense": 558506.0,
        "Gain On Sale Of Security": 558506.0,
        "Net Non Operating Interest Income Expense": NaN,
        "Interest Expense Non Operating": NaN,
        "Interest Income Non Operating": NaN,
        "Operating Income": NaN,
        "Operating Expense": NaN,
        "Other Operating Expenses": -1070500.0,
        "Research And Development": NaN,
        "Selling General And Administration": NaN,
        "Selling And Marketing Expense": NaN,
        "General And Administrative Expense": NaN,
        "Other Gand A": NaN,
        "Gross Profit": NaN,
        "Cost Of Revenue": NaN,
        "Total Revenue": NaN,
        "Operating Revenue": NaN
    },
    "2023-12-31": {
        "Tax Effect Of Unusual Items": NaN,
        "Tax Rate For Calcs": NaN,
        "Normalized EBITDA": NaN,
        "Total Unusual Items": NaN,
        "Total Unusual Items Excluding Goodwill": NaN,
        "Net Income From Continuing Operation Net Minority Interest": NaN,
        "Reconciled Cost Of Revenue": NaN,
        "EBITDA": NaN,
        "EBIT": NaN,
        "Net Interest Income": NaN,
        "Interest Expense": NaN,
        "Interest Income": NaN,
        "Normalized Income": NaN,
        "Net Income From Continuing And Discontinued Operation": NaN,
        "Total Expenses": NaN,
        "Total Operating Income As Reported": NaN,
        "Diluted Average Shares": NaN,
        "Basic Average Shares": NaN,
        "Diluted EPS": NaN,
        "Basic EPS": NaN,
        "Diluted NI Availto Com Stockholders": NaN,
        "Net Income Common Stockholders": NaN,
        "Net Income": NaN,
        "Net Income Including Noncontrolling Interests": NaN,
        "Net Income Continuous Operations": NaN,
        "Tax Provision": NaN,
        "Pretax Income": NaN,
        "Other Income Expense": NaN,
        "Gain On Sale Of Security": NaN,
        "Net Non Operating Interest Income Expense": NaN,
        "Interest Expense Non Operating": NaN,
        "Interest Income Non Operating": NaN,
        "Operating Income": NaN,
        "Operating Expense": NaN,
        "Other Operating Expenses": -1071262.0,
        "Research And Development": NaN,
        "Selling General And Administration": NaN,
        "Selling And Marketing Expense": NaN,
        "General And Administrative Expense": NaN,
        "Other Gand A": NaN,
        "Gross Profit": NaN,
        "Cost Of Revenue": NaN,
        "Total Revenue": NaN,
        "Operating Revenue": NaN
    },
    "2024-03-31": {
        "Tax Effect Of Unusual Items": NaN,
        "Tax Rate For Calcs": NaN,
        "Normalized EBITDA": NaN,
        "Total Unusual Items": NaN,
        "Total Unusual Items Excluding Goodwill": NaN,
        "Net Income From Continuing Operation Net Minority Interest": NaN,
        "Reconciled Cost Of Revenue": NaN,
        "EBITDA": NaN,
        "EBIT": NaN,
        "Net Interest Income": NaN,
        "Interest Expense": NaN,
        "Interest Income": NaN,
        "Normalized Income": NaN,
        "Net Income From Continuing And Discontinued Operation": NaN,
        "Total Expenses": NaN,
        "Total Operating Income As Reported": NaN,
        "Diluted Average Shares": NaN,
        "Basic Average Shares": NaN,
        "Diluted EPS": NaN,
        "Basic EPS": NaN,
        "Diluted NI Availto Com Stockholders": NaN,
        "Net Income Common Stockholders": NaN,
        "Net Income": NaN,
        "Net Income Including Noncontrolling Interests": NaN,
        "Net Income Continuous Operations": NaN,
        "Tax Provision": NaN,
        "Pretax Income": NaN,
        "Other Income Expense": NaN,
        "Gain On Sale Of Security": NaN,
        "Net Non Operating Interest Income Expense": NaN,
        "Interest Expense Non Operating": NaN,
        "Interest Income Non Operating": NaN,
        "Operating Income": NaN,
        "Operating Expense": NaN,
        "Other Operating Expenses": -3756.0,
        "Research And Development": NaN,
        "Selling General And Administration": NaN,
        "Selling And Marketing Expense": NaN,
        "General And Administrative Expense": NaN,
        "Other Gand A": NaN,
        "Gross Profit": NaN,
        "Cost Of Revenue": NaN,
        "Total Revenue": NaN,
        "Operating Revenue": NaN
    },
    "2024-06-30": {
        "Tax Effect Of Unusual Items": 250475.25,
        "Tax Rate For Calcs": 0.25,
        "Normalized EBITDA": -23383341.0,
        "Total Unusual Items": 1001901.0,
        "Total Unusual Items Excluding Goodwill": 1001901.0,
        "Net Income From Continuing Operation Net Minority Interest": -24918464.0,
        "Reconciled Cost Of Revenue": 780800920.0,
        "EBITDA": -22381440.0,
        "EBIT": -22381440.0,
        "Net Interest Income": 7241767.0,
        "Interest Expense": 1520883.0,
        "Interest Income": 8762650.0,
        "Normalized Income": -25669889.75,
        "Net Income From Continuing And Discontinued Operation": -24918464.0,
        "Total Expenses": 972631307.0,
        "Total Operating Income As Reported": -32145991.0,
        "Diluted Average Shares": 79270997.0,
        "Basic Average Shares": 79270997.0,
        "Diluted EPS": -0.32,
        "Basic EPS": -0.32,
        "Diluted NI Availto Com Stockholders": -24918464.0,
        "Net Income Common Stockholders": -24918464.0,
        "Net Income": -24918464.0,
        "Net Income Including Noncontrolling Interests": -24918464.0,
        "Net Income Continuous Operations": -24918464.0,
        "Tax Provision": 1016141.0,
        "Pretax Income": -23902323.0,
        "Other Income Expense": 1001901.0,
        "Gain On Sale Of Security": 1001901.0,
        "Net Non Operating Interest Income Expense": 7241767.0,
        "Interest Expense Non Operating": 1520883.0,
        "Interest Income Non Operating": 8762650.0,
        "Operating Income": -32145991.0,
        "Operating Expense": 191830387.0,
        "Other Operating Expenses": NaN,
        "Research And Development": 32257721.0,
        "Selling General And Administration": 159572666.0,
        "Selling And Marketing Expense": 120227190.0,
        "General And Administrative Expense": 39345476.0,
        "Other Gand A": 39345476.0,
        "Gross Profit": 159684396.0,
        "Cost Of Revenue": 780800920.0,
        "Total Revenue": 940485316.0,
        "Operating Revenue": 940485316.0
    },
    "2024-09-30": {
        "Tax Effect Of Unusual Items": 170862.028585,
        "Tax Rate For Calcs": 0.173352,
        "Normalized EBITDA": -48981204.0,
        "Total Unusual Items": 985634.0,
        "Total Unusual Items Excluding Goodwill": 985634.0,
        "Net Income From Continuing Operation Net Minority Interest": -40946493.0,
        "Reconciled Cost Of Revenue": 882352543.0,
        "EBITDA": -47995570.0,
        "EBIT": -47995570.0,
        "Net Interest Income": 7975076.0,
        "Interest Expense": 1537621.0,
        "Interest Income": 9512697.0,
        "Normalized Income": -41761264.971415,
        "Net Income From Continuing And Discontinued Operation": -40946493.0,
        "Total Expenses": 1082390677.0,
        "Total Operating Income As Reported": -58493901.0,
        "Diluted Average Shares": 79404212.0,
        "Basic Average Shares": 79404212.0,
        "Diluted EPS": -0.52,
        "Basic EPS": -0.52,
        "Diluted NI Availto Com Stockholders": -40946493.0,
        "Net Income Common Stockholders": -40946493.0,
        "Net Income": -40946493.0,
        "Net Income Including Noncontrolling Interests": -40946493.0,
        "Net Income Continuous Operations": -40946493.0,
        "Tax Provision": -8586698.0,
        "Pretax Income": -49533191.0,
        "Other Income Expense": 985634.0,
        "Gain On Sale Of Security": 985634.0,
        "Net Non Operating Interest Income Expense": 7975076.0,
        "Interest Expense Non Operating": 1537621.0,
        "Interest Income Non Operating": 9512697.0,
        "Operating Income": -58493901.0,
        "Operating Expense": 200038134.0,
        "Other Operating Expenses": -520000.0,
        "Research And Development": 30299955.0,
        "Selling General And Administration": 170258179.0,
        "Selling And Marketing Expense": 127674970.0,
        "General And Administrative Expense": 42583209.0,
        "Other Gand A": 42583209.0,
        "Gross Profit": 141544233.0,
        "Cost Of Revenue": 882352543.0,
        "Total Revenue": 1023896776.0,
        "Operating Revenue": 1023896776.0
    },
    "2024-12-31": {
        "Tax Effect Of Unusual Items": 44207.05816,
        "Tax Rate For Calcs": 0.119009,
        "Normalized EBITDA": -81109715.0,
        "Total Unusual Items": 371460.0,
        "Total Unusual Items Excluding Goodwill": 371460.0,
        "Net Income From Continuing Operation Net Minority Interest": -72538069.0,
        "Reconciled Cost Of Revenue": 717195572.0,
        "EBITDA": -80738255.0,
        "EBIT": -80738255.0,
        "Net Interest Income": 7960790.0,
        "Interest Expense": 1598640.0,
        "Interest Income": 9559430.0,
        "Normalized Income": -72865321.94184,
        "Net Income From Continuing And Discontinued Operation": -72538069.0,
        "Total Expenses": 909848822.0,
        "Total Operating Income As Reported": -90669145.0,
        "Diluted Average Shares": 79462421.0,
        "Basic Average Shares": 79462421.0,
        "Diluted EPS": -0.92,
        "Basic EPS": -0.92,
        "Diluted NI Availto Com Stockholders": -72538069.0,
        "Net Income Common Stockholders": -72538069.0,
        "Net Income": -72538069.0,
        "Net Income Including Noncontrolling Interests": -72538069.0,
        "Net Income Continuous Operations": -72538069.0,
        "Tax Provision": -9798826.0,
        "Pretax Income": -82336895.0,
        "Other Income Expense": 371460.0,
        "Gain On Sale Of Security": 371460.0,
        "Net Non Operating Interest Income Expense": 7960790.0,
        "Interest Expense Non Operating": 1598640.0,
        "Interest Income Non Operating": 9559430.0,
        "Operating Income": -90669145.0,
        "Operating Expense": 192653250.0,
        "Other Operating Expenses": -387800.0,
        "Research And Development": 38622708.0,
        "Selling General And Administration": 61094943.0,
        "Selling And Marketing Expense": 57752509.0,
        "General And Administrative Expense": 3342434.0,
        "Other Gand A": 3342434.0,
        "Gross Profit": 101984105.0,
        "Cost Of Revenue": 717195572.0,
        "Total Revenue": 819179677.0,
        "Operating Revenue": 819179677.0
    },
    "2025-03-31": {
        "Tax Effect Of Unusual Items": 425.49896,
        "Tax Rate For Calcs": 0.054691,
        "Normalized EBITDA": -39688562.0,
        "Total Unusual Items": 7780.0,
        "Total Unusual Items Excluding Goodwill": 7780.0,
        "Net Income From Continuing Operation Net Minority Interest": -38844720.0,
        "Reconciled Cost Of Revenue": 563907241.0,
        "EBITDA": -39680782.0,
        "EBIT": -39680782.0,
        "Net Interest Income": 5482150.0,
        "Interest Expense": 1411322.0,
        "Interest Income": 6893472.0,
        "Normalized Income": -38852074.50104,
        "Net Income From Continuing And Discontinued Operation": -38844720.0,
        "Total Expenses": 728570486.0,
        "Total Operating Income As Reported": -46582034.0,
        "Diluted Average Shares": 79664630.0,
        "Basic Average Shares": 79664630.0,
        "Diluted EPS": -0.48,
        "Basic EPS": -0.48,
        "Diluted NI Availto Com Stockholders": -38844720.0,
        "Net Income Common Stockholders": -38844720.0,
        "Net Income": -38844720.0,
        "Net Income Including Noncontrolling Interests": -38844720.0,
        "Net Income Continuous Operations": -38844720.0,
        "Tax Provision": -2247384.0,
        "Pretax Income": -41092104.0,
        "Other Income Expense": 7780.0,
        "Gain On Sale Of Security": 7780.0,
        "Net Non Operating Interest Income Expense": 5482150.0,
        "Interest Expense Non Operating": 1411322.0,
        "Interest Income Non Operating": 6893472.0,
        "Operating Income": -46582034.0,
        "Operating Expense": 164663245.0,
        "Other Operating Expenses": -386890.0,
        "Research And Development": 29801606.0,
        "Selling General And Administration": 135248529.0,
        "Selling And Marketing Expense": 114597915.0,
        "General And Administrative Expense": 20650614.0,
        "Other Gand A": 20650614.0,
        "Gross Profit": 118081211.0,
        "Cost Of Revenue": 563907241.0,
        "Total Revenue": 681988452.0,
        "Operating Revenue": 681988452.0
    },
    "2025-06-30": {
        "Tax Effect Of Unusual Items": 170311.25,
        "Tax Rate For Calcs": 0.25,
        "Normalized EBITDA": -5792063.0,
        "Total Unusual Items": 681245.0,
        "Total Unusual Items Excluding Goodwill": 681245.0,
        "Net Income From Continuing Operation Net Minority Interest": 5880484.0,
        "Reconciled Cost Of Revenue": 1003227265.0,
        "EBITDA": -5110818.0,
        "EBIT": -5110818.0,
        "Net Interest Income": 5114940.0,
        "Interest Expense": 1556698.0,
        "Interest Income": 6671638.0,
        "Normalized Income": 5369550.25,
        "Net Income From Continuing And Discontinued Operation": 5880484.0,
        "Total Expenses": 1268170387.0,
        "Total Operating Income As Reported": -12463701.0,
        "Diluted Average Shares": 82383692.0,
        "Basic Average Shares": 79835125.0,
        "Diluted EPS": 0.08,
        "Basic EPS": 0.08,
        "Diluted NI Availto Com Stockholders": 5880484.0,
        "Net Income Common Stockholders": 5880484.0,
        "Net Income": 5880484.0,
        "Net Income Including Noncontrolling Interests": 5880484.0,
        "Net Income Continuous Operations": 5880484.0,
        "Tax Provision": -12548000.0,
        "Pretax Income": -6667516.0,
        "Other Income Expense": 681245.0,
        "Gain On Sale Of Security": 681245.0,
        "Net Non Operating Interest Income Expense": 5114940.0,
        "Interest Expense Non Operating": 1556698.0,
        "Interest Income Non Operating": 6671638.0,
        "Operating Income": -12463701.0,
        "Operating Expense": 264943122.0,
        "Other Operating Expenses": NaN,
        "Research And Development": 43716913.0,
        "Selling General And Administration": 221226209.0,
        "Selling And Marketing Expense": 202168443.0,
        "General And Administrative Expense": 19057766.0,
        "Other Gand A": 19057766.0,
        "Gross Profit": 252479421.0,
        "Cost Of Revenue": 1003227265.0,
        "Total Revenue": 1255706686.0,
        "Operating Revenue": 1255706686.0
    }
}