{
    "2023-03-31": {
        "Tax Effect Of Unusual Items": 0.0,
        "Tax Rate For Calcs": 0.218937,
        "Normalized EBITDA": 208053000.0,
        "Net Income From Continuing Operation Net Minority Interest": 110247000.0,
        "Reconciled Depreciation": 38090000.0,
        "Reconciled Cost Of Revenue": 417599000.0,
        "EBITDA": 208053000.0,
        "EBIT": 169963000.0,
        "Net Interest Income": -30261000.0,
        "Interest Expense": 30261000.0,
        "Normalized Income": 110247000.0,
        "Net Income From Continuing And Discontinued Operation": 110247000.0,
        "Total Expenses": 478843000.0,
        "Total Operating Income As Reported": 165184000.0,
        "Diluted Average Shares": 97556000.0,
        "Basic Average Shares": 96893000.0,
        "Diluted EPS": 1.13,
        "Basic EPS": 1.14,
        "Diluted NI Availto Com Stockholders": 110247000.0,
        "Net Income Common Stockholders": 110247000.0,
        "Net Income": 110247000.0,
        "Net Income Including Noncontrolling Interests": 110247000.0,
        "Net Income Continuous Operations": 110247000.0,
        "Earnings From Equity Interest Net Of Tax": 1131000.0,
        "Tax Provision": 30586000.0,
        "Pretax Income": 139702000.0,
        "Other Income Expense": 4779000.0,
        "Other Non Operating Income Expenses": 4779000.0,
        "Net Non Operating Interest Income Expense": -30261000.0,
        "Interest Expense Non Operating": 30261000.0,
        "Operating Income": 165184000.0,
        "Operating Expense": 61244000.0,
        "Other Operating Expenses": 23154000.0,
        "Depreciation Amortization Depletion Income Statement": 38090000.0,
        "Depreciation And Amortization In Income Statement": 38090000.0,
        "Selling General And Administration": NaN,
        "General And Administrative Expense": NaN,
        "Other Gand A": NaN,
        "Gross Profit": 226428000.0,
        "Cost Of Revenue": 417599000.0,
        "Total Revenue": 644027000.0,
        "Operating Revenue": 644027000.0
    },
    "2022-12-31": {
        "Tax Effect Of Unusual Items": NaN,
        "Tax Rate For Calcs": NaN,
        "Normalized EBITDA": NaN,
        "Net Income From Continuing Operation Net Minority Interest": NaN,
        "Reconciled Depreciation": NaN,
        "Reconciled Cost Of Revenue": NaN,
        "EBITDA": NaN,
        "EBIT": NaN,
        "Net Interest Income": NaN,
        "Interest Expense": NaN,
        "Normalized Income": NaN,
        "Net Income From Continuing And Discontinued Operation": NaN,
        "Total Expenses": NaN,
        "Total Operating Income As Reported": NaN,
        "Diluted Average Shares": NaN,
        "Basic Average Shares": NaN,
        "Diluted EPS": NaN,
        "Basic EPS": NaN,
        "Diluted NI Availto Com Stockholders": NaN,
        "Net Income Common Stockholders": NaN,
        "Net Income": NaN,
        "Net Income Including Noncontrolling Interests": NaN,
        "Net Income Continuous Operations": NaN,
        "Earnings From Equity Interest Net Of Tax": NaN,
        "Tax Provision": NaN,
        "Pretax Income": NaN,
        "Other Income Expense": NaN,
        "Other Non Operating Income Expenses": NaN,
        "Net Non Operating Interest Income Expense": NaN,
        "Interest Expense Non Operating": NaN,
        "Operating Income": NaN,
        "Operating Expense": NaN,
        "Other Operating Expenses": 18251000.0,
        "Depreciation Amortization Depletion Income Statement": NaN,
        "Depreciation And Amortization In Income Statement": NaN,
        "Selling General And Administration": NaN,
        "General And Administrative Expense": NaN,
        "Other Gand A": NaN,
        "Gross Profit": NaN,
        "Cost Of Revenue": NaN,
        "Total Revenue": NaN,
        "Operating Revenue": NaN
    },
    "2022-09-30": {
        "Tax Effect Of Unusual Items": NaN,
        "Tax Rate For Calcs": NaN,
        "Normalized EBITDA": NaN,
        "Net Income From Continuing Operation Net Minority Interest": NaN,
        "Reconciled Depreciation": NaN,
        "Reconciled Cost Of Revenue": NaN,
        "EBITDA": NaN,
        "EBIT": NaN,
        "Net Interest Income": NaN,
        "Interest Expense": NaN,
        "Normalized Income": NaN,
        "Net Income From Continuing And Discontinued Operation": NaN,
        "Total Expenses": NaN,
        "Total Operating Income As Reported": NaN,
        "Diluted Average Shares": NaN,
        "Basic Average Shares": NaN,
        "Diluted EPS": NaN,
        "Basic EPS": NaN,
        "Diluted NI Availto Com Stockholders": NaN,
        "Net Income Common Stockholders": NaN,
        "Net Income": NaN,
        "Net Income Including Noncontrolling Interests": NaN,
        "Net Income Continuous Operations": NaN,
        "Earnings From Equity Interest Net Of Tax": NaN,
        "Tax Provision": NaN,
        "Pretax Income": NaN,
        "Other Income Expense": NaN,
        "Other Non Operating Income Expenses": NaN,
        "Net Non Operating Interest Income Expense": NaN,
        "Interest Expense Non Operating": NaN,
        "Operating Income": NaN,
        "Operating Expense": NaN,
        "Other Operating Expenses": NaN,
        "Depreciation Amortization Depletion Income Statement": NaN,
        "Depreciation And Amortization In Income Statement": NaN,
        "Selling General And Administration": 3496000.0,
        "General And Administrative Expense": 3496000.0,
        "Other Gand A": 3496000.0,
        "Gross Profit": NaN,
        "Cost Of Revenue": NaN,
        "Total Revenue": NaN,
        "Operating Revenue": NaN
    },
    "2022-06-30": {
        "Tax Effect Of Unusual Items": 0.0,
        "Tax Rate For Calcs": 0.349519,
        "Normalized EBITDA": 66969000.0,
        "Net Income From Continuing Operation Net Minority Interest": 13053000.0,
        "Reconciled Depreciation": 32872000.0,
        "Reconciled Cost Of Revenue": 481294000.0,
        "EBITDA": 66969000.0,
        "EBIT": 34097000.0,
        "Net Interest Income": -21411000.0,
        "Interest Expense": 21411000.0,
        "Normalized Income": 13053000.0,
        "Net Income From Continuing And Discontinued Operation": 13053000.0,
        "Total Expenses": 522526000.0,
        "Total Operating Income As Reported": 29809000.0,
        "Diluted Average Shares": 96620000.0,
        "Basic Average Shares": 96154000.0,
        "Diluted EPS": 0.14,
        "Basic EPS": 0.14,
        "Diluted NI Availto Com Stockholders": 13053000.0,
        "Net Income Common Stockholders": 13053000.0,
        "Net Income": 13053000.0,
        "Net Income Including Noncontrolling Interests": 13053000.0,
        "Net Income Continuous Operations": 13053000.0,
        "Earnings From Equity Interest Net Of Tax": 4801000.0,
        "Tax Provision": 4434000.0,
        "Pretax Income": 12686000.0,
        "Other Income Expense": 4288000.0,
        "Other Non Operating Income Expenses": 4288000.0,
        "Net Non Operating Interest Income Expense": -21411000.0,
        "Interest Expense Non Operating": 21411000.0,
        "Operating Income": 29809000.0,
        "Operating Expense": 41232000.0,
        "Other Operating Expenses": NaN,
        "Depreciation Amortization Depletion Income Statement": 32872000.0,
        "Depreciation And Amortization In Income Statement": 32872000.0,
        "Selling General And Administration": 8360000.0,
        "General And Administrative Expense": 8360000.0,
        "Other Gand A": 8360000.0,
        "Gross Profit": 71041000.0,
        "Cost Of Revenue": 481294000.0,
        "Total Revenue": 552335000.0,
        "Operating Revenue": 552335000.0
    },
    "2023-06-30": {
        "Tax Effect Of Unusual Items": NaN,
        "Tax Rate For Calcs": NaN,
        "Normalized EBITDA": NaN,
        "Total Unusual Items": NaN,
        "Total Unusual Items Excluding Goodwill": NaN,
        "Net Income From Continuing Operation Net Minority Interest": NaN,
        "Reconciled Depreciation": NaN,
        "Reconciled Cost Of Revenue": NaN,
        "EBITDA": NaN,
        "EBIT": NaN,
        "Net Interest Income": NaN,
        "Interest Expense": NaN,
        "Normalized Income": NaN,
        "Net Income From Continuing And Discontinued Operation": NaN,
        "Total Expenses": NaN,
        "Total Operating Income As Reported": NaN,
        "Diluted Average Shares": NaN,
        "Basic Average Shares": NaN,
        "Diluted EPS": NaN,
        "Basic EPS": NaN,
        "Diluted NI Availto Com Stockholders": NaN,
        "Net Income Common Stockholders": NaN,
        "Net Income": NaN,
        "Net Income Including Noncontrolling Interests": NaN,
        "Net Income Continuous Operations": NaN,
        "Earnings From Equity Interest Net Of Tax": NaN,
        "Tax Provision": NaN,
        "Pretax Income": NaN,
        "Other Income Expense": NaN,
        "Other Non Operating Income Expenses": NaN,
        "Special Income Charges": NaN,
        "Gain On Sale Of Ppe": NaN,
        "Net Non Operating Interest Income Expense": NaN,
        "Interest Expense Non Operating": NaN,
        "Operating Income": NaN,
        "Operating Expense": NaN,
        "Other Operating Expenses": NaN,
        "Depreciation Amortization Depletion Income Statement": NaN,
        "Depreciation And Amortization In Income Statement": NaN,
        "Selling General And Administration": 6120000.0,
        "General And Administrative Expense": 6120000.0,
        "Other Gand A": 6120000.0,
        "Gross Profit": NaN,
        "Cost Of Revenue": NaN,
        "Total Revenue": NaN,
        "Operating Revenue": NaN
    },
    "2022-03-31": {
        "Diluted EPS": 1.0,
        "Total Revenue": 912,
        "Gross Profit": 287,
        "Operating Income": 139,
        "EBIT": 170,
        "Net Income": 96
    },
    "2021-12-31": {
        "Diluted EPS": 1.16,
        "Total Revenue": 676,
        "Gross Profit": 273,
        "Operating Income": 157,
        "EBIT": 187,
        "Net Income": 111
    },
    "2021-09-30": {
        "Diluted EPS": -0.01,
        "Total Revenue": 533,
        "Gross Profit": 137,
        "Operating Income": 3,
        "EBIT": 33,
        "Net Income": -1
    },
    "2021-06-30": {
        "Diluted EPS": -1.16,
        "Total Revenue": 368,
        "Gross Profit": 88,
        "Operating Income": -27,
        "EBIT": 0,
        "Net Income": -112
    },
    "2021-03-31": {
        "Diluted EPS": 1.55,
        "Total Revenue": 802,
        "Gross Profit": 357,
        "Operating Income": 201,
        "EBIT": 228,
        "Net Income": 150
    },
    "2020-12-31": {
        "Diluted EPS": 0.84,
        "Total Revenue": 454,
        "Gross Profit": 223,
        "Operating Income": 111,
        "EBIT": 139,
        "Net Income": 81
    },
    "2020-09-30": {
        "Diluted EPS": 0.32,
        "Total Revenue": 400,
        "Gross Profit": 151,
        "Operating Income": 43,
        "EBIT": 70,
        "Net Income": 33
    },
    "2020-06-30": {
        "Diluted EPS": -0.2,
        "Total Revenue": 299,
        "Gross Profit": 85,
        "Operating Income": -17,
        "EBIT": 11,
        "Net Income": -19
    },
    "2020-03-31": {
        "Diluted EPS": 0.77,
        "Total Revenue": 640,
        "Gross Profit": 208,
        "Operating Income": 98,
        "EBIT": 126,
        "Net Income": 74
    },
    "2019-12-31": {
        "Diluted EPS": 0.82,
        "Total Revenue": 615,
        "Gross Profit": 204,
        "Operating Income": 105,
        "EBIT": 129,
        "Net Income": 76
    },
    "2019-09-30": {
        "Diluted EPS": -0.32,
        "Total Revenue": 479,
        "Gross Profit": 92,
        "Operating Income": 3,
        "EBIT": 17,
        "Net Income": -27
    },
    "2019-06-30": {
        "Diluted EPS": -0.09,
        "Total Revenue": 435,
        "Gross Profit": 88,
        "Operating Income": -4,
        "EBIT": 19,
        "Net Income": -8
    },
    "2019-03-31": {
        "Diluted EPS": 0.82,
        "Total Revenue": 866,
        "Gross Profit": 181,
        "Operating Income": 77,
        "EBIT": 99,
        "Net Income": 74
    },
    "2018-12-31": {
        "Diluted EPS": 0.97,
        "Total Revenue": 812,
        "Gross Profit": 187,
        "Operating Income": 89,
        "EBIT": 111,
        "Net Income": 86
    },
    "2018-09-30": {
        "Diluted EPS": -0.21,
        "Total Revenue": 647,
        "Gross Profit": 95,
        "Operating Income": -18,
        "EBIT": 3,
        "Net Income": -16
    },
    "2018-06-30": {
        "Diluted EPS": -0.16,
        "Total Revenue": 543,
        "Gross Profit": 65,
        "Operating Income": -37,
        "EBIT": -16,
        "Net Income": -14
    },
    "2018-03-31": {
        "Diluted EPS": 1.59,
        "Total Revenue": NaN,
        "Gross Profit": 299,
        "Operating Income": 179,
        "EBIT": 201,
        "Net Income": 140
    },
    "2017-12-31": {
        "Diluted EPS": 1.42,
        "Total Revenue": 705,
        "Gross Profit": 180,
        "Operating Income": 76,
        "EBIT": 98,
        "Net Income": 124
    },
    "2017-09-30": {
        "Diluted EPS": -0.42,
        "Total Revenue": 537,
        "Gross Profit": 65,
        "Operating Income": -28,
        "EBIT": -6,
        "Net Income": -37
    },
    "2017-06-30": {
        "Diluted EPS": 0.22,
        "Total Revenue": 458,
        "Gross Profit": 108,
        "Operating Income": 18,
        "EBIT": 39,
        "Net Income": 19
    },
    "2017-03-31": {
        "Diluted EPS": 1.32,
        "Total Revenue": 734,
        "Gross Profit": 252,
        "Operating Income": 140,
        "EBIT": 160,
        "Net Income": 115
    },
    "2016-12-31": {
        "Diluted EPS": 0.4,
        "Total Revenue": 541,
        "Gross Profit": 140,
        "Operating Income": 41,
        "EBIT": 61,
        "Net Income": 35
    },
    "2016-09-30": {
        "Diluted EPS": 0.3,
        "Total Revenue": 469,
        "Gross Profit": 128,
        "Operating Income": 42,
        "EBIT": 62,
        "Net Income": 25
    },
    "2016-06-30": {
        "Diluted EPS": -0.2,
        "Total Revenue": 393,
        "Gross Profit": 57,
        "Operating Income": -28,
        "EBIT": -10,
        "Net Income": -17
    },
    "2016-03-31": {
        "Diluted EPS": 0.84,
        "Total Revenue": 574,
        "Gross Profit": 202,
        "Operating Income": 94,
        "EBIT": 112,
        "Net Income": 73
    },
    "2015-12-31": {
        "Diluted EPS": 0.58,
        "Total Revenue": 444,
        "Gross Profit": 141,
        "Operating Income": 59,
        "EBIT": 76,
        "Net Income": 50
    },
    "2015-09-30": {
        "Diluted EPS": 0.04,
        "Total Revenue": 438,
        "Gross Profit": 95,
        "Operating Income": 6,
        "EBIT": 22,
        "Net Income": 4
    },
    "2015-06-30": {
        "Diluted EPS": -0.09,
        "Total Revenue": 458,
        "Gross Profit": 72,
        "Operating Income": -9,
        "EBIT": 6,
        "Net Income": -7
    },
    "2015-03-31": {
        "Diluted EPS": 0.71,
        "Total Revenue": NaN,
        "Gross Profit": 218,
        "Operating Income": 83,
        "EBIT": 98,
        "Net Income": 61
    },
    "2014-12-31": {
        "Diluted EPS": 1.44,
        "Total Revenue": 824,
        "Gross Profit": 264,
        "Operating Income": 169,
        "EBIT": 183,
        "Net Income": 123
    },
    "2014-09-30": {
        "Diluted EPS": -0.29,
        "Total Revenue": 592,
        "Gross Profit": 62,
        "Operating Income": -29,
        "EBIT": -15,
        "Net Income": -24
    },
    "2014-06-30": {
        "Diluted EPS": -0.17,
        "Total Revenue": 688,
        "Gross Profit": 49,
        "Operating Income": -29,
        "EBIT": -16,
        "Net Income": -14
    },
    "2014-03-31": {
        "Diluted EPS": 2.04,
        "Total Revenue": NaN,
        "Gross Profit": 384,
        "Operating Income": 247,
        "EBIT": 260,
        "Net Income": 173
    },
    "2013-12-31": {
        "Diluted EPS": 0.09,
        "Total Revenue": 878,
        "Gross Profit": 104,
        "Operating Income": 12,
        "EBIT": 25,
        "Net Income": 8
    },
    "2013-09-30": {
        "Diluted EPS": -0.24,
        "Total Revenue": 734,
        "Gross Profit": 38,
        "Operating Income": -32,
        "EBIT": -20,
        "Net Income": -20
    },
    "2013-06-30": {
        "Diluted EPS": 0.35,
        "Total Revenue": 767,
        "Gross Profit": 118,
        "Operating Income": 47,
        "EBIT": 59,
        "Net Income": 29
    },
    "2013-03-31": {
        "Diluted EPS": 0.54,
        "Total Revenue": 961,
        "Gross Profit": 160,
        "Operating Income": 57,
        "EBIT": 69,
        "Net Income": 45
    },
    "2012-12-31": {
        "Diluted EPS": 0.72,
        "Total Revenue": 736,
        "Gross Profit": 169,
        "Operating Income": 87,
        "EBIT": 98,
        "Net Income": 60
    },
    "2012-09-30": {
        "Diluted EPS": -0.11,
        "Total Revenue": 568,
        "Gross Profit": 59,
        "Operating Income": -14,
        "EBIT": -3,
        "Net Income": -9
    },
    "2012-06-30": {
        "Diluted EPS": -0.13,
        "Total Revenue": 425,
        "Gross Profit": 46,
        "Operating Income": -20,
        "EBIT": -9,
        "Net Income": -10
    },
    "2012-03-31": {
        "Diluted EPS": 0.66,
        "Total Revenue": 613,
        "Gross Profit": 153,
        "Operating Income": 68,
        "EBIT": 78,
        "Net Income": 55
    },
    "2011-12-31": {
        "Diluted EPS": 0.69,
        "Total Revenue": 642,
        "Gross Profit": 150,
        "Operating Income": 75,
        "EBIT": 85,
        "Net Income": 57
    },
    "2011-09-30": {
        "Diluted EPS": -0.09,
        "Total Revenue": 671,
        "Gross Profit": 51,
        "Operating Income": -18,
        "EBIT": -8,
        "Net Income": -8
    },
    "2011-06-30": {
        "Diluted EPS": 0.25,
        "Total Revenue": 648,
        "Gross Profit": 91,
        "Operating Income": 27,
        "EBIT": 35,
        "Net Income": 20
    },
    "2011-03-31": {
        "Diluted EPS": 0.77,
        "Total Revenue": 977,
        "Gross Profit": 193,
        "Operating Income": 93,
        "EBIT": 102,
        "Net Income": 64
    },
    "2010-12-31": {
        "Diluted EPS": 0.3,
        "Total Revenue": 713,
        "Gross Profit": 123,
        "Operating Income": 40,
        "EBIT": 49,
        "Net Income": 25
    },
    "2010-09-30": {
        "Diluted EPS": 0.03,
        "Total Revenue": 632,
        "Gross Profit": 58,
        "Operating Income": 0,
        "EBIT": 8,
        "Net Income": 2
    },
    "2010-06-30": {
        "Diluted EPS": -0.13,
        "Total Revenue": 480,
        "Gross Profit": 39,
        "Operating Income": -19,
        "EBIT": -10,
        "Net Income": -10
    },
    "2010-03-31": {
        "Diluted EPS": 0.89,
        "Total Revenue": 918,
        "Gross Profit": 215,
        "Operating Income": 122,
        "EBIT": 130,
        "Net Income": 74
    },
    "2009-12-31": {
        "Diluted EPS": 0.62,
        "Total Revenue": 610,
        "Gross Profit": 160,
        "Operating Income": 85,
        "EBIT": 93,
        "Net Income": 52
    },
    "2009-09-30": {
        "Diluted EPS": -0.22,
        "Total Revenue": 413,
        "Gross Profit": 27,
        "Operating Income": -29,
        "EBIT": -22,
        "Net Income": -19
    },
    "2009-06-30": {
        "Diluted EPS": -0.17,
        "Total Revenue": 441,
        "Gross Profit": 41,
        "Operating Income": -24,
        "EBIT": -16,
        "Net Income": -14
    },
    "2009-03-31": {
        "Diluted EPS": 0.38,
        "Total Revenue": 938,
        "Gross Profit": 150,
        "Operating Income": 52,
        "EBIT": 60,
        "Net Income": 32
    },
    "2023-09-30": {
        "Tax Effect Of Unusual Items": NaN,
        "Tax Rate For Calcs": NaN,
        "Normalized EBITDA": NaN,
        "Total Unusual Items": NaN,
        "Total Unusual Items Excluding Goodwill": NaN,
        "Net Income From Continuing Operation Net Minority Interest": NaN,
        "Reconciled Depreciation": NaN,
        "Reconciled Cost Of Revenue": NaN,
        "EBITDA": NaN,
        "EBIT": NaN,
        "Net Interest Income": NaN,
        "Interest Expense": NaN,
        "Normalized Income": NaN,
        "Net Income From Continuing And Discontinued Operation": NaN,
        "Total Expenses": NaN,
        "Total Operating Income As Reported": NaN,
        "Diluted Average Shares": 98192000.0,
        "Basic Average Shares": 97568000.0,
        "Diluted EPS": 0.38,
        "Basic EPS": 0.38,
        "Diluted NI Availto Com Stockholders": NaN,
        "Net Income Common Stockholders": NaN,
        "Net Income": NaN,
        "Net Income Including Noncontrolling Interests": NaN,
        "Net Income Continuous Operations": NaN,
        "Earnings From Equity Interest Net Of Tax": NaN,
        "Tax Provision": NaN,
        "Pretax Income": NaN,
        "Other Income Expense": NaN,
        "Other Non Operating Income Expenses": NaN,
        "Special Income Charges": NaN,
        "Gain On Sale Of Ppe": NaN,
        "Net Non Operating Interest Income Expense": NaN,
        "Interest Expense Non Operating": NaN,
        "Operating Income": NaN,
        "Operating Expense": NaN,
        "Other Operating Expenses": NaN,
        "Depreciation Amortization Depletion Income Statement": NaN,
        "Depreciation And Amortization In Income Statement": NaN,
        "Gross Profit": NaN,
        "Cost Of Revenue": NaN,
        "Total Revenue": NaN,
        "Operating Revenue": NaN
    },
    "2023-12-31": {
        "Tax Effect Of Unusual Items": NaN,
        "Tax Rate For Calcs": NaN,
        "Normalized EBITDA": NaN,
        "Total Unusual Items": 0.0,
        "Total Unusual Items Excluding Goodwill": 0.0,
        "Net Income From Continuing Operation Net Minority Interest": NaN,
        "Reconciled Depreciation": NaN,
        "Reconciled Cost Of Revenue": NaN,
        "EBITDA": NaN,
        "EBIT": NaN,
        "Net Interest Income": NaN,
        "Interest Expense": NaN,
        "Normalized Income": NaN,
        "Net Income From Continuing And Discontinued Operation": NaN,
        "Total Expenses": NaN,
        "Total Operating Income As Reported": NaN,
        "Diluted Average Shares": NaN,
        "Basic Average Shares": NaN,
        "Diluted EPS": NaN,
        "Basic EPS": NaN,
        "Diluted NI Availto Com Stockholders": NaN,
        "Net Income Common Stockholders": NaN,
        "Net Income": NaN,
        "Net Income Including Noncontrolling Interests": NaN,
        "Net Income Continuous Operations": NaN,
        "Earnings From Equity Interest Net Of Tax": NaN,
        "Tax Provision": NaN,
        "Pretax Income": NaN,
        "Other Income Expense": NaN,
        "Other Non Operating Income Expenses": NaN,
        "Special Income Charges": 0.0,
        "Gain On Sale Of Ppe": 0.0,
        "Net Non Operating Interest Income Expense": NaN,
        "Interest Expense Non Operating": NaN,
        "Operating Income": NaN,
        "Operating Expense": NaN,
        "Other Operating Expenses": NaN,
        "Depreciation Amortization Depletion Income Statement": NaN,
        "Depreciation And Amortization In Income Statement": NaN,
        "Gross Profit": NaN,
        "Cost Of Revenue": NaN,
        "Total Revenue": NaN,
        "Operating Revenue": NaN
    },
    "2024-03-31": {
        "Tax Effect Of Unusual Items": NaN,
        "Tax Rate For Calcs": NaN,
        "Normalized EBITDA": NaN,
        "Total Unusual Items": 0.0,
        "Total Unusual Items Excluding Goodwill": 0.0,
        "Net Income From Continuing Operation Net Minority Interest": NaN,
        "Reconciled Depreciation": NaN,
        "Reconciled Cost Of Revenue": NaN,
        "EBITDA": NaN,
        "EBIT": NaN,
        "Net Interest Income": NaN,
        "Interest Expense": NaN,
        "Normalized Income": NaN,
        "Net Income From Continuing And Discontinued Operation": NaN,
        "Total Expenses": NaN,
        "Total Operating Income As Reported": NaN,
        "Diluted Average Shares": NaN,
        "Basic Average Shares": NaN,
        "Diluted EPS": NaN,
        "Basic EPS": NaN,
        "Diluted NI Availto Com Stockholders": NaN,
        "Net Income Common Stockholders": NaN,
        "Net Income": NaN,
        "Net Income Including Noncontrolling Interests": NaN,
        "Net Income Continuous Operations": NaN,
        "Earnings From Equity Interest Net Of Tax": NaN,
        "Tax Provision": NaN,
        "Pretax Income": NaN,
        "Other Income Expense": NaN,
        "Other Non Operating Income Expenses": NaN,
        "Special Income Charges": 0.0,
        "Gain On Sale Of Ppe": 0.0,
        "Net Non Operating Interest Income Expense": NaN,
        "Interest Expense Non Operating": NaN,
        "Operating Income": NaN,
        "Operating Expense": NaN,
        "Other Operating Expenses": NaN,
        "Depreciation Amortization Depletion Income Statement": NaN,
        "Depreciation And Amortization In Income Statement": NaN,
        "Gross Profit": NaN,
        "Cost Of Revenue": NaN,
        "Total Revenue": NaN,
        "Operating Revenue": NaN
    },
    "2024-06-30": {
        "Tax Effect Of Unusual Items": 0.0,
        "Tax Rate For Calcs": 0.176298,
        "Normalized EBITDA": 56398000.0,
        "Total Unusual Items": 0.0,
        "Total Unusual Items Excluding Goodwill": 0.0,
        "Net Income From Continuing Operation Net Minority Interest": -11574000.0,
        "Reconciled Depreciation": 40907000.0,
        "Reconciled Cost Of Revenue": 220450000.0,
        "EBITDA": 56398000.0,
        "EBIT": 15491000.0,
        "Net Interest Income": -31169000.0,
        "Interest Expense": 31169000.0,
        "Normalized Income": -11574000.0,
        "Net Income From Continuing And Discontinued Operation": -11574000.0,
        "Total Expenses": 269700000.0,
        "Total Operating Income As Reported": 5936000.0,
        "Diluted Average Shares": NaN,
        "Basic Average Shares": NaN,
        "Diluted EPS": NaN,
        "Basic EPS": NaN,
        "Diluted NI Availto Com Stockholders": -11574000.0,
        "Net Income Common Stockholders": -11574000.0,
        "Net Income": -11574000.0,
        "Net Income Including Noncontrolling Interests": -11574000.0,
        "Net Income Continuous Operations": -11574000.0,
        "Earnings From Equity Interest Net Of Tax": 1340000.0,
        "Tax Provision": -2764000.0,
        "Pretax Income": -15678000.0,
        "Other Income Expense": 9555000.0,
        "Other Non Operating Income Expenses": 9555000.0,
        "Special Income Charges": 0.0,
        "Gain On Sale Of Ppe": 0.0,
        "Net Non Operating Interest Income Expense": -31169000.0,
        "Interest Expense Non Operating": 31169000.0,
        "Operating Income": 5936000.0,
        "Operating Expense": 49250000.0,
        "Other Operating Expenses": 8343000.0,
        "Depreciation Amortization Depletion Income Statement": 40907000.0,
        "Depreciation And Amortization In Income Statement": 40907000.0,
        "Gross Profit": 55186000.0,
        "Cost Of Revenue": 220450000.0,
        "Total Revenue": 275636000.0,
        "Operating Revenue": 275636000.0
    },
    "2024-09-30": {
        "Tax Effect Of Unusual Items": 0.0,
        "Tax Rate For Calcs": 0.255808,
        "Normalized EBITDA": 201662000.0,
        "Total Unusual Items": NaN,
        "Total Unusual Items Excluding Goodwill": NaN,
        "Net Income From Continuing Operation Net Minority Interest": 91126000.0,
        "Reconciled Depreciation": 45298000.0,
        "Reconciled Cost Of Revenue": 200789000.0,
        "EBITDA": 201662000.0,
        "EBIT": 156364000.0,
        "Net Interest Income": -36012000.0,
        "Interest Expense": 36012000.0,
        "Normalized Income": 91126000.0,
        "Net Income From Continuing And Discontinued Operation": 91126000.0,
        "Total Expenses": 249653000.0,
        "Total Operating Income As Reported": 146127000.0,
        "Diluted Average Shares": 99964000.0,
        "Basic Average Shares": 99308000.0,
        "Diluted EPS": 0.91,
        "Basic EPS": 0.92,
        "Diluted NI Availto Com Stockholders": 91126000.0,
        "Net Income Common Stockholders": 91126000.0,
        "Net Income": 91126000.0,
        "Net Income Including Noncontrolling Interests": 91126000.0,
        "Net Income Continuous Operations": 91126000.0,
        "Earnings From Equity Interest Net Of Tax": 1561000.0,
        "Tax Provision": 30787000.0,
        "Pretax Income": 120352000.0,
        "Other Income Expense": 10237000.0,
        "Other Non Operating Income Expenses": 10237000.0,
        "Special Income Charges": NaN,
        "Gain On Sale Of Ppe": NaN,
        "Net Non Operating Interest Income Expense": -36012000.0,
        "Interest Expense Non Operating": 36012000.0,
        "Operating Income": 146127000.0,
        "Operating Expense": 48864000.0,
        "Other Operating Expenses": 3566000.0,
        "Depreciation Amortization Depletion Income Statement": 45298000.0,
        "Depreciation And Amortization In Income Statement": 45298000.0,
        "Gross Profit": 194991000.0,
        "Cost Of Revenue": 200789000.0,
        "Total Revenue": 395780000.0,
        "Operating Revenue": 395780000.0
    },
    "2024-12-31": {
        "Tax Effect Of Unusual Items": 12258290.981034,
        "Tax Rate For Calcs": 0.223451,
        "Normalized EBITDA": 191664000.0,
        "Total Unusual Items": 54859000.0,
        "Total Unusual Items Excluding Goodwill": 54859000.0,
        "Net Income From Continuing Operation Net Minority Interest": 131319000.0,
        "Reconciled Depreciation": 45329000.0,
        "Reconciled Cost Of Revenue": 285838000.0,
        "EBITDA": 246523000.0,
        "EBIT": 201194000.0,
        "Net Interest Income": -33891000.0,
        "Interest Expense": 33891000.0,
        "Normalized Income": 88718290.981034,
        "Net Income From Continuing And Discontinued Operation": 131319000.0,
        "Total Expenses": 353643000.0,
        "Total Operating Income As Reported": 189577000.0,
        "Diluted Average Shares": 100478000.0,
        "Basic Average Shares": 99855000.0,
        "Diluted EPS": 1.31,
        "Basic EPS": 1.32,
        "Diluted NI Availto Com Stockholders": 131319000.0,
        "Net Income Common Stockholders": 131319000.0,
        "Net Income": 131319000.0,
        "Net Income Including Noncontrolling Interests": 131319000.0,
        "Net Income Continuous Operations": 131319000.0,
        "Earnings From Equity Interest Net Of Tax": 1400000.0,
        "Tax Provision": 37384000.0,
        "Pretax Income": 167303000.0,
        "Other Income Expense": 66476000.0,
        "Other Non Operating Income Expenses": 11617000.0,
        "Special Income Charges": 54859000.0,
        "Gain On Sale Of Ppe": 54859000.0,
        "Net Non Operating Interest Income Expense": -33891000.0,
        "Interest Expense Non Operating": 33891000.0,
        "Operating Income": 134718000.0,
        "Operating Expense": 67805000.0,
        "Other Operating Expenses": 22476000.0,
        "Depreciation Amortization Depletion Income Statement": 45329000.0,
        "Depreciation And Amortization In Income Statement": 45329000.0,
        "Gross Profit": 202523000.0,
        "Cost Of Revenue": 285838000.0,
        "Total Revenue": 488361000.0,
        "Operating Revenue": 488361000.0
    },
    "2025-03-31": {
        "Tax Effect Of Unusual Items": 160255.283102,
        "Tax Rate For Calcs": 0.232929,
        "Normalized EBITDA": 344234000.0,
        "Total Unusual Items": 688000.0,
        "Total Unusual Items Excluding Goodwill": 688000.0,
        "Net Income From Continuing Operation Net Minority Interest": 204287000.0,
        "Reconciled Depreciation": 47967000.0,
        "Reconciled Cost Of Revenue": 537298000.0,
        "EBITDA": 344922000.0,
        "EBIT": 296955000.0,
        "Net Interest Income": -32527000.0,
        "Interest Expense": 32527000.0,
        "Normalized Income": 203759255.283102,
        "Net Income From Continuing And Discontinued Operation": 204287000.0,
        "Total Expenses": 633766000.0,
        "Total Operating Income As Reported": 279949000.0,
        "Diluted Average Shares": 100933000.0,
        "Basic Average Shares": 100291000.0,
        "Diluted EPS": 2.02,
        "Basic EPS": 2.04,
        "Diluted NI Availto Com Stockholders": 204287000.0,
        "Net Income Common Stockholders": 204287000.0,
        "Net Income": 204287000.0,
        "Net Income Including Noncontrolling Interests": 204287000.0,
        "Net Income Continuous Operations": 204287000.0,
        "Earnings From Equity Interest Net Of Tax": 1452000.0,
        "Tax Provision": 61593000.0,
        "Pretax Income": 264428000.0,
        "Other Income Expense": 17694000.0,
        "Other Non Operating Income Expenses": 17006000.0,
        "Special Income Charges": 688000.0,
        "Gain On Sale Of Ppe": 688000.0,
        "Net Non Operating Interest Income Expense": -32527000.0,
        "Interest Expense Non Operating": 32527000.0,
        "Operating Income": 279261000.0,
        "Operating Expense": 96468000.0,
        "Other Operating Expenses": 48501000.0,
        "Depreciation Amortization Depletion Income Statement": 47967000.0,
        "Depreciation And Amortization In Income Statement": 47967000.0,
        "Gross Profit": 375729000.0,
        "Cost Of Revenue": 537298000.0,
        "Total Revenue": 913027000.0,
        "Operating Revenue": 913027000.0
    },
    "2025-06-30": {
        "Tax Effect Of Unusual Items": 129047.24627,
        "Tax Rate For Calcs": 0.236784,
        "Normalized EBITDA": 56433000.0,
        "Total Unusual Items": 545000.0,
        "Total Unusual Items Excluding Goodwill": 545000.0,
        "Net Income From Continuing Operation Net Minority Interest": -15051000.0,
        "Reconciled Depreciation": 47000000.0,
        "Reconciled Cost Of Revenue": 242574000.0,
        "EBITDA": 56978000.0,
        "EBIT": 9978000.0,
        "Net Interest Income": -31694000.0,
        "Interest Expense": 31694000.0,
        "Normalized Income": -15466952.75373,
        "Net Income From Continuing And Discontinued Operation": -15051000.0,
        "Total Expenses": 300553000.0,
        "Total Operating Income As Reported": -1062000.0,
        "Diluted Average Shares": 100373000.0,
        "Basic Average Shares": 100373000.0,
        "Diluted EPS": -0.15,
        "Basic EPS": -0.15,
        "Diluted NI Availto Com Stockholders": -15051000.0,
        "Net Income Common Stockholders": -15051000.0,
        "Net Income": -15051000.0,
        "Net Income Including Noncontrolling Interests": -15051000.0,
        "Net Income Continuous Operations": -15051000.0,
        "Earnings From Equity Interest Net Of Tax": 1523000.0,
        "Tax Provision": -5142000.0,
        "Pretax Income": -21716000.0,
        "Other Income Expense": 11585000.0,
        "Other Non Operating Income Expenses": 11040000.0,
        "Special Income Charges": 545000.0,
        "Gain On Sale Of Ppe": 545000.0,
        "Net Non Operating Interest Income Expense": -31694000.0,
        "Interest Expense Non Operating": 31694000.0,
        "Operating Income": -1607000.0,
        "Operating Expense": 57979000.0,
        "Other Operating Expenses": 10979000.0,
        "Depreciation Amortization Depletion Income Statement": 47000000.0,
        "Depreciation And Amortization In Income Statement": 47000000.0,
        "Gross Profit": 56372000.0,
        "Cost Of Revenue": 242574000.0,
        "Total Revenue": 298946000.0,
        "Operating Revenue": 298946000.0
    },
    "2025-09-30": {
        "Tax Effect Of Unusual Items": NaN,
        "Tax Rate For Calcs": NaN,
        "Normalized EBITDA": NaN,
        "Total Unusual Items": NaN,
        "Total Unusual Items Excluding Goodwill": NaN,
        "Net Income From Continuing Operation Net Minority Interest": NaN,
        "Reconciled Depreciation": NaN,
        "Reconciled Cost Of Revenue": NaN,
        "EBITDA": NaN,
        "EBIT": NaN,
        "Net Interest Income": NaN,
        "Interest Expense": NaN,
        "Normalized Income": NaN,
        "Net Income From Continuing And Discontinued Operation": NaN,
        "Total Expenses": NaN,
        "Total Operating Income As Reported": NaN,
        "Diluted Average Shares": 101024000.0,
        "Basic Average Shares": 100458000.0,
        "Diluted EPS": 0.15,
        "Basic EPS": 0.15,
        "Diluted NI Availto Com Stockholders": NaN,
        "Net Income Common Stockholders": NaN,
        "Net Income": NaN,
        "Net Income Including Noncontrolling Interests": NaN,
        "Net Income Continuous Operations": NaN,
        "Earnings From Equity Interest Net Of Tax": NaN,
        "Tax Provision": NaN,
        "Pretax Income": NaN,
        "Other Income Expense": NaN,
        "Other Non Operating Income Expenses": NaN,
        "Special Income Charges": NaN,
        "Gain On Sale Of Ppe": NaN,
        "Net Non Operating Interest Income Expense": NaN,
        "Interest Expense Non Operating": NaN,
        "Operating Income": NaN,
        "Operating Expense": NaN,
        "Other Operating Expenses": NaN,
        "Depreciation Amortization Depletion Income Statement": NaN,
        "Depreciation And Amortization In Income Statement": NaN,
        "Gross Profit": NaN,
        "Cost Of Revenue": NaN,
        "Total Revenue": NaN,
        "Operating Revenue": NaN
    }
}