{
    "2023-03-31": {
        "Tax Effect Of Unusual Items": NaN,
        "Tax Rate For Calcs": NaN,
        "Normalized EBITDA": NaN,
        "Total Unusual Items": NaN,
        "Total Unusual Items Excluding Goodwill": NaN,
        "Net Income From Continuing Operation Net Minority Interest": NaN,
        "Reconciled Depreciation": NaN,
        "Reconciled Cost Of Revenue": NaN,
        "EBITDA": NaN,
        "EBIT": NaN,
        "Net Interest Income": NaN,
        "Interest Expense": NaN,
        "Interest Income": NaN,
        "Normalized Income": NaN,
        "Net Income From Continuing And Discontinued Operation": NaN,
        "Total Expenses": NaN,
        "Total Operating Income As Reported": NaN,
        "Diluted Average Shares": NaN,
        "Basic Average Shares": NaN,
        "Diluted EPS": NaN,
        "Basic EPS": NaN,
        "Diluted NI Availto Com Stockholders": NaN,
        "Net Income Common Stockholders": NaN,
        "Net Income": NaN,
        "Net Income Including Noncontrolling Interests": NaN,
        "Net Income Continuous Operations": NaN,
        "Tax Provision": NaN,
        "Pretax Income": NaN,
        "Other Income Expense": NaN,
        "Other Non Operating Income Expenses": NaN,
        "Special Income Charges": NaN,
        "Other Special Charges": 912000.0,
        "Impairment Of Capital Assets": NaN,
        "Restructuring And Mergern Acquisition": NaN,
        "Net Non Operating Interest Income Expense": NaN,
        "Interest Expense Non Operating": NaN,
        "Interest Income Non Operating": NaN,
        "Operating Income": NaN,
        "Operating Expense": NaN,
        "Research And Development": NaN,
        "Selling General And Administration": NaN,
        "General And Administrative Expense": NaN,
        "Other Gand A": NaN,
        "Gross Profit": NaN,
        "Cost Of Revenue": NaN,
        "Total Revenue": NaN,
        "Operating Revenue": NaN
    },
    "2022-12-31": {
        "Tax Effect Of Unusual Items": NaN,
        "Tax Rate For Calcs": NaN,
        "Normalized EBITDA": NaN,
        "Total Unusual Items": NaN,
        "Total Unusual Items Excluding Goodwill": NaN,
        "Net Income From Continuing Operation Net Minority Interest": NaN,
        "Reconciled Depreciation": NaN,
        "Reconciled Cost Of Revenue": NaN,
        "EBITDA": NaN,
        "EBIT": NaN,
        "Net Interest Income": NaN,
        "Interest Expense": NaN,
        "Interest Income": NaN,
        "Normalized Income": NaN,
        "Net Income From Continuing And Discontinued Operation": NaN,
        "Total Expenses": NaN,
        "Total Operating Income As Reported": NaN,
        "Diluted Average Shares": NaN,
        "Basic Average Shares": NaN,
        "Diluted EPS": NaN,
        "Basic EPS": NaN,
        "Diluted NI Availto Com Stockholders": NaN,
        "Net Income Common Stockholders": NaN,
        "Net Income": NaN,
        "Net Income Including Noncontrolling Interests": NaN,
        "Net Income Continuous Operations": NaN,
        "Tax Provision": NaN,
        "Pretax Income": NaN,
        "Other Income Expense": NaN,
        "Other Non Operating Income Expenses": NaN,
        "Special Income Charges": NaN,
        "Other Special Charges": 3834000.0,
        "Impairment Of Capital Assets": NaN,
        "Restructuring And Mergern Acquisition": NaN,
        "Gain On Sale Of Security": 0.0,
        "Net Non Operating Interest Income Expense": NaN,
        "Interest Expense Non Operating": NaN,
        "Interest Income Non Operating": NaN,
        "Operating Income": NaN,
        "Operating Expense": NaN,
        "Research And Development": NaN,
        "Selling General And Administration": NaN,
        "General And Administrative Expense": NaN,
        "Other Gand A": NaN,
        "Gross Profit": NaN,
        "Cost Of Revenue": NaN,
        "Total Revenue": NaN,
        "Operating Revenue": NaN
    },
    "2022-09-30": {
        "Tax Effect Of Unusual Items": NaN,
        "Tax Rate For Calcs": NaN,
        "Normalized EBITDA": NaN,
        "Total Unusual Items": NaN,
        "Total Unusual Items Excluding Goodwill": NaN,
        "Net Income From Continuing Operation Net Minority Interest": NaN,
        "Reconciled Depreciation": NaN,
        "Reconciled Cost Of Revenue": NaN,
        "EBITDA": NaN,
        "EBIT": NaN,
        "Net Interest Income": NaN,
        "Interest Expense": NaN,
        "Interest Income": NaN,
        "Normalized Income": NaN,
        "Net Income From Continuing And Discontinued Operation": NaN,
        "Total Expenses": NaN,
        "Total Operating Income As Reported": NaN,
        "Diluted Average Shares": NaN,
        "Basic Average Shares": NaN,
        "Diluted EPS": NaN,
        "Basic EPS": NaN,
        "Diluted NI Availto Com Stockholders": NaN,
        "Net Income Common Stockholders": NaN,
        "Net Income": NaN,
        "Net Income Including Noncontrolling Interests": NaN,
        "Net Income Continuous Operations": NaN,
        "Tax Provision": NaN,
        "Pretax Income": NaN,
        "Other Income Expense": NaN,
        "Other Non Operating Income Expenses": NaN,
        "Special Income Charges": NaN,
        "Other Special Charges": 5023000.0,
        "Impairment Of Capital Assets": NaN,
        "Restructuring And Mergern Acquisition": NaN,
        "Gain On Sale Of Security": NaN,
        "Net Non Operating Interest Income Expense": NaN,
        "Interest Expense Non Operating": NaN,
        "Interest Income Non Operating": NaN,
        "Operating Income": NaN,
        "Operating Expense": NaN,
        "Research And Development": NaN,
        "Selling General And Administration": NaN,
        "General And Administrative Expense": NaN,
        "Other Gand A": NaN,
        "Gross Profit": NaN,
        "Cost Of Revenue": NaN,
        "Total Revenue": NaN,
        "Operating Revenue": NaN
    },
    "2022-06-30": {
        "Tax Effect Of Unusual Items": -42418000.0,
        "Tax Rate For Calcs": 0.4,
        "Normalized EBITDA": -45695000.0,
        "Total Unusual Items": -106045000.0,
        "Total Unusual Items Excluding Goodwill": -106045000.0,
        "Net Income From Continuing Operation Net Minority Interest": -159068000.0,
        "Reconciled Depreciation": 3441000.0,
        "Reconciled Cost Of Revenue": 5115000.0,
        "EBITDA": -151740000.0,
        "EBIT": -151740000.0,
        "Net Interest Income": -6132000.0,
        "Interest Expense": 7228000.0,
        "Interest Income": 1096000.0,
        "Normalized Income": -95441000.0,
        "Net Income From Continuing And Discontinued Operation": -159068000.0,
        "Total Expenses": 68376000.0,
        "Total Operating Income As Reported": -152836000.0,
        "Diluted Average Shares": 186800000.0,
        "Basic Average Shares": 186800000.0,
        "Diluted EPS": -0.85,
        "Basic EPS": -0.85,
        "Diluted NI Availto Com Stockholders": -159068000.0,
        "Net Income Common Stockholders": -159068000.0,
        "Net Income": -159068000.0,
        "Net Income Including Noncontrolling Interests": -159068000.0,
        "Net Income Continuous Operations": -159068000.0,
        "Tax Provision": 100000.0,
        "Pretax Income": -158968000.0,
        "Other Income Expense": -106045000.0,
        "Special Income Charges": -106045000.0,
        "Other Special Charges": NaN,
        "Impairment Of Capital Assets": NaN,
        "Restructuring And Mergern Acquisition": 106045000.0,
        "Gain On Sale Of Security": NaN,
        "Net Non Operating Interest Income Expense": -6132000.0,
        "Interest Expense Non Operating": 7228000.0,
        "Interest Income Non Operating": 1096000.0,
        "Operating Income": -46791000.0,
        "Operating Expense": 63261000.0,
        "Research And Development": 42740000.0,
        "Selling General And Administration": 20521000.0,
        "General And Administrative Expense": 20521000.0,
        "Other Gand A": 20521000.0,
        "Gross Profit": 16470000.0,
        "Cost Of Revenue": 5115000.0,
        "Total Revenue": 21585000.0,
        "Operating Revenue": 21585000.0
    },
    "2022-03-31": {
        "Diluted EPS": -0.49,
        "Total Revenue": 25,
        "Gross Profit": 20,
        "Operating Income": -117,
        "EBIT": -112,
        "Net Income": -90
    },
    "2021-12-31": {
        "Diluted EPS": -0.79,
        "Total Revenue": 25,
        "Gross Profit": 19,
        "Operating Income": -113,
        "EBIT": -115,
        "Net Income": -146
    },
    "2021-09-30": {
        "Diluted EPS": -0.7,
        "Total Revenue": 25,
        "Gross Profit": 20,
        "Operating Income": -114,
        "EBIT": -108,
        "Net Income": -130
    },
    "2021-06-30": {
        "Diluted EPS": -0.69,
        "Total Revenue": 28,
        "Gross Profit": 21,
        "Operating Income": -110,
        "EBIT": -105,
        "Net Income": -126
    },
    "2021-03-31": {
        "Diluted EPS": -0.68,
        "Total Revenue": 24,
        "Gross Profit": 18,
        "Operating Income": -109,
        "EBIT": -104,
        "Net Income": -123
    },
    "2020-12-31": {
        "Diluted EPS": -0.65,
        "Total Revenue": 23,
        "Gross Profit": 19,
        "Operating Income": -111,
        "EBIT": -109,
        "Net Income": -117
    },
    "2020-09-30": {
        "Diluted EPS": -0.61,
        "Total Revenue": 30,
        "Gross Profit": 24,
        "Operating Income": -103,
        "EBIT": -98,
        "Net Income": -109
    },
    "2020-06-30": {
        "Diluted EPS": -0.45,
        "Total Revenue": 49,
        "Gross Profit": 43,
        "Operating Income": -78,
        "EBIT": -74,
        "Net Income": -80
    },
    "2020-03-31": {
        "Diluted EPS": -0.78,
        "Total Revenue": 51,
        "Gross Profit": 47,
        "Operating Income": -134,
        "EBIT": -130,
        "Net Income": -139
    },
    "2019-12-31": {
        "Diluted EPS": -0.64,
        "Total Revenue": 34,
        "Gross Profit": 28,
        "Operating Income": -110,
        "EBIT": -117,
        "Net Income": -112
    },
    "2019-09-30": {
        "Diluted EPS": -0.56,
        "Total Revenue": 29,
        "Gross Profit": 24,
        "Operating Income": -99,
        "EBIT": -89,
        "Net Income": -99
    },
    "2019-06-30": {
        "Diluted EPS": -0.63,
        "Total Revenue": 23,
        "Gross Profit": 18,
        "Operating Income": -111,
        "EBIT": -114,
        "Net Income": -110
    },
    "2019-03-31": {
        "Diluted EPS": -0.69,
        "Total Revenue": 28,
        "Gross Profit": 23,
        "Operating Income": -121,
        "EBIT": -118,
        "Net Income": -120
    },
    "2018-12-31": {
        "Diluted EPS": -0.39,
        "Total Revenue": 40,
        "Gross Profit": 32,
        "Operating Income": -100,
        "EBIT": -97,
        "Net Income": -98
    },
    "2018-09-30": {
        "Diluted EPS": -0.56,
        "Total Revenue": 28,
        "Gross Profit": 23,
        "Operating Income": -99,
        "EBIT": -96,
        "Net Income": -96
    },
    "2018-06-30": {
        "Diluted EPS": 5.33,
        "Total Revenue": NaN,
        "Gross Profit": NaN,
        "Operating Income": 974,
        "EBIT": 976,
        "Net Income": 971
    },
    "2018-03-31": {
        "Diluted EPS": -0.6,
        "Total Revenue": 38,
        "Gross Profit": 31,
        "Operating Income": -87,
        "EBIT": -84,
        "Net Income": -96
    },
    "2017-12-31": {
        "Diluted EPS": -0.18,
        "Total Revenue": 95,
        "Gross Profit": 86,
        "Operating Income": -24,
        "EBIT": -21,
        "Net Income": -34
    },
    "2017-09-30": {
        "Diluted EPS": 0.37,
        "Total Revenue": 153,
        "Gross Profit": 147,
        "Operating Income": 69,
        "EBIT": 73,
        "Net Income": 61
    },
    "2017-06-30": {
        "Diluted EPS": -0.39,
        "Total Revenue": 35,
        "Gross Profit": 26,
        "Operating Income": -51,
        "EBIT": -46,
        "Net Income": -60
    },
    "2017-03-31": {
        "Diluted EPS": -0.42,
        "Total Revenue": 25,
        "Gross Profit": 19,
        "Operating Income": -54,
        "EBIT": -50,
        "Net Income": -64
    },
    "2016-12-31": {
        "Diluted EPS": -0.28,
        "Total Revenue": 37,
        "Gross Profit": 31,
        "Operating Income": -32,
        "EBIT": -28,
        "Net Income": -42
    },
    "2016-09-30": {
        "Diluted EPS": -0.32,
        "Total Revenue": 36,
        "Gross Profit": 29,
        "Operating Income": -33,
        "EBIT": -29,
        "Net Income": -43
    },
    "2016-06-30": {
        "Diluted EPS": -0.36,
        "Total Revenue": 33,
        "Gross Profit": 25,
        "Operating Income": -38,
        "EBIT": -34,
        "Net Income": -49
    },
    "2016-03-31": {
        "Diluted EPS": -0.14,
        "Total Revenue": 59,
        "Gross Profit": 50,
        "Operating Income": -9,
        "EBIT": -6,
        "Net Income": -19
    },
    "2015-12-31": {
        "Diluted EPS": -0.4,
        "Total Revenue": 39,
        "Gross Profit": 31,
        "Operating Income": -29,
        "EBIT": -26,
        "Net Income": -54
    },
    "2015-09-30": {
        "Diluted EPS": -0.06,
        "Total Revenue": 60,
        "Gross Profit": 53,
        "Operating Income": 0,
        "EBIT": 4,
        "Net Income": -8
    },
    "2015-06-30": {
        "Diluted EPS": -0.4,
        "Total Revenue": 23,
        "Gross Profit": 12,
        "Operating Income": -43,
        "EBIT": -41,
        "Net Income": -53
    },
    "2015-03-31": {
        "Diluted EPS": 0.25,
        "Total Revenue": 109,
        "Gross Profit": 100,
        "Operating Income": 43,
        "EBIT": 46,
        "Net Income": 34
    },
    "2014-12-31": {
        "Diluted EPS": -0.32,
        "Total Revenue": 20,
        "Gross Profit": 13,
        "Operating Income": -37,
        "EBIT": -34,
        "Net Income": -46
    },
    "2014-09-30": {
        "Diluted EPS": 0.53,
        "Total Revenue": 133,
        "Gross Profit": 124,
        "Operating Income": 80,
        "EBIT": 84,
        "Net Income": 71
    },
    "2014-06-30": {
        "Diluted EPS": -0.26,
        "Total Revenue": 29,
        "Gross Profit": 23,
        "Operating Income": -23,
        "EBIT": -20,
        "Net Income": -33
    },
    "2014-03-31": {
        "Diluted EPS": -0.37,
        "Total Revenue": 20,
        "Gross Profit": 12,
        "Operating Income": -36,
        "EBIT": -33,
        "Net Income": -46
    },
    "2013-12-31": {
        "Diluted EPS": -0.41,
        "Total Revenue": 31,
        "Gross Profit": 22,
        "Operating Income": -36,
        "EBIT": -33,
        "Net Income": -48
    },
    "2013-09-30": {
        "Diluted EPS": -0.14,
        "Total Revenue": 61,
        "Gross Profit": 48,
        "Operating Income": -7,
        "EBIT": -3,
        "Net Income": -17
    },
    "2013-06-30": {
        "Diluted EPS": -0.37,
        "Total Revenue": 34,
        "Gross Profit": 29,
        "Operating Income": -33,
        "EBIT": -29,
        "Net Income": -43
    },
    "2013-03-31": {
        "Diluted EPS": -0.48,
        "Total Revenue": 23,
        "Gross Profit": 11,
        "Operating Income": -45,
        "EBIT": -41,
        "Net Income": -55
    },
    "2012-12-31": {
        "Diluted EPS": -0.46,
        "Total Revenue": 21,
        "Gross Profit": 14,
        "Operating Income": -43,
        "EBIT": -40,
        "Net Income": -53
    },
    "2012-09-30": {
        "Diluted EPS": -0.38,
        "Total Revenue": 18,
        "Gross Profit": 11,
        "Operating Income": -33,
        "EBIT": -29,
        "Net Income": -44
    },
    "2012-06-30": {
        "Diluted EPS": -0.3,
        "Total Revenue": 24,
        "Gross Profit": 16,
        "Operating Income": -27,
        "EBIT": -24,
        "Net Income": -34
    },
    "2012-03-31": {
        "Diluted EPS": -0.36,
        "Total Revenue": 18,
        "Gross Profit": 9,
        "Operating Income": -38,
        "EBIT": -34,
        "Net Income": -41
    },
    "2011-12-31": {
        "Diluted EPS": -0.33,
        "Total Revenue": 16,
        "Gross Profit": 10,
        "Operating Income": -34,
        "EBIT": -31,
        "Net Income": -37
    },
    "2011-09-30": {
        "Diluted EPS": -0.21,
        "Total Revenue": 27,
        "Gross Profit": 22,
        "Operating Income": -21,
        "EBIT": -18,
        "Net Income": -24
    },
    "2011-06-30": {
        "Diluted EPS": -0.32,
        "Total Revenue": 17,
        "Gross Profit": 9,
        "Operating Income": -34,
        "EBIT": -30,
        "Net Income": -36
    },
    "2011-03-31": {
        "Diluted EPS": -0.33,
        "Total Revenue": 11,
        "Gross Profit": 8,
        "Operating Income": -34,
        "EBIT": -30,
        "Net Income": -36
    },
    "2010-12-31": {
        "Diluted EPS": -0.23,
        "Total Revenue": 45,
        "Gross Profit": 35,
        "Operating Income": -21,
        "EBIT": -16,
        "Net Income": -23
    },
    "2010-09-30": {
        "Diluted EPS": -0.09,
        "Total Revenue": 38,
        "Gross Profit": 32,
        "Operating Income": -6,
        "EBIT": -2,
        "Net Income": -9
    },
    "2010-06-30": {
        "Diluted EPS": -0.01,
        "Total Revenue": 43,
        "Gross Profit": 38,
        "Operating Income": 2,
        "EBIT": 6,
        "Net Income": -1
    },
    "2010-03-31": {
        "Diluted EPS": -0.07,
        "Total Revenue": 33,
        "Gross Profit": 29,
        "Operating Income": -3,
        "EBIT": 1,
        "Net Income": -6
    },
    "2009-12-31": {
        "Diluted EPS": -0.09,
        "Total Revenue": 39,
        "Gross Profit": 30,
        "Operating Income": -5,
        "EBIT": -2,
        "Net Income": -8
    },
    "2009-09-30": {
        "Diluted EPS": -0.33,
        "Total Revenue": 10,
        "Gross Profit": 4,
        "Operating Income": -29,
        "EBIT": -25,
        "Net Income": -31
    },
    "2009-06-30": {
        "Diluted EPS": -0.35,
        "Total Revenue": 13,
        "Gross Profit": 3,
        "Operating Income": -30,
        "EBIT": -27,
        "Net Income": -32
    },
    "2009-03-31": {
        "Diluted EPS": -0.34,
        "Total Revenue": 10,
        "Gross Profit": 4,
        "Operating Income": -30,
        "EBIT": -27,
        "Net Income": -32
    },
    "2023-06-30": {
        "Tax Effect Of Unusual Items": NaN,
        "Tax Rate For Calcs": NaN,
        "Normalized EBITDA": NaN,
        "Total Unusual Items": NaN,
        "Total Unusual Items Excluding Goodwill": NaN,
        "Net Income From Continuing Operation Net Minority Interest": NaN,
        "Reconciled Depreciation": NaN,
        "Reconciled Cost Of Revenue": NaN,
        "EBITDA": NaN,
        "EBIT": NaN,
        "Net Interest Income": NaN,
        "Interest Expense": NaN,
        "Interest Income": NaN,
        "Normalized Income": NaN,
        "Net Income From Continuing And Discontinued Operation": NaN,
        "Total Expenses": NaN,
        "Total Operating Income As Reported": NaN,
        "Diluted Average Shares": NaN,
        "Basic Average Shares": NaN,
        "Diluted EPS": NaN,
        "Basic EPS": NaN,
        "Diluted NI Availto Com Stockholders": NaN,
        "Net Income Common Stockholders": NaN,
        "Net Income": NaN,
        "Net Income Including Noncontrolling Interests": NaN,
        "Net Income Continuous Operations": NaN,
        "Tax Provision": NaN,
        "Pretax Income": NaN,
        "Other Income Expense": NaN,
        "Other Non Operating Income Expenses": 736000.0,
        "Special Income Charges": NaN,
        "Impairment Of Capital Assets": NaN,
        "Restructuring And Mergern Acquisition": NaN,
        "Net Non Operating Interest Income Expense": NaN,
        "Interest Expense Non Operating": NaN,
        "Interest Income Non Operating": NaN,
        "Operating Income": NaN,
        "Operating Expense": NaN,
        "Research And Development": NaN,
        "Selling General And Administration": NaN,
        "General And Administrative Expense": NaN,
        "Other Gand A": NaN,
        "Gross Profit": NaN,
        "Cost Of Revenue": NaN,
        "Total Revenue": NaN,
        "Operating Revenue": NaN
    },
    "2023-09-30": {
        "Tax Effect Of Unusual Items": NaN,
        "Tax Rate For Calcs": NaN,
        "Normalized EBITDA": NaN,
        "Total Unusual Items": NaN,
        "Total Unusual Items Excluding Goodwill": NaN,
        "Net Income From Continuing Operation Net Minority Interest": NaN,
        "Reconciled Depreciation": NaN,
        "Reconciled Cost Of Revenue": NaN,
        "EBITDA": NaN,
        "EBIT": NaN,
        "Net Interest Income": NaN,
        "Interest Expense": NaN,
        "Interest Income": NaN,
        "Normalized Income": NaN,
        "Net Income From Continuing And Discontinued Operation": NaN,
        "Total Expenses": NaN,
        "Total Operating Income As Reported": NaN,
        "Diluted Average Shares": 190406000.0,
        "Basic Average Shares": 190406000.0,
        "Diluted EPS": -0.24,
        "Basic EPS": -0.24,
        "Diluted NI Availto Com Stockholders": NaN,
        "Net Income Common Stockholders": NaN,
        "Net Income": NaN,
        "Net Income Including Noncontrolling Interests": NaN,
        "Net Income Continuous Operations": NaN,
        "Tax Provision": NaN,
        "Pretax Income": NaN,
        "Other Income Expense": NaN,
        "Other Non Operating Income Expenses": -335000.0,
        "Special Income Charges": NaN,
        "Impairment Of Capital Assets": NaN,
        "Restructuring And Mergern Acquisition": NaN,
        "Net Non Operating Interest Income Expense": NaN,
        "Interest Expense Non Operating": NaN,
        "Interest Income Non Operating": NaN,
        "Operating Income": NaN,
        "Operating Expense": NaN,
        "Research And Development": NaN,
        "Selling General And Administration": NaN,
        "General And Administrative Expense": NaN,
        "Other Gand A": NaN,
        "Gross Profit": NaN,
        "Cost Of Revenue": NaN,
        "Total Revenue": NaN,
        "Operating Revenue": NaN
    },
    "2023-12-31": {
        "Tax Effect Of Unusual Items": NaN,
        "Tax Rate For Calcs": NaN,
        "Normalized EBITDA": NaN,
        "Total Unusual Items": NaN,
        "Total Unusual Items Excluding Goodwill": NaN,
        "Net Income From Continuing Operation Net Minority Interest": NaN,
        "Reconciled Depreciation": NaN,
        "Reconciled Cost Of Revenue": NaN,
        "EBITDA": NaN,
        "EBIT": NaN,
        "Net Interest Income": NaN,
        "Interest Expense": NaN,
        "Interest Income": NaN,
        "Normalized Income": NaN,
        "Net Income From Continuing And Discontinued Operation": NaN,
        "Total Expenses": NaN,
        "Total Operating Income As Reported": NaN,
        "Diluted Average Shares": NaN,
        "Basic Average Shares": NaN,
        "Diluted EPS": NaN,
        "Basic EPS": NaN,
        "Diluted NI Availto Com Stockholders": NaN,
        "Net Income Common Stockholders": NaN,
        "Net Income": NaN,
        "Net Income Including Noncontrolling Interests": NaN,
        "Net Income Continuous Operations": NaN,
        "Earnings From Equity Interest Net Of Tax": NaN,
        "Tax Provision": NaN,
        "Pretax Income": NaN,
        "Other Income Expense": NaN,
        "Other Non Operating Income Expenses": NaN,
        "Special Income Charges": NaN,
        "Impairment Of Capital Assets": -1300000.0,
        "Restructuring And Mergern Acquisition": NaN,
        "Net Non Operating Interest Income Expense": NaN,
        "Interest Expense Non Operating": NaN,
        "Interest Income Non Operating": NaN,
        "Operating Income": NaN,
        "Operating Expense": NaN,
        "Research And Development": NaN,
        "Selling General And Administration": NaN,
        "General And Administrative Expense": NaN,
        "Other Gand A": NaN,
        "Gross Profit": NaN,
        "Cost Of Revenue": NaN,
        "Total Revenue": NaN,
        "Operating Revenue": NaN
    },
    "2024-03-31": {
        "Tax Effect Of Unusual Items": NaN,
        "Tax Rate For Calcs": NaN,
        "Normalized EBITDA": NaN,
        "Total Unusual Items": NaN,
        "Total Unusual Items Excluding Goodwill": NaN,
        "Net Income From Continuing Operation Net Minority Interest": NaN,
        "Reconciled Depreciation": NaN,
        "Reconciled Cost Of Revenue": NaN,
        "EBITDA": NaN,
        "EBIT": NaN,
        "Net Interest Income": NaN,
        "Interest Expense": NaN,
        "Interest Income": NaN,
        "Normalized Income": NaN,
        "Net Income From Continuing And Discontinued Operation": NaN,
        "Total Expenses": NaN,
        "Total Operating Income As Reported": NaN,
        "Diluted Average Shares": NaN,
        "Basic Average Shares": NaN,
        "Diluted EPS": NaN,
        "Basic EPS": NaN,
        "Diluted NI Availto Com Stockholders": NaN,
        "Net Income Common Stockholders": NaN,
        "Net Income": NaN,
        "Net Income Including Noncontrolling Interests": NaN,
        "Net Income Continuous Operations": NaN,
        "Earnings From Equity Interest Net Of Tax": 0.0,
        "Tax Provision": NaN,
        "Pretax Income": NaN,
        "Other Income Expense": NaN,
        "Other Non Operating Income Expenses": NaN,
        "Special Income Charges": NaN,
        "Impairment Of Capital Assets": 0.0,
        "Restructuring And Mergern Acquisition": NaN,
        "Net Non Operating Interest Income Expense": NaN,
        "Interest Expense Non Operating": NaN,
        "Interest Income Non Operating": NaN,
        "Operating Income": NaN,
        "Operating Expense": NaN,
        "Research And Development": NaN,
        "Selling General And Administration": NaN,
        "General And Administrative Expense": NaN,
        "Other Gand A": NaN,
        "Gross Profit": NaN,
        "Cost Of Revenue": NaN,
        "Total Revenue": NaN,
        "Operating Revenue": NaN
    },
    "2024-06-30": {
        "Tax Effect Of Unusual Items": NaN,
        "Tax Rate For Calcs": NaN,
        "Normalized EBITDA": NaN,
        "Total Unusual Items": NaN,
        "Total Unusual Items Excluding Goodwill": NaN,
        "Net Income From Continuing Operation Net Minority Interest": NaN,
        "Reconciled Depreciation": NaN,
        "Reconciled Cost Of Revenue": NaN,
        "EBITDA": NaN,
        "EBIT": NaN,
        "Net Interest Income": NaN,
        "Interest Expense": NaN,
        "Interest Income": NaN,
        "Normalized Income": NaN,
        "Net Income From Continuing And Discontinued Operation": NaN,
        "Total Expenses": NaN,
        "Total Operating Income As Reported": NaN,
        "Diluted Average Shares": NaN,
        "Basic Average Shares": NaN,
        "Diluted EPS": NaN,
        "Basic EPS": NaN,
        "Diluted NI Availto Com Stockholders": NaN,
        "Net Income Common Stockholders": NaN,
        "Net Income": NaN,
        "Net Income Including Noncontrolling Interests": NaN,
        "Net Income Continuous Operations": NaN,
        "Earnings From Equity Interest Net Of Tax": 0.0,
        "Tax Provision": NaN,
        "Pretax Income": NaN,
        "Other Income Expense": NaN,
        "Other Non Operating Income Expenses": NaN,
        "Special Income Charges": NaN,
        "Impairment Of Capital Assets": 8329000.0,
        "Restructuring And Mergern Acquisition": NaN,
        "Net Non Operating Interest Income Expense": NaN,
        "Interest Expense Non Operating": NaN,
        "Interest Income Non Operating": NaN,
        "Operating Income": NaN,
        "Operating Expense": NaN,
        "Research And Development": NaN,
        "Selling General And Administration": NaN,
        "General And Administrative Expense": NaN,
        "Other Gand A": NaN,
        "Gross Profit": NaN,
        "Cost Of Revenue": NaN,
        "Total Revenue": NaN,
        "Operating Revenue": NaN
    },
    "2024-09-30": {
        "Tax Effect Of Unusual Items": -9660.0,
        "Tax Rate For Calcs": 0.21,
        "Normalized EBITDA": -29989000.0,
        "Total Unusual Items": -46000.0,
        "Total Unusual Items Excluding Goodwill": -46000.0,
        "Net Income From Continuing Operation Net Minority Interest": -37057000.0,
        "Reconciled Depreciation": 993000.0,
        "Reconciled Cost Of Revenue": 4435000.0,
        "EBITDA": -30035000.0,
        "EBIT": -31028000.0,
        "Net Interest Income": -2583000.0,
        "Interest Expense": 6020000.0,
        "Interest Income": 3437000.0,
        "Normalized Income": -37020660.0,
        "Net Income From Continuing And Discontinued Operation": -37057000.0,
        "Total Expenses": 58423000.0,
        "Total Operating Income As Reported": -34345000.0,
        "Diluted Average Shares": 13949851.0,
        "Basic Average Shares": 13949851.0,
        "Diluted EPS": 2.66,
        "Basic EPS": 2.66,
        "Diluted NI Availto Com Stockholders": -37057000.0,
        "Net Income Common Stockholders": -37057000.0,
        "Net Income": -37057000.0,
        "Net Income Including Noncontrolling Interests": -37057000.0,
        "Net Income Continuous Operations": -37057000.0,
        "Earnings From Equity Interest Net Of Tax": 0.0,
        "Tax Provision": 9000.0,
        "Pretax Income": -37048000.0,
        "Other Income Expense": -166000.0,
        "Other Non Operating Income Expenses": -120000.0,
        "Special Income Charges": -46000.0,
        "Impairment Of Capital Assets": 0.0,
        "Restructuring And Mergern Acquisition": 46000.0,
        "Net Non Operating Interest Income Expense": -2583000.0,
        "Interest Expense Non Operating": 6020000.0,
        "Interest Income Non Operating": 3437000.0,
        "Operating Income": -34299000.0,
        "Operating Expense": 53988000.0,
        "Research And Development": 35031000.0,
        "Selling General And Administration": 18957000.0,
        "General And Administrative Expense": 18957000.0,
        "Other Gand A": 18957000.0,
        "Gross Profit": 19689000.0,
        "Cost Of Revenue": 4435000.0,
        "Total Revenue": 24124000.0,
        "Operating Revenue": 24124000.0
    },
    "2024-12-31": {
        "Tax Effect Of Unusual Items": 8196300.0,
        "Tax Rate For Calcs": 0.21,
        "Normalized EBITDA": -21543000.0,
        "Total Unusual Items": 39030000.0,
        "Total Unusual Items Excluding Goodwill": 39030000.0,
        "Net Income From Continuing Operation Net Minority Interest": 7261000.0,
        "Reconciled Depreciation": 332000.0,
        "Reconciled Cost Of Revenue": 7977000.0,
        "EBITDA": 17487000.0,
        "EBIT": 17155000.0,
        "Net Interest Income": -7211000.0,
        "Interest Expense": 10153000.0,
        "Interest Income": 2942000.0,
        "Normalized Income": -23572700.0,
        "Net Income From Continuing And Discontinued Operation": 7261000.0,
        "Total Expenses": 53857000.0,
        "Total Operating Income As Reported": 14348000.0,
        "Diluted Average Shares": 14239600.0,
        "Basic Average Shares": 13982466.0,
        "Diluted EPS": 0.45,
        "Basic EPS": 0.45,
        "Diluted NI Availto Com Stockholders": 7261000.0,
        "Net Income Common Stockholders": 7261000.0,
        "Net Income": 7261000.0,
        "Net Income Including Noncontrolling Interests": 7261000.0,
        "Net Income Continuous Operations": 7261000.0,
        "Earnings From Equity Interest Net Of Tax": NaN,
        "Tax Provision": -259000.0,
        "Pretax Income": 7002000.0,
        "Other Income Expense": 38895000.0,
        "Other Non Operating Income Expenses": -135000.0,
        "Special Income Charges": 39030000.0,
        "Impairment Of Capital Assets": 0.0,
        "Restructuring And Mergern Acquisition": 1360000.0,
        "Net Non Operating Interest Income Expense": -7211000.0,
        "Interest Expense Non Operating": 10153000.0,
        "Interest Income Non Operating": 2942000.0,
        "Operating Income": -24682000.0,
        "Operating Expense": 45880000.0,
        "Research And Development": 28745000.0,
        "Selling General And Administration": 17135000.0,
        "General And Administrative Expense": 17135000.0,
        "Other Gand A": 17135000.0,
        "Gross Profit": 21198000.0,
        "Cost Of Revenue": 7977000.0,
        "Total Revenue": 29175000.0,
        "Operating Revenue": 29175000.0
    },
    "2025-03-31": {
        "Tax Effect Of Unusual Items": -35490.0,
        "Tax Rate For Calcs": 0.21,
        "Normalized EBITDA": -40800000.0,
        "Total Unusual Items": -169000.0,
        "Total Unusual Items Excluding Goodwill": -169000.0,
        "Net Income From Continuing Operation Net Minority Interest": -50882000.0,
        "Reconciled Depreciation": 426000.0,
        "Reconciled Cost Of Revenue": 0.0,
        "EBITDA": -40969000.0,
        "EBIT": -41395000.0,
        "Net Interest Income": -2100000.0,
        "Interest Expense": 4974000.0,
        "Interest Income": 2874000.0,
        "Normalized Income": -50748490.0,
        "Net Income From Continuing And Discontinued Operation": -50882000.0,
        "Total Expenses": 54826000.0,
        "Total Operating Income As Reported": -44535000.0,
        "Diluted Average Shares": 14061600.0,
        "Basic Average Shares": 14061600.0,
        "Diluted EPS": -3.6,
        "Basic EPS": -3.6,
        "Diluted NI Availto Com Stockholders": -50882000.0,
        "Net Income Common Stockholders": -50882000.0,
        "Net Income": -50882000.0,
        "Net Income Including Noncontrolling Interests": -50882000.0,
        "Net Income Continuous Operations": -50882000.0,
        "Earnings From Equity Interest Net Of Tax": -4461000.0,
        "Tax Provision": 52000.0,
        "Pretax Income": -46369000.0,
        "Other Income Expense": 97000.0,
        "Other Non Operating Income Expenses": 266000.0,
        "Special Income Charges": -169000.0,
        "Impairment Of Capital Assets": NaN,
        "Restructuring And Mergern Acquisition": 169000.0,
        "Net Non Operating Interest Income Expense": -2100000.0,
        "Interest Expense Non Operating": 4974000.0,
        "Interest Income Non Operating": 2874000.0,
        "Operating Income": -44366000.0,
        "Operating Expense": 54826000.0,
        "Research And Development": 30480000.0,
        "Selling General And Administration": 24346000.0,
        "General And Administrative Expense": 24346000.0,
        "Other Gand A": 24346000.0,
        "Gross Profit": 10460000.0,
        "Cost Of Revenue": 0.0,
        "Total Revenue": 10460000.0,
        "Operating Revenue": 10460000.0
    },
    "2025-06-30": {
        "Tax Effect Of Unusual Items": -2133.164107,
        "Tax Rate For Calcs": 0.004772,
        "Normalized EBITDA": -33340000.0,
        "Total Unusual Items": -447000.0,
        "Total Unusual Items Excluding Goodwill": -447000.0,
        "Net Income From Continuing Operation Net Minority Interest": -41593000.0,
        "Reconciled Depreciation": 214000.0,
        "Reconciled Cost Of Revenue": 0.0,
        "EBITDA": -33787000.0,
        "EBIT": -34001000.0,
        "Net Interest Income": -3425000.0,
        "Interest Expense": 5394000.0,
        "Interest Income": 1969000.0,
        "Normalized Income": -41148133.164107,
        "Net Income From Continuing And Discontinued Operation": -41593000.0,
        "Total Expenses": 46958000.0,
        "Total Operating Income As Reported": -36230000.0,
        "Diluted Average Shares": 14087307.0,
        "Basic Average Shares": 14087307.0,
        "Diluted EPS": -2.95,
        "Basic EPS": -2.95,
        "Diluted NI Availto Com Stockholders": -41593000.0,
        "Net Income Common Stockholders": -41593000.0,
        "Net Income": -41593000.0,
        "Net Income Including Noncontrolling Interests": -41593000.0,
        "Net Income Continuous Operations": -41593000.0,
        "Earnings From Equity Interest Net Of Tax": -2386000.0,
        "Tax Provision": -188000.0,
        "Pretax Income": -39395000.0,
        "Other Income Expense": -187000.0,
        "Other Non Operating Income Expenses": 260000.0,
        "Special Income Charges": -447000.0,
        "Impairment Of Capital Assets": 0.0,
        "Restructuring And Mergern Acquisition": 447000.0,
        "Net Non Operating Interest Income Expense": -3425000.0,
        "Interest Expense Non Operating": 5394000.0,
        "Interest Income Non Operating": 1969000.0,
        "Operating Income": -35783000.0,
        "Operating Expense": 46958000.0,
        "Research And Development": 29886000.0,
        "Selling General And Administration": 17072000.0,
        "General And Administrative Expense": 17072000.0,
        "Other Gand A": 17072000.0,
        "Gross Profit": 11175000.0,
        "Cost Of Revenue": 0.0,
        "Total Revenue": 11175000.0,
        "Operating Revenue": 11175000.0
    },
    "2025-09-30": {
        "Tax Effect Of Unusual Items": -131.920847,
        "Tax Rate For Calcs": 0.000942,
        "Normalized EBITDA": -28638000.0,
        "Total Unusual Items": -140000.0,
        "Total Unusual Items Excluding Goodwill": -140000.0,
        "Net Income From Continuing Operation Net Minority Interest": -35522000.0,
        "Reconciled Depreciation": 196000.0,
        "Reconciled Cost Of Revenue": 0.0,
        "EBITDA": -28778000.0,
        "EBIT": -28974000.0,
        "Net Interest Income": -3228000.0,
        "Interest Expense": 6047000.0,
        "Interest Income": 2819000.0,
        "Normalized Income": -35382131.920847,
        "Net Income From Continuing And Discontinued Operation": -35522000.0,
        "Total Expenses": 43322000.0,
        "Total Operating Income As Reported": -31672000.0,
        "Diluted Average Shares": 18946559.0,
        "Basic Average Shares": 18946559.0,
        "Diluted EPS": 1.87,
        "Basic EPS": 1.87,
        "Diluted NI Availto Com Stockholders": -35522000.0,
        "Net Income Common Stockholders": -35522000.0,
        "Net Income": -35522000.0,
        "Net Income Including Noncontrolling Interests": -35522000.0,
        "Net Income Continuous Operations": -35522000.0,
        "Earnings From Equity Interest Net Of Tax": -534000.0,
        "Tax Provision": -33000.0,
        "Pretax Income": -35021000.0,
        "Other Income Expense": -261000.0,
        "Other Non Operating Income Expenses": -121000.0,
        "Special Income Charges": -140000.0,
        "Impairment Of Capital Assets": 0.0,
        "Restructuring And Mergern Acquisition": 140000.0,
        "Net Non Operating Interest Income Expense": -3228000.0,
        "Interest Expense Non Operating": 6047000.0,
        "Interest Income Non Operating": 2819000.0,
        "Operating Income": -31532000.0,
        "Operating Expense": 43322000.0,
        "Research And Development": 27252000.0,
        "Selling General And Administration": 16070000.0,
        "General And Administrative Expense": 16070000.0,
        "Other Gand A": 16070000.0,
        "Gross Profit": 11790000.0,
        "Cost Of Revenue": 0.0,
        "Total Revenue": 11790000.0,
        "Operating Revenue": 11790000.0
    }
}