{
    "2023-03-31": {
        "Tax Effect Of Unusual Items": 0.0,
        "Tax Rate For Calcs": 0.226,
        "Net Income From Continuing Operation Net Minority Interest": 74458000.0,
        "Reconciled Depreciation": 2798000.0,
        "EBIT": 104212000.0,
        "Net Interest Income": -8039000.0,
        "Interest Expense": 8039000.0,
        "Normalized Income": 74458000.0,
        "Net Income From Continuing And Discontinued Operation": 74458000.0,
        "Total Expenses": 40606000.0,
        "Diluted Average Shares": 84840000.0,
        "Basic Average Shares": 83600000.0,
        "Diluted EPS": 0.88,
        "Basic EPS": 0.89,
        "Diluted NI Availto Com Stockholders": 74458000.0,
        "Average Dilution Earnings": NaN,
        "Net Income Common Stockholders": 74458000.0,
        "Net Income": 74458000.0,
        "Net Income Including Noncontrolling Interests": 74458000.0,
        "Net Income Continuous Operations": 74458000.0,
        "Tax Provision": 21715000.0,
        "Pretax Income": 96173000.0,
        "Other Income Expense": 164000.0,
        "Net Non Operating Interest Income Expense": -8039000.0,
        "Interest Expense Non Operating": 8039000.0,
        "Total Revenue": 136779000.0,
        "Operating Revenue": 136779000.0,
        "Loss Adjustment Expense": 6701000.0,
        "Net Policyholder Benefits And Claims": 6701000.0
    },
    "2022-12-31": {
        "Tax Effect Of Unusual Items": NaN,
        "Tax Rate For Calcs": NaN,
        "Net Income From Continuing Operation Net Minority Interest": NaN,
        "Reconciled Depreciation": NaN,
        "EBIT": NaN,
        "Net Interest Income": NaN,
        "Interest Expense": NaN,
        "Interest Income": NaN,
        "Normalized Income": NaN,
        "Net Income From Continuing And Discontinued Operation": NaN,
        "Total Expenses": NaN,
        "Diluted Average Shares": NaN,
        "Basic Average Shares": NaN,
        "Diluted EPS": NaN,
        "Basic EPS": NaN,
        "Diluted NI Availto Com Stockholders": NaN,
        "Average Dilution Earnings": 0.0,
        "Net Income Common Stockholders": NaN,
        "Net Income": NaN,
        "Net Income Including Noncontrolling Interests": NaN,
        "Net Income Continuous Operations": NaN,
        "Tax Provision": NaN,
        "Pretax Income": NaN,
        "Other Income Expense": NaN,
        "Net Non Operating Interest Income Expense": NaN,
        "Interest Expense Non Operating": NaN,
        "Total Revenue": NaN,
        "Operating Revenue": NaN,
        "Loss Adjustment Expense": NaN,
        "Net Policyholder Benefits And Claims": NaN
    },
    "2022-09-30": {
        "Tax Effect Of Unusual Items": NaN,
        "Tax Rate For Calcs": NaN,
        "Net Income From Continuing Operation Net Minority Interest": NaN,
        "Reconciled Depreciation": NaN,
        "EBIT": NaN,
        "Net Interest Income": NaN,
        "Interest Expense": NaN,
        "Normalized Income": NaN,
        "Net Income From Continuing And Discontinued Operation": NaN,
        "Total Expenses": NaN,
        "Diluted Average Shares": NaN,
        "Basic Average Shares": NaN,
        "Diluted EPS": NaN,
        "Basic EPS": NaN,
        "Diluted NI Availto Com Stockholders": NaN,
        "Average Dilution Earnings": 0.0,
        "Net Income Common Stockholders": NaN,
        "Net Income": NaN,
        "Net Income Including Noncontrolling Interests": NaN,
        "Net Income Continuous Operations": NaN,
        "Tax Provision": NaN,
        "Pretax Income": NaN,
        "Other Income Expense": NaN,
        "Net Non Operating Interest Income Expense": NaN,
        "Interest Expense Non Operating": NaN,
        "Total Revenue": NaN,
        "Operating Revenue": NaN
    },
    "2022-06-30": {
        "Tax Effect Of Unusual Items": 0.0,
        "Tax Rate For Calcs": 0.223739,
        "Net Income From Continuing Operation Net Minority Interest": 75444000.0,
        "Reconciled Depreciation": 2951000.0,
        "EBIT": 105240000.0,
        "Net Interest Income": -8051000.0,
        "Interest Expense": 8051000.0,
        "Normalized Income": 75444000.0,
        "Net Income From Continuing And Discontinued Operation": 75444000.0,
        "Total Expenses": 36051000.0,
        "Diluted Average Shares": 86577000.0,
        "Basic Average Shares": 85734000.0,
        "Diluted EPS": 0.86,
        "Basic EPS": 0.88,
        "Diluted NI Availto Com Stockholders": 75444000.0,
        "Average Dilution Earnings": NaN,
        "Net Income Common Stockholders": 75444000.0,
        "Net Income": 75444000.0,
        "Net Income Including Noncontrolling Interests": 75444000.0,
        "Net Income Continuous Operations": 75444000.0,
        "Tax Provision": 21745000.0,
        "Pretax Income": 97189000.0,
        "Other Income Expense": 376000.0,
        "Net Non Operating Interest Income Expense": -8051000.0,
        "Interest Expense Non Operating": 8051000.0,
        "Total Revenue": 133240000.0,
        "Operating Revenue": 133240000.0
    },
    "2023-06-30": {
        "Tax Effect Of Unusual Items": NaN,
        "Tax Rate For Calcs": NaN,
        "Net Income From Continuing Operation Net Minority Interest": NaN,
        "Reconciled Depreciation": NaN,
        "EBIT": NaN,
        "Net Interest Income": NaN,
        "Interest Expense": NaN,
        "Interest Income": 400000.0,
        "Normalized Income": NaN,
        "Net Income From Continuing And Discontinued Operation": NaN,
        "Total Expenses": NaN,
        "Diluted Average Shares": NaN,
        "Basic Average Shares": NaN,
        "Diluted EPS": NaN,
        "Basic EPS": NaN,
        "Diluted NI Availto Com Stockholders": NaN,
        "Average Dilution Earnings": NaN,
        "Net Income Common Stockholders": NaN,
        "Net Income": NaN,
        "Net Income Including Noncontrolling Interests": NaN,
        "Net Income Continuous Operations": NaN,
        "Tax Provision": NaN,
        "Pretax Income": NaN,
        "Other Income Expense": NaN,
        "Net Non Operating Interest Income Expense": NaN,
        "Interest Expense Non Operating": NaN,
        "Total Revenue": NaN,
        "Operating Revenue": NaN,
        "Loss Adjustment Expense": NaN,
        "Net Policyholder Benefits And Claims": NaN
    },
    "2022-03-31": {
        "Diluted EPS": 0.77,
        "Total Revenue": 127,
        "Gross Profit": 128,
        "Operating Income": 87,
        "EBIT": 100,
        "Net Income": 68
    },
    "2021-12-31": {
        "Diluted EPS": 0.7,
        "Total Revenue": 125,
        "Gross Profit": 126,
        "Operating Income": 78,
        "EBIT": 91,
        "Net Income": 61
    },
    "2021-09-30": {
        "Diluted EPS": 0.69,
        "Total Revenue": 124,
        "Gross Profit": 121,
        "Operating Income": 77,
        "EBIT": 90,
        "Net Income": 60
    },
    "2021-06-30": {
        "Diluted EPS": 0.65,
        "Total Revenue": 121,
        "Gross Profit": 116,
        "Operating Income": 74,
        "EBIT": 86,
        "Net Income": 58
    },
    "2021-03-31": {
        "Diluted EPS": 0.61,
        "Total Revenue": 115,
        "Gross Profit": 110,
        "Operating Income": 67,
        "EBIT": 80,
        "Net Income": 53
    },
    "2020-12-31": {
        "Diluted EPS": 0.58,
        "Total Revenue": 110,
        "Gross Profit": 106,
        "Operating Income": 62,
        "EBIT": 74,
        "Net Income": 48
    },
    "2020-09-30": {
        "Diluted EPS": 0.45,
        "Total Revenue": 108,
        "Gross Profit": 92,
        "Operating Income": 49,
        "EBIT": 61,
        "Net Income": 38
    },
    "2020-06-30": {
        "Diluted EPS": 0.36,
        "Total Revenue": 108,
        "Gross Profit": 74,
        "Operating Income": 35,
        "EBIT": 47,
        "Net Income": 27
    },
    "2020-03-31": {
        "Diluted EPS": 0.74,
        "Total Revenue": 108,
        "Gross Profit": 102,
        "Operating Income": 72,
        "EBIT": 78,
        "Net Income": 58
    },
    "2019-12-31": {
        "Diluted EPS": 0.74,
        "Total Revenue": 105,
        "Gross Profit": 101,
        "Operating Income": 63,
        "EBIT": 69,
        "Net Income": 50
    },
    "2019-09-30": {
        "Diluted EPS": 0.69,
        "Total Revenue": 102,
        "Gross Profit": 99,
        "Operating Income": 64,
        "EBIT": 70,
        "Net Income": 50
    },
    "2019-06-30": {
        "Diluted EPS": 0.56,
        "Total Revenue": 91,
        "Gross Profit": 88,
        "Operating Income": 51,
        "EBIT": 57,
        "Net Income": 39
    },
    "2019-03-31": {
        "Diluted EPS": 0.48,
        "Total Revenue": 81,
        "Gross Profit": 78,
        "Operating Income": 39,
        "EBIT": 45,
        "Net Income": 33
    },
    "2018-12-31": {
        "Diluted EPS": 0.53,
        "Total Revenue": 76,
        "Gross Profit": 74,
        "Operating Income": 45,
        "EBIT": 51,
        "Net Income": 36
    },
    "2018-09-30": {
        "Diluted EPS": 0.36,
        "Total Revenue": 72,
        "Gross Profit": 71,
        "Operating Income": 32,
        "EBIT": 37,
        "Net Income": 25
    },
    "2018-06-30": {
        "Diluted EPS": 0.37,
        "Total Revenue": 67,
        "Gross Profit": 67,
        "Operating Income": 32,
        "EBIT": 43,
        "Net Income": 25
    },
    "2018-03-31": {
        "Diluted EPS": 0.34,
        "Total Revenue": 60,
        "Gross Profit": 58,
        "Operating Income": 27,
        "EBIT": 33,
        "Net Income": 22
    },
    "2017-12-31": {
        "Diluted EPS": -0.04,
        "Total Revenue": 55,
        "Gross Profit": 52,
        "Operating Income": 17,
        "EBIT": 23,
        "Net Income": -2
    },
    "2017-09-30": {
        "Diluted EPS": 0.2,
        "Total Revenue": 49,
        "Gross Profit": 48,
        "Operating Income": 19,
        "EBIT": 25,
        "Net Income": 12
    },
    "2017-06-30": {
        "Diluted EPS": 0.1,
        "Total Revenue": 42,
        "Gross Profit": 41,
        "Operating Income": 9,
        "EBIT": 15,
        "Net Income": 6
    },
    "2017-03-31": {
        "Diluted EPS": 0.09,
        "Total Revenue": 37,
        "Gross Profit": 36,
        "Operating Income": 7,
        "EBIT": 12,
        "Net Income": 5
    },
    "2016-12-31": {
        "Diluted EPS": 0.99,
        "Total Revenue": 37,
        "Gross Profit": 36,
        "Operating Income": 7,
        "EBIT": 13,
        "Net Income": 60
    },
    "2016-09-30": {
        "Diluted EPS": 0.1,
        "Total Revenue": 36,
        "Gross Profit": 35,
        "Operating Income": 6,
        "EBIT": 13,
        "Net Income": 6
    },
    "2016-06-30": {
        "Diluted EPS": 0.03,
        "Total Revenue": 29,
        "Gross Profit": 29,
        "Operating Income": 2,
        "EBIT": 8,
        "Net Income": 2
    },
    "2016-03-31": {
        "Diluted EPS": -0.07,
        "Total Revenue": 22,
        "Gross Profit": 22,
        "Operating Income": -4,
        "EBIT": 1,
        "Net Income": -4
    },
    "2015-12-31": {
        "Diluted EPS": -0.08,
        "Total Revenue": 19,
        "Gross Profit": 18,
        "Operating Income": -5,
        "EBIT": -3,
        "Net Income": -5
    },
    "2015-09-30": {
        "Diluted EPS": -0.08,
        "Total Revenue": 15,
        "Gross Profit": 15,
        "Operating Income": -5,
        "EBIT": -4,
        "Net Income": -5
    },
    "2015-06-30": {
        "Diluted EPS": -0.18,
        "Total Revenue": 11,
        "Gross Profit": 11,
        "Operating Income": -10,
        "EBIT": -9,
        "Net Income": -10
    },
    "2015-03-31": {
        "Diluted EPS": -0.13,
        "Total Revenue": 9,
        "Gross Profit": 9,
        "Operating Income": -8,
        "EBIT": -7,
        "Net Income": -8
    },
    "2014-12-31": {
        "Diluted EPS": -0.17,
        "Total Revenue": 5,
        "Gross Profit": 5,
        "Operating Income": -11,
        "EBIT": -9,
        "Net Income": -10
    },
    "2014-09-30": {
        "Diluted EPS": -0.19,
        "Total Revenue": 5,
        "Gross Profit": 5,
        "Operating Income": -11,
        "EBIT": -9,
        "Net Income": -11
    },
    "2014-06-30": {
        "Diluted EPS": -0.22,
        "Total Revenue": 5,
        "Gross Profit": 4,
        "Operating Income": -14,
        "EBIT": -12,
        "Net Income": -13
    },
    "2014-03-31": {
        "Diluted EPS": -0.26,
        "Total Revenue": 4,
        "Gross Profit": 4,
        "Operating Income": -15,
        "EBIT": -13,
        "Net Income": -15
    },
    "2013-12-31": {
        "Diluted EPS": -0.23,
        "Total Revenue": 4,
        "Gross Profit": 4,
        "Operating Income": -13,
        "EBIT": -10,
        "Net Income": -13
    },
    "2013-09-30": {
        "Diluted EPS": -0.25,
        "Total Revenue": 2,
        "Gross Profit": 2,
        "Operating Income": -14,
        "EBIT": -11,
        "Net Income": -14
    },
    "2013-06-30": {
        "Diluted EPS": -0.29,
        "Total Revenue": 1,
        "Gross Profit": 1,
        "Operating Income": -16,
        "EBIT": -14,
        "Net Income": -16
    },
    "2013-03-31": {
        "Diluted EPS": -0.22,
        "Total Revenue": 0,
        "Gross Profit": 0,
        "Operating Income": -12,
        "EBIT": -12,
        "Net Income": -12
    },
    "2012-12-31": {
        "Diluted EPS": 0.0,
        "Total Revenue": NaN,
        "Gross Profit": NaN,
        "Operating Income": NaN,
        "EBIT": NaN,
        "Net Income": NaN
    },
    "2012-09-30": {
        "Diluted EPS": -0.15,
        "Total Revenue": 0,
        "Gross Profit": 0,
        "Operating Income": -8,
        "EBIT": -8,
        "Net Income": -8
    },
    "2012-06-30": {
        "Diluted EPS": -0.15,
        "Total Revenue": NaN,
        "Gross Profit": NaN,
        "Operating Income": -6,
        "EBIT": -5,
        "Net Income": -6
    },
    "2011-12-31": {
        "Diluted EPS": 0.0,
        "Total Revenue": NaN,
        "Gross Profit": NaN,
        "Operating Income": NaN,
        "EBIT": NaN,
        "Net Income": NaN
    },
    "2023-09-30": {
        "Tax Effect Of Unusual Items": NaN,
        "Tax Rate For Calcs": NaN,
        "Net Income From Continuing Operation Net Minority Interest": NaN,
        "Reconciled Depreciation": NaN,
        "EBIT": NaN,
        "Net Interest Income": NaN,
        "Interest Expense": NaN,
        "Interest Income": NaN,
        "Normalized Income": NaN,
        "Net Income From Continuing And Discontinued Operation": NaN,
        "Total Expenses": NaN,
        "Diluted Average Shares": NaN,
        "Basic Average Shares": NaN,
        "Diluted EPS": NaN,
        "Basic EPS": NaN,
        "Diluted NI Availto Com Stockholders": NaN,
        "Average Dilution Earnings": 0.0,
        "Net Income Common Stockholders": NaN,
        "Net Income": NaN,
        "Net Income Including Noncontrolling Interests": NaN,
        "Net Income Continuous Operations": NaN,
        "Tax Provision": NaN,
        "Pretax Income": NaN,
        "Other Income Expense": NaN,
        "Net Non Operating Interest Income Expense": NaN,
        "Interest Expense Non Operating": NaN,
        "Total Revenue": NaN,
        "Operating Revenue": NaN,
        "Loss Adjustment Expense": NaN,
        "Net Policyholder Benefits And Claims": NaN
    },
    "2023-12-31": {
        "Tax Effect Of Unusual Items": NaN,
        "Tax Rate For Calcs": NaN,
        "Net Income From Continuing Operation Net Minority Interest": NaN,
        "Reconciled Depreciation": NaN,
        "EBIT": NaN,
        "Net Interest Income": NaN,
        "Interest Expense": NaN,
        "Interest Income": NaN,
        "Normalized Income": NaN,
        "Net Income From Continuing And Discontinued Operation": NaN,
        "Total Expenses": NaN,
        "Diluted Average Shares": 82685000.0,
        "Basic Average Shares": 81005000.0,
        "Diluted EPS": 1.01,
        "Basic EPS": 1.03,
        "Diluted NI Availto Com Stockholders": NaN,
        "Average Dilution Earnings": 0.0,
        "Net Income Common Stockholders": NaN,
        "Net Income": NaN,
        "Net Income Including Noncontrolling Interests": NaN,
        "Net Income Continuous Operations": NaN,
        "Tax Provision": NaN,
        "Pretax Income": NaN,
        "Other Income Expense": NaN,
        "Net Non Operating Interest Income Expense": NaN,
        "Interest Expense Non Operating": NaN,
        "Total Revenue": NaN,
        "Operating Revenue": NaN,
        "Loss Adjustment Expense": NaN,
        "Net Policyholder Benefits And Claims": NaN
    },
    "2024-03-31": {
        "Tax Effect Of Unusual Items": 0.0,
        "Tax Rate For Calcs": 0.223,
        "Net Income From Continuing Operation Net Minority Interest": 89050000.0,
        "Reconciled Depreciation": 2996000.0,
        "EBIT": 122607000.0,
        "Net Interest Income": -8040000.0,
        "Interest Expense": 8040000.0,
        "Interest Income": NaN,
        "Normalized Income": 89050000.0,
        "Net Income From Continuing And Discontinued Operation": 89050000.0,
        "Total Expenses": 41686000.0,
        "Diluted Average Shares": 82099000.0,
        "Basic Average Shares": 80726000.0,
        "Diluted EPS": 1.08,
        "Basic EPS": 1.1,
        "Diluted NI Availto Com Stockholders": 89050000.0,
        "Average Dilution Earnings": NaN,
        "Net Income Common Stockholders": 89050000.0,
        "Net Income": 89050000.0,
        "Net Income Including Noncontrolling Interests": 89050000.0,
        "Net Income Continuous Operations": 89050000.0,
        "Tax Provision": 25517000.0,
        "Pretax Income": 114567000.0,
        "Other Income Expense": 160000.0,
        "Net Non Operating Interest Income Expense": -8040000.0,
        "Interest Expense Non Operating": 8040000.0,
        "Total Revenue": 156253000.0,
        "Operating Revenue": 156253000.0,
        "Loss Adjustment Expense": 3694000.0,
        "Net Policyholder Benefits And Claims": 3694000.0
    },
    "2024-06-30": {
        "Tax Effect Of Unusual Items": 0.0,
        "Tax Rate For Calcs": 0.224,
        "Net Income From Continuing Operation Net Minority Interest": 92079000.0,
        "Reconciled Depreciation": 2994000.0,
        "EBIT": 133322000.0,
        "Net Interest Income": -14678000.0,
        "Interest Expense": 14678000.0,
        "Interest Income": 1800000.0,
        "Normalized Income": 92079000.0,
        "Net Income From Continuing And Discontinued Operation": 92079000.0,
        "Total Expenses": 43478000.0,
        "Diluted Average Shares": 81300000.0,
        "Basic Average Shares": 80117000.0,
        "Diluted EPS": 1.13,
        "Basic EPS": 1.15,
        "Diluted NI Availto Com Stockholders": 92079000.0,
        "Average Dilution Earnings": NaN,
        "Net Income Common Stockholders": 92079000.0,
        "Net Income": 92079000.0,
        "Net Income Including Noncontrolling Interests": 92079000.0,
        "Net Income Continuous Operations": 92079000.0,
        "Tax Provision": 26565000.0,
        "Pretax Income": 118644000.0,
        "Other Income Expense": 266000.0,
        "Net Non Operating Interest Income Expense": -14678000.0,
        "Interest Expense Non Operating": 14678000.0,
        "Total Revenue": 162122000.0,
        "Operating Revenue": 162122000.0,
        "Loss Adjustment Expense": 276000.0,
        "Net Policyholder Benefits And Claims": 276000.0
    },
    "2024-09-30": {
        "Tax Effect Of Unusual Items": 0.0,
        "Tax Rate For Calcs": 0.222,
        "Net Income From Continuing Operation Net Minority Interest": 92810000.0,
        "Reconciled Depreciation": 2980000.0,
        "EBIT": 126403000.0,
        "Net Interest Income": -7076000.0,
        "Interest Expense": 7076000.0,
        "Interest Income": NaN,
        "Normalized Income": 92810000.0,
        "Net Income From Continuing And Discontinued Operation": 92810000.0,
        "Total Expenses": 46765000.0,
        "Diluted Average Shares": 81045000.0,
        "Basic Average Shares": 79549000.0,
        "Diluted EPS": 1.15,
        "Basic EPS": 1.17,
        "Diluted NI Availto Com Stockholders": 92810000.0,
        "Average Dilution Earnings": NaN,
        "Net Income Common Stockholders": 92810000.0,
        "Net Income": 92810000.0,
        "Net Income Including Noncontrolling Interests": 92810000.0,
        "Net Income Continuous Operations": 92810000.0,
        "Tax Provision": 26517000.0,
        "Pretax Income": 119327000.0,
        "Other Income Expense": 285000.0,
        "Net Non Operating Interest Income Expense": -7076000.0,
        "Interest Expense Non Operating": 7076000.0,
        "Total Revenue": 166092000.0,
        "Operating Revenue": 166092000.0,
        "Loss Adjustment Expense": 10321000.0,
        "Net Policyholder Benefits And Claims": 10321000.0
    },
    "2024-12-31": {
        "Tax Effect Of Unusual Items": 0.0,
        "Tax Rate For Calcs": 0.222832,
        "Net Income From Continuing Operation Net Minority Interest": 86167000.0,
        "Reconciled Depreciation": 2966000.0,
        "EBIT": 117975000.0,
        "Net Interest Income": -7102000.0,
        "Interest Expense": 7102000.0,
        "Interest Income": NaN,
        "Normalized Income": 86167000.0,
        "Net Income From Continuing And Discontinued Operation": 86167000.0,
        "Total Expenses": 55631000.0,
        "Diluted Average Shares": 80623000.0,
        "Basic Average Shares": 78997000.0,
        "Diluted EPS": 1.07,
        "Basic EPS": 1.09,
        "Diluted NI Availto Com Stockholders": 86167000.0,
        "Average Dilution Earnings": NaN,
        "Net Income Common Stockholders": 86167000.0,
        "Net Income": 86167000.0,
        "Net Income Including Noncontrolling Interests": 86167000.0,
        "Net Income Continuous Operations": 86167000.0,
        "Tax Provision": 24706000.0,
        "Pretax Income": 110873000.0,
        "Other Income Expense": 233000.0,
        "Net Non Operating Interest Income Expense": -7102000.0,
        "Interest Expense Non Operating": 7102000.0,
        "Total Revenue": 166504000.0,
        "Operating Revenue": 166504000.0,
        "Loss Adjustment Expense": 17253000.0,
        "Net Policyholder Benefits And Claims": 17253000.0
    },
    "2025-03-31": {
        "Tax Effect Of Unusual Items": 0.0,
        "Tax Rate For Calcs": 0.219318,
        "Net Income From Continuing Operation Net Minority Interest": 102559000.0,
        "Reconciled Depreciation": 2888000.0,
        "EBIT": 138477000.0,
        "Net Interest Income": -7106000.0,
        "Interest Expense": 7106000.0,
        "Interest Income": NaN,
        "Normalized Income": 102559000.0,
        "Net Income From Continuing And Discontinued Operation": 102559000.0,
        "Total Expenses": 41875000.0,
        "Diluted Average Shares": NaN,
        "Basic Average Shares": NaN,
        "Diluted EPS": NaN,
        "Basic EPS": NaN,
        "Diluted NI Availto Com Stockholders": 102559000.0,
        "Average Dilution Earnings": NaN,
        "Net Income Common Stockholders": 102559000.0,
        "Net Income": 102559000.0,
        "Net Income Including Noncontrolling Interests": 102559000.0,
        "Net Income Continuous Operations": 102559000.0,
        "Tax Provision": 28812000.0,
        "Pretax Income": 131371000.0,
        "Other Income Expense": 170000.0,
        "Net Non Operating Interest Income Expense": -7106000.0,
        "Interest Expense Non Operating": 7106000.0,
        "Total Revenue": 173246000.0,
        "Operating Revenue": 173246000.0,
        "Loss Adjustment Expense": 4478000.0,
        "Net Policyholder Benefits And Claims": 4478000.0
    }
}