{
    "2023-03-31": {
        "Tax Effect Of Unusual Items": 98280.0,
        "Tax Rate For Calcs": 0.21,
        "Normalized EBITDA": 6296000.0,
        "Total Unusual Items": 468000.0,
        "Total Unusual Items Excluding Goodwill": 468000.0,
        "Net Income From Continuing Operation Net Minority Interest": -10175000.0,
        "Reconciled Depreciation": 11516000.0,
        "Reconciled Cost Of Revenue": 108421000.0,
        "EBITDA": 6764000.0,
        "EBIT": -4752000.0,
        "Net Interest Income": -4756000.0,
        "Interest Expense": 4403000.0,
        "Normalized Income": -10544720.0,
        "Net Income From Continuing And Discontinued Operation": -10175000.0,
        "Total Expenses": 134163000.0,
        "Total Operating Income As Reported": -7075000.0,
        "Diluted Average Shares": 45309000.0,
        "Basic Average Shares": 45309000.0,
        "Diluted EPS": -0.29,
        "Basic EPS": -0.29,
        "Diluted NI Availto Com Stockholders": -13226000.0,
        "Net Income Common Stockholders": -13226000.0,
        "Preferred Stock Dividends": 3051000.0,
        "Net Income": -10175000.0,
        "Net Income Including Noncontrolling Interests": -10175000.0,
        "Net Income Continuous Operations": -10175000.0,
        "Earnings From Equity Interest Net Of Tax": 281000.0,
        "Tax Provision": 1301000.0,
        "Pretax Income": -9155000.0,
        "Other Income Expense": 2676000.0,
        "Other Non Operating Income Expenses": 2208000.0,
        "Special Income Charges": NaN,
        "Gain On Sale Of Security": 468000.0,
        "Net Non Operating Interest Income Expense": -4756000.0,
        "Total Other Finance Cost": 353000.0,
        "Interest Expense Non Operating": 4403000.0,
        "Operating Income": -7075000.0,
        "Operating Expense": 25742000.0,
        "Other Operating Expenses": 1061000.0,
        "Depreciation Amortization Depletion Income Statement": 11516000.0,
        "Depreciation And Amortization In Income Statement": 11516000.0,
        "Selling General And Administration": 13165000.0,
        "Gross Profit": 18667000.0,
        "Cost Of Revenue": 108421000.0,
        "Total Revenue": 127088000.0,
        "Operating Revenue": 114010000.0
    },
    "2022-12-31": {
        "Tax Effect Of Unusual Items": NaN,
        "Tax Rate For Calcs": NaN,
        "Normalized EBITDA": NaN,
        "Total Unusual Items": NaN,
        "Total Unusual Items Excluding Goodwill": NaN,
        "Net Income From Continuing Operation Net Minority Interest": NaN,
        "Reconciled Depreciation": NaN,
        "Reconciled Cost Of Revenue": NaN,
        "EBITDA": NaN,
        "EBIT": NaN,
        "Net Interest Income": NaN,
        "Interest Expense": NaN,
        "Normalized Income": NaN,
        "Net Income From Continuing And Discontinued Operation": NaN,
        "Total Expenses": NaN,
        "Total Operating Income As Reported": NaN,
        "Diluted Average Shares": NaN,
        "Basic Average Shares": NaN,
        "Diluted EPS": NaN,
        "Basic EPS": NaN,
        "Diluted NI Availto Com Stockholders": NaN,
        "Net Income Common Stockholders": NaN,
        "Preferred Stock Dividends": NaN,
        "Net Income": NaN,
        "Net Income Including Noncontrolling Interests": NaN,
        "Net Income Continuous Operations": NaN,
        "Earnings From Equity Interest Net Of Tax": NaN,
        "Tax Provision": NaN,
        "Pretax Income": NaN,
        "Other Income Expense": NaN,
        "Other Non Operating Income Expenses": NaN,
        "Special Income Charges": 0.0,
        "Gain On Sale Of Security": NaN,
        "Net Non Operating Interest Income Expense": NaN,
        "Total Other Finance Cost": NaN,
        "Interest Expense Non Operating": NaN,
        "Operating Income": NaN,
        "Operating Expense": NaN,
        "Other Operating Expenses": NaN,
        "Depreciation Amortization Depletion Income Statement": NaN,
        "Depreciation And Amortization In Income Statement": NaN,
        "Selling General And Administration": NaN,
        "Gross Profit": NaN,
        "Cost Of Revenue": NaN,
        "Total Revenue": NaN,
        "Operating Revenue": NaN
    },
    "2022-09-30": {
        "Tax Effect Of Unusual Items": NaN,
        "Tax Rate For Calcs": NaN,
        "Normalized EBITDA": NaN,
        "Total Unusual Items": NaN,
        "Total Unusual Items Excluding Goodwill": NaN,
        "Net Income From Continuing Operation Net Minority Interest": NaN,
        "Reconciled Depreciation": NaN,
        "Reconciled Cost Of Revenue": NaN,
        "EBITDA": NaN,
        "EBIT": NaN,
        "Net Interest Income": NaN,
        "Interest Expense": NaN,
        "Normalized Income": NaN,
        "Net Income From Continuing And Discontinued Operation": NaN,
        "Total Expenses": NaN,
        "Total Operating Income As Reported": NaN,
        "Diluted Average Shares": NaN,
        "Basic Average Shares": NaN,
        "Diluted EPS": NaN,
        "Basic EPS": NaN,
        "Diluted NI Availto Com Stockholders": NaN,
        "Net Income Common Stockholders": NaN,
        "Preferred Stock Dividends": NaN,
        "Net Income": NaN,
        "Net Income Including Noncontrolling Interests": NaN,
        "Net Income Continuous Operations": NaN,
        "Earnings From Equity Interest Net Of Tax": NaN,
        "Tax Provision": NaN,
        "Pretax Income": NaN,
        "Other Income Expense": NaN,
        "Other Non Operating Income Expenses": NaN,
        "Special Income Charges": 0.0,
        "Gain On Sale Of Security": NaN,
        "Net Non Operating Interest Income Expense": NaN,
        "Total Other Finance Cost": NaN,
        "Interest Expense Non Operating": NaN,
        "Operating Income": NaN,
        "Operating Expense": NaN,
        "Other Operating Expenses": NaN,
        "Depreciation Amortization Depletion Income Statement": NaN,
        "Depreciation And Amortization In Income Statement": NaN,
        "Selling General And Administration": NaN,
        "Gross Profit": NaN,
        "Cost Of Revenue": NaN,
        "Total Revenue": NaN,
        "Operating Revenue": NaN
    },
    "2022-06-30": {
        "Tax Effect Of Unusual Items": -15200.0,
        "Tax Rate For Calcs": 0.4,
        "Normalized EBITDA": 6563000.0,
        "Total Unusual Items": -38000.0,
        "Total Unusual Items Excluding Goodwill": -38000.0,
        "Net Income From Continuing Operation Net Minority Interest": -8567000.0,
        "Reconciled Depreciation": 11340000.0,
        "Reconciled Cost Of Revenue": 103889000.0,
        "EBITDA": 6525000.0,
        "EBIT": -4815000.0,
        "Net Interest Income": -3450000.0,
        "Interest Expense": 3120000.0,
        "Normalized Income": -8544200.0,
        "Net Income From Continuing And Discontinued Operation": -8567000.0,
        "Total Expenses": 129876000.0,
        "Total Operating Income As Reported": -4514000.0,
        "Diluted Average Shares": 44708000.0,
        "Basic Average Shares": 44708000.0,
        "Diluted EPS": -0.25,
        "Basic EPS": -0.25,
        "Diluted NI Availto Com Stockholders": -11225000.0,
        "Net Income Common Stockholders": -11225000.0,
        "Preferred Stock Dividends": 2658000.0,
        "Net Income": -8567000.0,
        "Net Income Including Noncontrolling Interests": -8567000.0,
        "Net Income Discontinuous Operations": NaN,
        "Net Income Continuous Operations": -8567000.0,
        "Earnings From Equity Interest Net Of Tax": 419000.0,
        "Tax Provision": 1051000.0,
        "Pretax Income": -7935000.0,
        "Other Income Expense": 29000.0,
        "Other Non Operating Income Expenses": 67000.0,
        "Special Income Charges": 0.0,
        "Gain On Sale Of Security": -38000.0,
        "Net Non Operating Interest Income Expense": -3450000.0,
        "Total Other Finance Cost": 330000.0,
        "Interest Expense Non Operating": 3120000.0,
        "Operating Income": -4514000.0,
        "Operating Expense": 25987000.0,
        "Other Operating Expenses": -147000.0,
        "Depreciation Amortization Depletion Income Statement": 11340000.0,
        "Depreciation And Amortization In Income Statement": 11340000.0,
        "Selling General And Administration": 14794000.0,
        "Gross Profit": 21473000.0,
        "Cost Of Revenue": 103889000.0,
        "Total Revenue": 125362000.0,
        "Operating Revenue": 125362000.0
    },
    "2022-03-31": {
        "Diluted EPS": -0.13,
        "Total Revenue": 128,
        "Gross Profit": 23,
        "Operating Income": -3,
        "EBIT": 8,
        "Net Income": -6
    },
    "2021-12-31": {
        "Diluted EPS": -0.03,
        "Total Revenue": 110,
        "Gross Profit": 19,
        "Operating Income": -4,
        "EBIT": 8,
        "Net Income": 20
    },
    "2021-09-30": {
        "Diluted EPS": -0.13,
        "Total Revenue": 117,
        "Gross Profit": 19,
        "Operating Income": -5,
        "EBIT": 7,
        "Net Income": -6
    },
    "2021-06-30": {
        "Diluted EPS": -0.17,
        "Total Revenue": 123,
        "Gross Profit": 23,
        "Operating Income": -2,
        "EBIT": 10,
        "Net Income": -8
    },
    "2021-03-31": {
        "Diluted EPS": -0.46,
        "Total Revenue": 127,
        "Gross Profit": 27,
        "Operating Income": 1,
        "EBIT": 13,
        "Net Income": -19
    },
    "2020-12-31": {
        "Diluted EPS": 3.41,
        "Total Revenue": 119,
        "Gross Profit": 25,
        "Operating Income": -1,
        "EBIT": 21,
        "Net Income": 147
    },
    "2020-09-30": {
        "Diluted EPS": 0.45,
        "Total Revenue": 114,
        "Gross Profit": 24,
        "Operating Income": -1,
        "EBIT": 24,
        "Net Income": 22
    },
    "2020-06-30": {
        "Diluted EPS": -0.59,
        "Total Revenue": 79,
        "Gross Profit": 13,
        "Operating Income": -11,
        "EBIT": 14,
        "Net Income": -25
    },
    "2020-03-31": {
        "Diluted EPS": -5.96,
        "Total Revenue": 116,
        "Gross Profit": 22,
        "Operating Income": -104,
        "EBIT": -79,
        "Net Income": -251
    },
    "2019-12-31": {
        "Diluted EPS": -0.35,
        "Total Revenue": 111,
        "Gross Profit": 19,
        "Operating Income": -10,
        "EBIT": 14,
        "Net Income": -14
    },
    "2019-09-30": {
        "Diluted EPS": -0.14,
        "Total Revenue": 120,
        "Gross Profit": 24,
        "Operating Income": -2,
        "EBIT": 22,
        "Net Income": -6
    },
    "2019-06-30": {
        "Diluted EPS": -0.17,
        "Total Revenue": 222,
        "Gross Profit": 58,
        "Operating Income": 8,
        "EBIT": 32,
        "Net Income": -7
    },
    "2019-03-31": {
        "Diluted EPS": -0.47,
        "Total Revenue": 213,
        "Gross Profit": 51,
        "Operating Income": 0,
        "EBIT": 24,
        "Net Income": -20
    },
    "2018-12-31": {
        "Diluted EPS": -6.71,
        "Total Revenue": -47,
        "Gross Profit": -29,
        "Operating Income": -204,
        "EBIT": -184,
        "Net Income": -219
    },
    "2018-09-30": {
        "Diluted EPS": -0.48,
        "Total Revenue": 206,
        "Gross Profit": 49,
        "Operating Income": 6,
        "EBIT": 28,
        "Net Income": -14
    },
    "2018-06-30": {
        "Diluted EPS": -0.89,
        "Total Revenue": 196,
        "Gross Profit": 48,
        "Operating Income": 0,
        "EBIT": 17,
        "Net Income": -25
    },
    "2018-03-31": {
        "Diluted EPS": -0.22,
        "Total Revenue": 169,
        "Gross Profit": 43,
        "Operating Income": 4,
        "EBIT": 19,
        "Net Income": -6
    },
    "2017-12-31": {
        "Diluted EPS": 1.78,
        "Total Revenue": 156,
        "Gross Profit": 36,
        "Operating Income": 0,
        "EBIT": 14,
        "Net Income": 50
    },
    "2017-09-30": {
        "Diluted EPS": 4.57,
        "Total Revenue": 148,
        "Gross Profit": 37,
        "Operating Income": 6,
        "EBIT": 22,
        "Net Income": 126
    },
    "2017-06-30": {
        "Diluted EPS": -0.77,
        "Total Revenue": 158,
        "Gross Profit": 43,
        "Operating Income": 13,
        "EBIT": 30,
        "Net Income": -21
    },
    "2017-03-31": {
        "Diluted EPS": 0.27,
        "Total Revenue": 158,
        "Gross Profit": 43,
        "Operating Income": 14,
        "EBIT": 31,
        "Net Income": 7
    },
    "2016-12-31": {
        "Diluted EPS": 0.06,
        "Total Revenue": 12,
        "Gross Profit": 7,
        "Operating Income": -7,
        "EBIT": 9,
        "Net Income": 1
    },
    "2016-09-30": {
        "Diluted EPS": 0.16,
        "Total Revenue": 147,
        "Gross Profit": 40,
        "Operating Income": 13,
        "EBIT": 29,
        "Net Income": 4
    },
    "2016-06-30": {
        "Diluted EPS": 0.08,
        "Total Revenue": 214,
        "Gross Profit": 57,
        "Operating Income": 17,
        "EBIT": 34,
        "Net Income": 2
    },
    "2016-03-31": {
        "Diluted EPS": -0.05,
        "Total Revenue": 212,
        "Gross Profit": 52,
        "Operating Income": 12,
        "EBIT": 30,
        "Net Income": -1
    },
    "2015-12-31": {
        "Diluted EPS": -1.15,
        "Total Revenue": -78,
        "Gross Profit": -20,
        "Operating Income": -38,
        "EBIT": -19,
        "Net Income": -24
    },
    "2015-09-30": {
        "Diluted EPS": 0.17,
        "Total Revenue": 155,
        "Gross Profit": 35,
        "Operating Income": 10,
        "EBIT": 19,
        "Net Income": 5
    },
    "2015-06-30": {
        "Diluted EPS": 0.36,
        "Total Revenue": 165,
        "Gross Profit": 36,
        "Operating Income": 14,
        "EBIT": 23,
        "Net Income": 7
    },
    "2015-03-31": {
        "Diluted EPS": 0.31,
        "Total Revenue": 164,
        "Gross Profit": 34,
        "Operating Income": 14,
        "EBIT": 23,
        "Net Income": 6
    },
    "2014-12-31": {
        "Diluted EPS": 0.08,
        "Total Revenue": 154,
        "Gross Profit": 34,
        "Operating Income": 9,
        "EBIT": 17,
        "Net Income": 2
    },
    "2014-09-30": {
        "Diluted EPS": -0.21,
        "Total Revenue": 126,
        "Gross Profit": 25,
        "Operating Income": 3,
        "EBIT": 9,
        "Net Income": -4
    },
    "2014-06-30": {
        "Diluted EPS": 0.29,
        "Total Revenue": 107,
        "Gross Profit": 22,
        "Operating Income": 8,
        "EBIT": 12,
        "Net Income": 5
    },
    "2014-03-31": {
        "Diluted EPS": 0.29,
        "Total Revenue": 103,
        "Gross Profit": 22,
        "Operating Income": 8,
        "EBIT": 12,
        "Net Income": 5
    },
    "2013-12-31": {
        "Diluted EPS": 0.26,
        "Total Revenue": 90,
        "Gross Profit": 18,
        "Operating Income": 6,
        "EBIT": 11,
        "Net Income": 4
    },
    "2013-09-30": {
        "Diluted EPS": 0.29,
        "Total Revenue": 93,
        "Gross Profit": 20,
        "Operating Income": 8,
        "EBIT": 12,
        "Net Income": 5
    },
    "2013-06-30": {
        "Diluted EPS": 0.28,
        "Total Revenue": 96,
        "Gross Profit": 21,
        "Operating Income": 8,
        "EBIT": 12,
        "Net Income": 5
    },
    "2013-03-31": {
        "Diluted EPS": 0.17,
        "Total Revenue": 94,
        "Gross Profit": 19,
        "Operating Income": 6,
        "EBIT": 10,
        "Net Income": 3
    },
    "2012-12-31": {
        "Diluted EPS": 0.48,
        "Total Revenue": 80,
        "Gross Profit": 15,
        "Operating Income": 2,
        "EBIT": 6,
        "Net Income": 8
    },
    "2012-09-30": {
        "Diluted EPS": 0.18,
        "Total Revenue": 87,
        "Gross Profit": 18,
        "Operating Income": 6,
        "EBIT": 10,
        "Net Income": 3
    },
    "2012-06-30": {
        "Diluted EPS": 0.41,
        "Total Revenue": 99,
        "Gross Profit": 21,
        "Operating Income": 8,
        "EBIT": 13,
        "Net Income": 7
    },
    "2012-03-31": {
        "Diluted EPS": 0.35,
        "Total Revenue": 105,
        "Gross Profit": 22,
        "Operating Income": 9,
        "EBIT": 14,
        "Net Income": 6
    },
    "2011-12-31": {
        "Diluted EPS": 0.29,
        "Total Revenue": 96,
        "Gross Profit": 17,
        "Operating Income": 5,
        "EBIT": 10,
        "Net Income": 5
    },
    "2011-09-30": {
        "Diluted EPS": 0.28,
        "Total Revenue": 101,
        "Gross Profit": 18,
        "Operating Income": 6,
        "EBIT": 10,
        "Net Income": 5
    },
    "2011-06-30": {
        "Diluted EPS": 0.34,
        "Total Revenue": 116,
        "Gross Profit": 21,
        "Operating Income": 9,
        "EBIT": 14,
        "Net Income": 6
    },
    "2011-03-31": {
        "Diluted EPS": 0.33,
        "Total Revenue": 111,
        "Gross Profit": 21,
        "Operating Income": 9,
        "EBIT": 13,
        "Net Income": 6
    },
    "2010-12-31": {
        "Diluted EPS": 0.13,
        "Total Revenue": 96,
        "Gross Profit": 17,
        "Operating Income": 5,
        "EBIT": 9,
        "Net Income": 2
    },
    "2010-09-30": {
        "Diluted EPS": -0.06,
        "Total Revenue": 91,
        "Gross Profit": 16,
        "Operating Income": 3,
        "EBIT": 7,
        "Net Income": -1
    },
    "2010-06-30": {
        "Diluted EPS": 0.31,
        "Total Revenue": 93,
        "Gross Profit": 19,
        "Operating Income": 7,
        "EBIT": 12,
        "Net Income": 5
    },
    "2010-03-31": {
        "Diluted EPS": 0.01,
        "Total Revenue": 85,
        "Gross Profit": 16,
        "Operating Income": 2,
        "EBIT": 8,
        "Net Income": 0
    },
    "2009-12-31": {
        "Diluted EPS": -0.2,
        "Total Revenue": 78,
        "Gross Profit": 12,
        "Operating Income": -3,
        "EBIT": 4,
        "Net Income": -3
    },
    "2009-09-30": {
        "Diluted EPS": -0.55,
        "Total Revenue": 66,
        "Gross Profit": 7,
        "Operating Income": -9,
        "EBIT": -4,
        "Net Income": -9
    },
    "2009-06-30": {
        "Diluted EPS": -0.83,
        "Total Revenue": 57,
        "Gross Profit": 3,
        "Operating Income": -9,
        "EBIT": -3,
        "Net Income": -13
    },
    "2009-03-31": {
        "Diluted EPS": -0.59,
        "Total Revenue": 58,
        "Gross Profit": 2,
        "Operating Income": -11,
        "EBIT": -6,
        "Net Income": -10
    },
    "2023-06-30": {
        "Tax Effect Of Unusual Items": 94290.0,
        "Tax Rate For Calcs": 0.21,
        "Normalized EBITDA": 1335000.0,
        "Total Unusual Items": 449000.0,
        "Total Unusual Items Excluding Goodwill": 449000.0,
        "Net Income From Continuing Operation Net Minority Interest": -14377000.0,
        "Reconciled Depreciation": 11550000.0,
        "Reconciled Cost Of Revenue": 107684000.0,
        "EBITDA": 1784000.0,
        "EBIT": -9766000.0,
        "Net Interest Income": -5906000.0,
        "Interest Expense": 5379000.0,
        "Normalized Income": -14731710.0,
        "Net Income From Continuing And Discontinued Operation": -14377000.0,
        "Total Expenses": 129253000.0,
        "Total Operating Income As Reported": -4047000.0,
        "Diluted Average Shares": 46357000.0,
        "Basic Average Shares": 46357000.0,
        "Diluted EPS": -0.38,
        "Basic EPS": -0.38,
        "Diluted NI Availto Com Stockholders": -17573000.0,
        "Net Income Common Stockholders": -17573000.0,
        "Preferred Stock Dividends": 3196000.0,
        "Net Income": -14377000.0,
        "Net Income Including Noncontrolling Interests": -14377000.0,
        "Net Income Continuous Operations": -14377000.0,
        "Earnings From Equity Interest Net Of Tax": 1093000.0,
        "Tax Provision": 325000.0,
        "Pretax Income": -15145000.0,
        "Other Income Expense": -5192000.0,
        "Other Non Operating Income Expenses": -5641000.0,
        "Gain On Sale Of Security": 449000.0,
        "Net Non Operating Interest Income Expense": -5906000.0,
        "Total Other Finance Cost": 527000.0,
        "Interest Expense Non Operating": 5379000.0,
        "Operating Income": -4047000.0,
        "Operating Expense": 21569000.0,
        "Other Operating Expenses": -956000.0,
        "Depreciation Amortization Depletion Income Statement": 11550000.0,
        "Depreciation And Amortization In Income Statement": 11550000.0,
        "Selling General And Administration": 10975000.0,
        "Gross Profit": 17522000.0,
        "Cost Of Revenue": 107684000.0,
        "Total Revenue": 125206000.0,
        "Operating Revenue": 125206000.0
    },
    "2023-09-30": {
        "Tax Effect Of Unusual Items": NaN,
        "Tax Rate For Calcs": NaN,
        "Normalized EBITDA": NaN,
        "Total Unusual Items": NaN,
        "Total Unusual Items Excluding Goodwill": NaN,
        "Net Income From Continuing Operation Net Minority Interest": NaN,
        "Reconciled Depreciation": NaN,
        "Reconciled Cost Of Revenue": NaN,
        "EBITDA": NaN,
        "EBIT": NaN,
        "Net Interest Income": NaN,
        "Interest Expense": NaN,
        "Normalized Income": NaN,
        "Net Income From Continuing And Discontinued Operation": NaN,
        "Total Expenses": NaN,
        "Total Operating Income As Reported": NaN,
        "Diluted Average Shares": 47539000.0,
        "Basic Average Shares": 47539000.0,
        "Diluted EPS": -0.18,
        "Basic EPS": -0.18,
        "Diluted NI Availto Com Stockholders": NaN,
        "Net Income Common Stockholders": NaN,
        "Preferred Stock Dividends": NaN,
        "Net Income": NaN,
        "Net Income Including Noncontrolling Interests": NaN,
        "Net Income Continuous Operations": NaN,
        "Earnings From Equity Interest Net Of Tax": NaN,
        "Tax Provision": NaN,
        "Pretax Income": NaN,
        "Other Income Expense": NaN,
        "Other Non Operating Income Expenses": NaN,
        "Gain On Sale Of Security": NaN,
        "Net Non Operating Interest Income Expense": NaN,
        "Total Other Finance Cost": NaN,
        "Interest Expense Non Operating": NaN,
        "Operating Income": NaN,
        "Operating Expense": NaN,
        "Other Operating Expenses": NaN,
        "Depreciation Amortization Depletion Income Statement": NaN,
        "Depreciation And Amortization In Income Statement": NaN,
        "Selling General And Administration": NaN,
        "Gross Profit": NaN,
        "Cost Of Revenue": NaN,
        "Total Revenue": NaN,
        "Operating Revenue": NaN
    },
    "2023-12-31": {
        "Tax Effect Of Unusual Items": NaN,
        "Tax Rate For Calcs": NaN,
        "Normalized EBITDA": NaN,
        "Total Unusual Items": NaN,
        "Total Unusual Items Excluding Goodwill": NaN,
        "Net Income From Continuing Operation Net Minority Interest": NaN,
        "Reconciled Depreciation": NaN,
        "Reconciled Cost Of Revenue": NaN,
        "EBITDA": NaN,
        "EBIT": NaN,
        "Net Interest Income": NaN,
        "Interest Expense": NaN,
        "Normalized Income": NaN,
        "Net Income From Continuing And Discontinued Operation": NaN,
        "Total Expenses": NaN,
        "Total Operating Income As Reported": NaN,
        "Diluted Average Shares": NaN,
        "Basic Average Shares": NaN,
        "Diluted EPS": NaN,
        "Basic EPS": NaN,
        "Diluted NI Availto Com Stockholders": NaN,
        "Net Income Common Stockholders": NaN,
        "Preferred Stock Dividends": NaN,
        "Net Income": NaN,
        "Net Income Including Noncontrolling Interests": NaN,
        "Net Income Continuous Operations": NaN,
        "Earnings From Equity Interest Net Of Tax": NaN,
        "Tax Provision": NaN,
        "Pretax Income": NaN,
        "Other Income Expense": NaN,
        "Other Non Operating Income Expenses": NaN,
        "Special Income Charges": NaN,
        "Other Special Charges": NaN,
        "Gain On Sale Of Security": 449000.0,
        "Net Non Operating Interest Income Expense": NaN,
        "Total Other Finance Cost": NaN,
        "Interest Expense Non Operating": NaN,
        "Operating Income": NaN,
        "Operating Expense": NaN,
        "Other Operating Expenses": NaN,
        "Depreciation Amortization Depletion Income Statement": NaN,
        "Depreciation And Amortization In Income Statement": NaN,
        "Selling General And Administration": NaN,
        "Gross Profit": NaN,
        "Cost Of Revenue": NaN,
        "Total Revenue": NaN,
        "Operating Revenue": NaN
    },
    "2024-03-31": {
        "Tax Effect Of Unusual Items": NaN,
        "Tax Rate For Calcs": NaN,
        "Normalized EBITDA": NaN,
        "Total Unusual Items": NaN,
        "Total Unusual Items Excluding Goodwill": NaN,
        "Net Income From Continuing Operation Net Minority Interest": NaN,
        "Reconciled Depreciation": NaN,
        "Reconciled Cost Of Revenue": NaN,
        "EBITDA": NaN,
        "EBIT": NaN,
        "Net Interest Income": NaN,
        "Interest Expense": NaN,
        "Interest Income": NaN,
        "Normalized Income": NaN,
        "Net Income From Continuing And Discontinued Operation": NaN,
        "Total Expenses": NaN,
        "Total Operating Income As Reported": NaN,
        "Diluted Average Shares": NaN,
        "Basic Average Shares": NaN,
        "Diluted EPS": NaN,
        "Basic EPS": NaN,
        "Diluted NI Availto Com Stockholders": NaN,
        "Net Income Common Stockholders": NaN,
        "Preferred Stock Dividends": NaN,
        "Net Income": NaN,
        "Net Income Including Noncontrolling Interests": NaN,
        "Net Income Continuous Operations": NaN,
        "Earnings From Equity Interest Net Of Tax": NaN,
        "Tax Provision": NaN,
        "Pretax Income": NaN,
        "Other Income Expense": NaN,
        "Other Non Operating Income Expenses": NaN,
        "Special Income Charges": NaN,
        "Other Special Charges": NaN,
        "Gain On Sale Of Security": 449000.0,
        "Net Non Operating Interest Income Expense": NaN,
        "Total Other Finance Cost": NaN,
        "Interest Expense Non Operating": NaN,
        "Interest Income Non Operating": NaN,
        "Operating Income": NaN,
        "Operating Expense": NaN,
        "Other Operating Expenses": NaN,
        "Depreciation Amortization Depletion Income Statement": NaN,
        "Depreciation And Amortization In Income Statement": NaN,
        "Selling General And Administration": NaN,
        "Gross Profit": NaN,
        "Cost Of Revenue": NaN,
        "Total Revenue": NaN,
        "Operating Revenue": NaN
    },
    "2024-06-30": {
        "Tax Effect Of Unusual Items": NaN,
        "Tax Rate For Calcs": NaN,
        "Normalized EBITDA": NaN,
        "Total Unusual Items": 449000.0,
        "Total Unusual Items Excluding Goodwill": 449000.0,
        "Net Income From Continuing Operation Net Minority Interest": NaN,
        "Reconciled Depreciation": NaN,
        "Reconciled Cost Of Revenue": NaN,
        "EBITDA": NaN,
        "EBIT": NaN,
        "Net Interest Income": NaN,
        "Interest Expense": NaN,
        "Interest Income": NaN,
        "Normalized Income": NaN,
        "Net Income From Continuing And Discontinued Operation": NaN,
        "Total Expenses": NaN,
        "Total Operating Income As Reported": NaN,
        "Diluted Average Shares": NaN,
        "Basic Average Shares": NaN,
        "Diluted EPS": NaN,
        "Basic EPS": NaN,
        "Diluted NI Availto Com Stockholders": NaN,
        "Net Income Common Stockholders": NaN,
        "Preferred Stock Dividends": NaN,
        "Net Income": NaN,
        "Net Income Including Noncontrolling Interests": NaN,
        "Net Income Continuous Operations": NaN,
        "Earnings From Equity Interest Net Of Tax": NaN,
        "Tax Provision": NaN,
        "Pretax Income": NaN,
        "Other Income Expense": NaN,
        "Other Non Operating Income Expenses": NaN,
        "Special Income Charges": 0.0,
        "Other Special Charges": NaN,
        "Gain On Sale Of Security": 449000.0,
        "Net Non Operating Interest Income Expense": NaN,
        "Total Other Finance Cost": NaN,
        "Interest Expense Non Operating": NaN,
        "Interest Income Non Operating": NaN,
        "Operating Income": NaN,
        "Operating Expense": NaN,
        "Other Operating Expenses": NaN,
        "Depreciation Amortization Depletion Income Statement": NaN,
        "Depreciation And Amortization In Income Statement": NaN,
        "Selling General And Administration": NaN,
        "Gross Profit": NaN,
        "Cost Of Revenue": NaN,
        "Total Revenue": NaN,
        "Operating Revenue": NaN
    },
    "2024-09-30": {
        "Tax Effect Of Unusual Items": 31500.0,
        "Tax Rate For Calcs": 0.21,
        "Normalized EBITDA": 11797000.0,
        "Total Unusual Items": 150000.0,
        "Total Unusual Items Excluding Goodwill": 150000.0,
        "Net Income From Continuing Operation Net Minority Interest": -2557000.0,
        "Reconciled Depreciation": 10844000.0,
        "Reconciled Cost Of Revenue": 97131000.0,
        "EBITDA": 11947000.0,
        "EBIT": 1103000.0,
        "Net Interest Income": -5554000.0,
        "Interest Expense": 4942000.0,
        "Interest Income": NaN,
        "Normalized Income": -2675500.0,
        "Net Income From Continuing And Discontinued Operation": -2557000.0,
        "Total Expenses": 117337000.0,
        "Total Operating Income As Reported": -3750000.0,
        "Diluted Average Shares": 48997000.0,
        "Basic Average Shares": 48997000.0,
        "Diluted EPS": -0.13,
        "Basic EPS": -0.13,
        "Diluted NI Availto Com Stockholders": -6534000.0,
        "Net Income Common Stockholders": -6534000.0,
        "Preferred Stock Dividends": 3977000.0,
        "Net Income": -2557000.0,
        "Net Income Including Noncontrolling Interests": -2557000.0,
        "Net Income Continuous Operations": -2557000.0,
        "Earnings From Equity Interest Net Of Tax": 2185000.0,
        "Tax Provision": 903000.0,
        "Pretax Income": -3839000.0,
        "Other Income Expense": 5465000.0,
        "Other Non Operating Income Expenses": 5315000.0,
        "Special Income Charges": NaN,
        "Other Special Charges": NaN,
        "Gain On Sale Of Security": 150000.0,
        "Net Non Operating Interest Income Expense": -5554000.0,
        "Total Other Finance Cost": 612000.0,
        "Interest Expense Non Operating": 4942000.0,
        "Interest Income Non Operating": NaN,
        "Operating Income": -3750000.0,
        "Operating Expense": 20206000.0,
        "Other Operating Expenses": -895000.0,
        "Depreciation Amortization Depletion Income Statement": 10844000.0,
        "Depreciation And Amortization In Income Statement": 10844000.0,
        "Selling General And Administration": 10257000.0,
        "Gross Profit": 16456000.0,
        "Cost Of Revenue": 97131000.0,
        "Total Revenue": 113587000.0,
        "Operating Revenue": 102898000.0
    },
    "2024-12-31": {
        "Tax Effect Of Unusual Items": -73290.0,
        "Tax Rate For Calcs": 0.21,
        "Normalized EBITDA": -7353000.0,
        "Total Unusual Items": -349000.0,
        "Total Unusual Items Excluding Goodwill": -349000.0,
        "Net Income From Continuing Operation Net Minority Interest": -20976000.0,
        "Reconciled Depreciation": 10150000.0,
        "Reconciled Cost Of Revenue": 95338000.0,
        "EBITDA": -7702000.0,
        "EBIT": -17852000.0,
        "Net Interest Income": -5452000.0,
        "Interest Expense": 4882000.0,
        "Interest Income": NaN,
        "Normalized Income": -20700290.0,
        "Net Income From Continuing And Discontinued Operation": -20976000.0,
        "Total Expenses": 123381000.0,
        "Total Operating Income As Reported": -16868000.0,
        "Diluted Average Shares": 49039000.0,
        "Basic Average Shares": 49039000.0,
        "Diluted EPS": -0.51,
        "Basic EPS": -0.51,
        "Diluted NI Availto Com Stockholders": -25184000.0,
        "Net Income Common Stockholders": -25184000.0,
        "Preferred Stock Dividends": 4208000.0,
        "Net Income": -20976000.0,
        "Net Income Including Noncontrolling Interests": -20976000.0,
        "Net Income Continuous Operations": -20976000.0,
        "Earnings From Equity Interest Net Of Tax": 2974000.0,
        "Tax Provision": 1216000.0,
        "Pretax Income": -22734000.0,
        "Other Income Expense": -414000.0,
        "Other Non Operating Income Expenses": -65000.0,
        "Special Income Charges": NaN,
        "Other Special Charges": NaN,
        "Gain On Sale Of Security": 0.0,
        "Net Non Operating Interest Income Expense": -5452000.0,
        "Total Other Finance Cost": 570000.0,
        "Interest Expense Non Operating": 4882000.0,
        "Interest Income Non Operating": NaN,
        "Operating Income": -16868000.0,
        "Operating Expense": 28043000.0,
        "Other Operating Expenses": 5528000.0,
        "Depreciation Amortization Depletion Income Statement": 10150000.0,
        "Depreciation And Amortization In Income Statement": 10150000.0,
        "Selling General And Administration": 12365000.0,
        "Gross Profit": 11175000.0,
        "Cost Of Revenue": 95338000.0,
        "Total Revenue": 106513000.0,
        "Operating Revenue": 96287000.0
    },
    "2025-03-31": {
        "Tax Effect Of Unusual Items": 0.0,
        "Tax Rate For Calcs": 0.21,
        "Normalized EBITDA": 5438000.0,
        "Total Unusual Items": NaN,
        "Total Unusual Items Excluding Goodwill": NaN,
        "Net Income From Continuing Operation Net Minority Interest": -6685000.0,
        "Reconciled Depreciation": 8774000.0,
        "Reconciled Cost Of Revenue": 91646000.0,
        "EBITDA": 5438000.0,
        "EBIT": -3336000.0,
        "Net Interest Income": -5194000.0,
        "Interest Expense": 4478000.0,
        "Interest Income": NaN,
        "Normalized Income": -6685000.0,
        "Net Income From Continuing And Discontinued Operation": -6685000.0,
        "Total Expenses": 110477000.0,
        "Total Operating Income As Reported": -4789000.0,
        "Diluted Average Shares": 49075000.0,
        "Basic Average Shares": 49075000.0,
        "Diluted EPS": -0.23,
        "Basic EPS": -0.23,
        "Diluted NI Availto Com Stockholders": -11092000.0,
        "Net Income Common Stockholders": -11092000.0,
        "Preferred Stock Dividends": 4407000.0,
        "Net Income": -6685000.0,
        "Net Income Including Noncontrolling Interests": -6685000.0,
        "Net Income Continuous Operations": -6685000.0,
        "Earnings From Equity Interest Net Of Tax": 2439000.0,
        "Tax Provision": 1310000.0,
        "Pretax Income": -7814000.0,
        "Other Income Expense": 2169000.0,
        "Other Non Operating Income Expenses": 2169000.0,
        "Special Income Charges": NaN,
        "Other Special Charges": NaN,
        "Gain On Sale Of Security": NaN,
        "Net Non Operating Interest Income Expense": -5194000.0,
        "Total Other Finance Cost": 716000.0,
        "Interest Expense Non Operating": 4478000.0,
        "Interest Income Non Operating": NaN,
        "Operating Income": -4789000.0,
        "Operating Expense": 18831000.0,
        "Other Operating Expenses": -1113000.0,
        "Depreciation Amortization Depletion Income Statement": 8774000.0,
        "Depreciation And Amortization In Income Statement": 8774000.0,
        "Selling General And Administration": 11170000.0,
        "Gross Profit": 14042000.0,
        "Cost Of Revenue": 91646000.0,
        "Total Revenue": 105688000.0,
        "Operating Revenue": 94638000.0
    },
    "2025-06-30": {
        "Tax Effect Of Unusual Items": -631470.0,
        "Tax Rate For Calcs": 0.21,
        "Normalized EBITDA": 7765000.0,
        "Total Unusual Items": -3007000.0,
        "Total Unusual Items Excluding Goodwill": -3007000.0,
        "Net Income From Continuing Operation Net Minority Interest": -8102000.0,
        "Reconciled Depreciation": 8918000.0,
        "Reconciled Cost Of Revenue": 89699000.0,
        "EBITDA": 4758000.0,
        "EBIT": -4160000.0,
        "Net Interest Income": -5657000.0,
        "Interest Expense": 5349000.0,
        "Interest Income": NaN,
        "Normalized Income": -5726470.0,
        "Net Income From Continuing And Discontinued Operation": -8102000.0,
        "Total Expenses": 109385000.0,
        "Total Operating Income As Reported": -1464000.0,
        "Diluted Average Shares": 49433000.0,
        "Basic Average Shares": 49433000.0,
        "Diluted EPS": -0.26,
        "Basic EPS": -0.26,
        "Diluted NI Availto Com Stockholders": -12716000.0,
        "Net Income Common Stockholders": -12716000.0,
        "Preferred Stock Dividends": 4614000.0,
        "Net Income": -8102000.0,
        "Net Income Including Noncontrolling Interests": -8102000.0,
        "Net Income Continuous Operations": -8102000.0,
        "Earnings From Equity Interest Net Of Tax": 2181000.0,
        "Tax Provision": 774000.0,
        "Pretax Income": -9509000.0,
        "Other Income Expense": -2388000.0,
        "Other Non Operating Income Expenses": 619000.0,
        "Special Income Charges": -3007000.0,
        "Other Special Charges": 3007000.0,
        "Gain On Sale Of Security": NaN,
        "Net Non Operating Interest Income Expense": -5657000.0,
        "Total Other Finance Cost": 308000.0,
        "Interest Expense Non Operating": 5349000.0,
        "Interest Income Non Operating": NaN,
        "Operating Income": -1464000.0,
        "Operating Expense": 19686000.0,
        "Other Operating Expenses": -1327000.0,
        "Depreciation Amortization Depletion Income Statement": 8918000.0,
        "Depreciation And Amortization In Income Statement": 8918000.0,
        "Selling General And Administration": 12095000.0,
        "Gross Profit": 18222000.0,
        "Cost Of Revenue": 89699000.0,
        "Total Revenue": 107921000.0,
        "Operating Revenue": 107921000.0
    },
    "2025-09-30": {
        "Tax Effect Of Unusual Items": 0.0,
        "Tax Rate For Calcs": 0.21,
        "Normalized EBITDA": 6738000.0,
        "Total Unusual Items": 0.0,
        "Total Unusual Items Excluding Goodwill": 0.0,
        "Net Income From Continuing Operation Net Minority Interest": -6679000.0,
        "Reconciled Depreciation": 9064000.0,
        "Reconciled Cost Of Revenue": 86410000.0,
        "EBITDA": 6738000.0,
        "EBIT": -2326000.0,
        "Net Interest Income": -5666000.0,
        "Interest Expense": 5517000.0,
        "Interest Income": 42000.0,
        "Normalized Income": -6679000.0,
        "Net Income From Continuing And Discontinued Operation": -6679000.0,
        "Total Expenses": 106129000.0,
        "Total Operating Income As Reported": -2247000.0,
        "Diluted Average Shares": 49605000.0,
        "Basic Average Shares": 49605000.0,
        "Diluted EPS": -0.23,
        "Basic EPS": -0.23,
        "Diluted NI Availto Com Stockholders": -11511000.0,
        "Net Income Common Stockholders": -11511000.0,
        "Preferred Stock Dividends": 4832000.0,
        "Net Income": -6679000.0,
        "Net Income Including Noncontrolling Interests": -6679000.0,
        "Net Income Continuous Operations": -6679000.0,
        "Earnings From Equity Interest Net Of Tax": 1979000.0,
        "Tax Provision": 815000.0,
        "Pretax Income": -7843000.0,
        "Other Income Expense": 70000.0,
        "Other Non Operating Income Expenses": 70000.0,
        "Special Income Charges": 0.0,
        "Other Special Charges": NaN,
        "Gain On Sale Of Security": NaN,
        "Net Non Operating Interest Income Expense": -5666000.0,
        "Total Other Finance Cost": 191000.0,
        "Interest Expense Non Operating": 5517000.0,
        "Interest Income Non Operating": 42000.0,
        "Operating Income": -2247000.0,
        "Operating Expense": 19719000.0,
        "Other Operating Expenses": -404000.0,
        "Depreciation Amortization Depletion Income Statement": 9064000.0,
        "Depreciation And Amortization In Income Statement": 9064000.0,
        "Selling General And Administration": 11059000.0,
        "Gross Profit": 17472000.0,
        "Cost Of Revenue": 86410000.0,
        "Total Revenue": 103882000.0,
        "Operating Revenue": 92020000.0
    }
}