{
    "2023-06-30": {
        "Tax Effect Of Unusual Items": NaN,
        "Tax Rate For Calcs": NaN,
        "Normalized EBITDA": NaN,
        "Total Unusual Items": NaN,
        "Total Unusual Items Excluding Goodwill": NaN,
        "Net Income From Continuing Operation Net Minority Interest": NaN,
        "Reconciled Depreciation": NaN,
        "Reconciled Cost Of Revenue": NaN,
        "EBITDA": NaN,
        "EBIT": NaN,
        "Net Interest Income": NaN,
        "Interest Expense": NaN,
        "Interest Income": 162000.0,
        "Normalized Income": NaN,
        "Net Income From Continuing And Discontinued Operation": NaN,
        "Total Expenses": NaN,
        "Rent Expense Supplemental": NaN,
        "Total Operating Income As Reported": NaN,
        "Diluted Average Shares": 33007609.0,
        "Basic Average Shares": 26409357.0,
        "Diluted EPS": 0.42,
        "Basic EPS": 0.46,
        "Diluted NI Availto Com Stockholders": NaN,
        "Average Dilution Earnings": NaN,
        "Net Income Common Stockholders": NaN,
        "Net Income": NaN,
        "Net Income Including Noncontrolling Interests": NaN,
        "Net Income Continuous Operations": NaN,
        "Tax Provision": NaN,
        "Pretax Income": NaN,
        "Other Income Expense": NaN,
        "Special Income Charges": NaN,
        "Gain On Sale Of Ppe": NaN,
        "Restructuring And Mergern Acquisition": NaN,
        "Earnings From Equity Interest": NaN,
        "Gain On Sale Of Security": NaN,
        "Net Non Operating Interest Income Expense": NaN,
        "Total Other Finance Cost": NaN,
        "Interest Expense Non Operating": NaN,
        "Interest Income Non Operating": 162000.0,
        "Operating Income": NaN,
        "Operating Expense": NaN,
        "Selling General And Administration": NaN,
        "General And Administrative Expense": NaN,
        "Other Gand A": NaN,
        "Gross Profit": NaN,
        "Cost Of Revenue": NaN,
        "Total Revenue": NaN,
        "Operating Revenue": NaN
    },
    "2023-03-31": {
        "Tax Effect Of Unusual Items": NaN,
        "Tax Rate For Calcs": NaN,
        "Normalized EBITDA": NaN,
        "Total Unusual Items": NaN,
        "Total Unusual Items Excluding Goodwill": NaN,
        "Net Income From Continuing Operation Net Minority Interest": NaN,
        "Reconciled Depreciation": NaN,
        "Reconciled Cost Of Revenue": NaN,
        "EBITDA": NaN,
        "EBIT": NaN,
        "Net Interest Income": NaN,
        "Interest Expense": NaN,
        "Interest Income": NaN,
        "Normalized Income": NaN,
        "Net Income From Continuing And Discontinued Operation": NaN,
        "Total Expenses": NaN,
        "Rent Expense Supplemental": NaN,
        "Total Operating Income As Reported": NaN,
        "Diluted Average Shares": 32942717.0,
        "Basic Average Shares": 26415004.0,
        "Diluted EPS": 0.71,
        "Basic EPS": 0.83,
        "Diluted NI Availto Com Stockholders": NaN,
        "Average Dilution Earnings": 1462000.0,
        "Net Income Common Stockholders": NaN,
        "Net Income": NaN,
        "Net Income Including Noncontrolling Interests": NaN,
        "Net Income Continuous Operations": NaN,
        "Tax Provision": NaN,
        "Pretax Income": NaN,
        "Other Income Expense": NaN,
        "Special Income Charges": NaN,
        "Gain On Sale Of Ppe": NaN,
        "Restructuring And Mergern Acquisition": 0.0,
        "Earnings From Equity Interest": NaN,
        "Gain On Sale Of Security": NaN,
        "Net Non Operating Interest Income Expense": NaN,
        "Total Other Finance Cost": NaN,
        "Interest Expense Non Operating": NaN,
        "Interest Income Non Operating": NaN,
        "Operating Income": NaN,
        "Operating Expense": NaN,
        "Selling General And Administration": NaN,
        "General And Administrative Expense": NaN,
        "Other Gand A": NaN,
        "Gross Profit": NaN,
        "Cost Of Revenue": NaN,
        "Total Revenue": NaN,
        "Operating Revenue": NaN
    },
    "2022-12-31": {
        "Tax Effect Of Unusual Items": NaN,
        "Tax Rate For Calcs": NaN,
        "Normalized EBITDA": NaN,
        "Total Unusual Items": NaN,
        "Total Unusual Items Excluding Goodwill": NaN,
        "Net Income From Continuing Operation Net Minority Interest": NaN,
        "Reconciled Depreciation": NaN,
        "Reconciled Cost Of Revenue": NaN,
        "EBITDA": NaN,
        "EBIT": NaN,
        "Net Interest Income": NaN,
        "Interest Expense": NaN,
        "Interest Income": NaN,
        "Normalized Income": NaN,
        "Net Income From Continuing And Discontinued Operation": NaN,
        "Total Expenses": NaN,
        "Rent Expense Supplemental": NaN,
        "Total Operating Income As Reported": NaN,
        "Diluted Average Shares": NaN,
        "Basic Average Shares": NaN,
        "Diluted EPS": NaN,
        "Basic EPS": NaN,
        "Diluted NI Availto Com Stockholders": NaN,
        "Average Dilution Earnings": 1488000.0,
        "Net Income Common Stockholders": NaN,
        "Net Income": NaN,
        "Net Income Including Noncontrolling Interests": NaN,
        "Net Income Continuous Operations": NaN,
        "Tax Provision": NaN,
        "Pretax Income": NaN,
        "Other Income Expense": NaN,
        "Special Income Charges": NaN,
        "Gain On Sale Of Ppe": NaN,
        "Restructuring And Mergern Acquisition": NaN,
        "Earnings From Equity Interest": NaN,
        "Gain On Sale Of Security": NaN,
        "Net Non Operating Interest Income Expense": NaN,
        "Total Other Finance Cost": NaN,
        "Interest Expense Non Operating": NaN,
        "Interest Income Non Operating": NaN,
        "Operating Income": NaN,
        "Operating Expense": NaN,
        "Selling General And Administration": NaN,
        "General And Administrative Expense": NaN,
        "Other Gand A": NaN,
        "Gross Profit": NaN,
        "Cost Of Revenue": NaN,
        "Total Revenue": NaN,
        "Operating Revenue": NaN
    },
    "2022-09-30": {
        "Tax Effect Of Unusual Items": NaN,
        "Tax Rate For Calcs": NaN,
        "Normalized EBITDA": NaN,
        "Total Unusual Items": NaN,
        "Total Unusual Items Excluding Goodwill": NaN,
        "Net Income From Continuing Operation Net Minority Interest": NaN,
        "Reconciled Depreciation": NaN,
        "Reconciled Cost Of Revenue": NaN,
        "EBITDA": NaN,
        "EBIT": NaN,
        "Net Interest Income": NaN,
        "Interest Expense": NaN,
        "Interest Income": NaN,
        "Normalized Income": NaN,
        "Net Income From Continuing And Discontinued Operation": NaN,
        "Total Expenses": NaN,
        "Rent Expense Supplemental": NaN,
        "Total Operating Income As Reported": NaN,
        "Diluted Average Shares": 33347596.0,
        "Basic Average Shares": 26836133.0,
        "Diluted EPS": 0.65,
        "Basic EPS": 0.75,
        "Diluted NI Availto Com Stockholders": NaN,
        "Average Dilution Earnings": NaN,
        "Net Income Common Stockholders": NaN,
        "Net Income": NaN,
        "Net Income Including Noncontrolling Interests": NaN,
        "Net Income Continuous Operations": NaN,
        "Tax Provision": NaN,
        "Pretax Income": NaN,
        "Other Income Expense": NaN,
        "Special Income Charges": NaN,
        "Gain On Sale Of Ppe": NaN,
        "Restructuring And Mergern Acquisition": NaN,
        "Earnings From Equity Interest": NaN,
        "Gain On Sale Of Security": NaN,
        "Net Non Operating Interest Income Expense": NaN,
        "Total Other Finance Cost": NaN,
        "Interest Expense Non Operating": NaN,
        "Interest Income Non Operating": NaN,
        "Operating Income": NaN,
        "Operating Expense": NaN,
        "Selling General And Administration": NaN,
        "General And Administrative Expense": NaN,
        "Other Gand A": NaN,
        "Gross Profit": NaN,
        "Cost Of Revenue": NaN,
        "Total Revenue": NaN,
        "Operating Revenue": NaN
    },
    "2022-06-30": {
        "Tax Effect Of Unusual Items": -186579.098225,
        "Tax Rate For Calcs": 0.171646,
        "Normalized EBITDA": 41794000.0,
        "Total Unusual Items": -1087000.0,
        "Total Unusual Items Excluding Goodwill": -1087000.0,
        "Net Income From Continuing Operation Net Minority Interest": 7514000.0,
        "Reconciled Depreciation": 26340000.0,
        "Reconciled Cost Of Revenue": 155588000.0,
        "EBITDA": 40707000.0,
        "EBIT": 14367000.0,
        "Net Interest Income": -5565000.0,
        "Interest Expense": 5296000.0,
        "Interest Income": NaN,
        "Normalized Income": 8414420.901775,
        "Net Income From Continuing And Discontinued Operation": 7514000.0,
        "Total Expenses": 160640000.0,
        "Rent Expense Supplemental": NaN,
        "Total Operating Income As Reported": 6301000.0,
        "Diluted Average Shares": 29542690.0,
        "Basic Average Shares": 27968510.0,
        "Diluted EPS": 0.25,
        "Basic EPS": 0.27,
        "Diluted NI Availto Com Stockholders": 7514000.0,
        "Average Dilution Earnings": 0.0,
        "Net Income Common Stockholders": 7514000.0,
        "Net Income": 7514000.0,
        "Net Income Including Noncontrolling Interests": 7514000.0,
        "Net Income Continuous Operations": 7514000.0,
        "Tax Provision": 1557000.0,
        "Pretax Income": 9071000.0,
        "Other Income Expense": 7248000.0,
        "Special Income Charges": -1087000.0,
        "Gain On Sale Of Ppe": -1087000.0,
        "Earnings From Equity Interest": 8335000.0,
        "Gain On Sale Of Security": NaN,
        "Net Non Operating Interest Income Expense": -5565000.0,
        "Total Other Finance Cost": 269000.0,
        "Interest Expense Non Operating": 5296000.0,
        "Interest Income Non Operating": NaN,
        "Operating Income": 7388000.0,
        "Operating Expense": 5052000.0,
        "Selling General And Administration": 5052000.0,
        "General And Administrative Expense": 5052000.0,
        "Other Gand A": 5052000.0,
        "Gross Profit": 12440000.0,
        "Cost Of Revenue": 155588000.0,
        "Total Revenue": 168028000.0,
        "Operating Revenue": 168028000.0
    },
    "2022-03-31": {
        "Diluted EPS": 0.34,
        "Total Revenue": 140,
        "Gross Profit": 17,
        "Operating Income": 12,
        "EBIT": 37,
        "Net Income": 11
    },
    "2021-12-31": {
        "Diluted EPS": 0.4,
        "Total Revenue": 143,
        "Gross Profit": 17,
        "Operating Income": 13,
        "EBIT": 37,
        "Net Income": 12
    },
    "2021-09-30": {
        "Diluted EPS": 0.35,
        "Total Revenue": 132,
        "Gross Profit": 17,
        "Operating Income": 11,
        "EBIT": 27,
        "Net Income": 11
    },
    "2021-06-30": {
        "Diluted EPS": 0.07,
        "Total Revenue": 114,
        "Gross Profit": 12,
        "Operating Income": 1,
        "EBIT": 24,
        "Net Income": 2
    },
    "2021-03-31": {
        "Diluted EPS": 0.49,
        "Total Revenue": 133,
        "Gross Profit": 25,
        "Operating Income": 18,
        "EBIT": 43,
        "Net Income": 15
    },
    "2020-12-31": {
        "Diluted EPS": 0.22,
        "Total Revenue": 104,
        "Gross Profit": 18,
        "Operating Income": 9,
        "EBIT": 29,
        "Net Income": 8
    },
    "2020-09-30": {
        "Diluted EPS": 0.17,
        "Total Revenue": 71,
        "Gross Profit": 12,
        "Operating Income": 7,
        "EBIT": 23,
        "Net Income": 5
    },
    "2020-06-30": {
        "Diluted EPS": 0.3,
        "Total Revenue": 51,
        "Gross Profit": 15,
        "Operating Income": 11,
        "EBIT": 18,
        "Net Income": 10
    },
    "2020-03-31": {
        "Diluted EPS": 0.5,
        "Total Revenue": 148,
        "Gross Profit": 26,
        "Operating Income": 24,
        "EBIT": 49,
        "Net Income": 14
    },
    "2019-12-31": {
        "Diluted EPS": 0.13,
        "Total Revenue": 143,
        "Gross Profit": 19,
        "Operating Income": 12,
        "EBIT": 33,
        "Net Income": 6
    },
    "2019-09-30": {
        "Diluted EPS": 0.2,
        "Total Revenue": 126,
        "Gross Profit": 14,
        "Operating Income": 8,
        "EBIT": 25,
        "Net Income": 6
    },
    "2019-06-30": {
        "Diluted EPS": 0.34,
        "Total Revenue": 132,
        "Gross Profit": 18,
        "Operating Income": 14,
        "EBIT": 31,
        "Net Income": 10
    },
    "2019-03-31": {
        "Diluted EPS": 0.19,
        "Total Revenue": 140,
        "Gross Profit": 22,
        "Operating Income": 11,
        "EBIT": 33,
        "Net Income": 5
    },
    "2018-12-31": {
        "Diluted EPS": 0.09,
        "Total Revenue": 99,
        "Gross Profit": 14,
        "Operating Income": 5,
        "EBIT": 20,
        "Net Income": 2
    },
    "2018-09-30": {
        "Diluted EPS": 0.04,
        "Total Revenue": 65,
        "Gross Profit": 11,
        "Operating Income": 3,
        "EBIT": 11,
        "Net Income": 1
    },
    "2018-06-30": {
        "Diluted EPS": 0.0,
        "Total Revenue": 62,
        "Gross Profit": 7,
        "Operating Income": 1,
        "EBIT": 10,
        "Net Income": 0
    },
    "2018-03-31": {
        "Diluted EPS": 0.29,
        "Total Revenue": 91,
        "Gross Profit": 21,
        "Operating Income": 14,
        "EBIT": 28,
        "Net Income": 9
    },
    "2017-12-31": {
        "Diluted EPS": 0.09,
        "Total Revenue": 64,
        "Gross Profit": 9,
        "Operating Income": 4,
        "EBIT": 12,
        "Net Income": 2
    },
    "2017-09-30": {
        "Diluted EPS": -0.02,
        "Total Revenue": 56,
        "Gross Profit": 5,
        "Operating Income": 1,
        "EBIT": 11,
        "Net Income": 0
    },
    "2017-06-30": {
        "Diluted EPS": -0.17,
        "Total Revenue": 35,
        "Gross Profit": -1,
        "Operating Income": -5,
        "EBIT": 1,
        "Net Income": -5
    },
    "2017-03-31": {
        "Diluted EPS": 0.23,
        "Total Revenue": 70,
        "Gross Profit": 17,
        "Operating Income": 11,
        "EBIT": 22,
        "Net Income": 7
    },
    "2016-12-31": {
        "Diluted EPS": 0.02,
        "Total Revenue": 48,
        "Gross Profit": 5,
        "Operating Income": 0,
        "EBIT": 9,
        "Net Income": 0
    },
    "2016-09-30": {
        "Diluted EPS": -0.04,
        "Total Revenue": 37,
        "Gross Profit": 4,
        "Operating Income": 0,
        "EBIT": 6,
        "Net Income": -1
    },
    "2016-06-30": {
        "Diluted EPS": -0.12,
        "Total Revenue": 19,
        "Gross Profit": 2,
        "Operating Income": -4,
        "EBIT": 2,
        "Net Income": -4
    },
    "2016-03-31": {
        "Diluted EPS": 0.14,
        "Total Revenue": 57,
        "Gross Profit": 13,
        "Operating Income": 8,
        "EBIT": 19,
        "Net Income": 5
    },
    "2015-12-31": {
        "Diluted EPS": -0.01,
        "Total Revenue": 49,
        "Gross Profit": 5,
        "Operating Income": -1,
        "EBIT": 8,
        "Net Income": -1
    },
    "2015-09-30": {
        "Diluted EPS": -0.05,
        "Total Revenue": 51,
        "Gross Profit": 6,
        "Operating Income": 1,
        "EBIT": 10,
        "Net Income": -2
    },
    "2015-06-30": {
        "Diluted EPS": -0.11,
        "Total Revenue": 52,
        "Gross Profit": 6,
        "Operating Income": 2,
        "EBIT": 8,
        "Net Income": -3
    },
    "2015-03-31": {
        "Diluted EPS": -0.01,
        "Total Revenue": 70,
        "Gross Profit": 10,
        "Operating Income": 3,
        "EBIT": 13,
        "Net Income": 0
    },
    "2014-12-31": {
        "Diluted EPS": -0.04,
        "Total Revenue": 91,
        "Gross Profit": 0,
        "Operating Income": -8,
        "EBIT": 4,
        "Net Income": -2
    },
    "2014-09-30": {
        "Diluted EPS": 0.12,
        "Total Revenue": 119,
        "Gross Profit": 11,
        "Operating Income": 5,
        "EBIT": 18,
        "Net Income": 4
    },
    "2014-06-30": {
        "Diluted EPS": -0.11,
        "Total Revenue": 106,
        "Gross Profit": 8,
        "Operating Income": -1,
        "EBIT": 7,
        "Net Income": -4
    },
    "2014-03-31": {
        "Diluted EPS": 0.0,
        "Total Revenue": 108,
        "Gross Profit": 24,
        "Operating Income": 14,
        "EBIT": 24,
        "Net Income": 0
    },
    "2013-12-31": {
        "Diluted EPS": 0.14,
        "Total Revenue": 99,
        "Gross Profit": 402,
        "Operating Income": 427,
        "EBIT": 452,
        "Net Income": 5
    },
    "2013-09-30": {
        "Diluted EPS": 1.93,
        "Total Revenue": 111,
        "Gross Profit": 10,
        "Operating Income": 1,
        "EBIT": 9,
        "Net Income": 71
    },
    "2013-06-30": {
        "Diluted EPS": -0.15,
        "Total Revenue": 112,
        "Gross Profit": 7,
        "Operating Income": -2,
        "EBIT": -35,
        "Net Income": -6
    },
    "2013-03-31": {
        "Diluted EPS": -0.13,
        "Total Revenue": 128,
        "Gross Profit": 176,
        "Operating Income": 174,
        "EBIT": 217,
        "Net Income": -5
    },
    "2012-12-31": {
        "Diluted EPS": 0.13,
        "Total Revenue": 190,
        "Gross Profit": 26,
        "Operating Income": 11,
        "EBIT": 25,
        "Net Income": 5
    },
    "2012-09-30": {
        "Diluted EPS": 0.1,
        "Total Revenue": 204,
        "Gross Profit": 25,
        "Operating Income": 13,
        "EBIT": 20,
        "Net Income": 4
    },
    "2012-06-30": {
        "Diluted EPS": -0.14,
        "Total Revenue": 237,
        "Gross Profit": 22,
        "Operating Income": 3,
        "EBIT": -35,
        "Net Income": -5
    },
    "2012-03-31": {
        "Diluted EPS": -0.46,
        "Total Revenue": 273,
        "Gross Profit": -11,
        "Operating Income": -27,
        "EBIT": 23,
        "Net Income": -16
    },
    "2011-12-31": {
        "Diluted EPS": -0.05,
        "Total Revenue": 285,
        "Gross Profit": 26,
        "Operating Income": 10,
        "EBIT": 21,
        "Net Income": -2
    },
    "2011-09-30": {
        "Diluted EPS": 0.18,
        "Total Revenue": 242,
        "Gross Profit": 26,
        "Operating Income": 10,
        "EBIT": 20,
        "Net Income": 7
    },
    "2011-06-30": {
        "Diluted EPS": -0.26,
        "Total Revenue": 202,
        "Gross Profit": 8,
        "Operating Income": -4,
        "EBIT": -36,
        "Net Income": -9
    },
    "2011-03-31": {
        "Diluted EPS": -0.87,
        "Total Revenue": 180,
        "Gross Profit": -15,
        "Operating Income": -30,
        "EBIT": 13,
        "Net Income": -31
    },
    "2010-12-31": {
        "Diluted EPS": 0.1,
        "Total Revenue": 265,
        "Gross Profit": 34,
        "Operating Income": 16,
        "EBIT": 29,
        "Net Income": 4
    },
    "2010-09-30": {
        "Diluted EPS": 0.06,
        "Total Revenue": 231,
        "Gross Profit": 33,
        "Operating Income": 18,
        "EBIT": 27,
        "Net Income": 2
    },
    "2010-06-30": {
        "Diluted EPS": -0.28,
        "Total Revenue": 179,
        "Gross Profit": 15,
        "Operating Income": 1,
        "EBIT": -34,
        "Net Income": -10
    },
    "2010-03-31": {
        "Diluted EPS": -0.03,
        "Total Revenue": 211,
        "Gross Profit": 38,
        "Operating Income": 19,
        "EBIT": 63,
        "Net Income": -1
    },
    "2009-12-31": {
        "Diluted EPS": 0.54,
        "Total Revenue": 208,
        "Gross Profit": 42,
        "Operating Income": 28,
        "EBIT": 40,
        "Net Income": 19
    },
    "2009-09-30": {
        "Diluted EPS": 0.02,
        "Total Revenue": 158,
        "Gross Profit": 33,
        "Operating Income": 20,
        "EBIT": 31,
        "Net Income": 1
    },
    "2009-06-30": {
        "Diluted EPS": 0.37,
        "Total Revenue": 137,
        "Gross Profit": 32,
        "Operating Income": 19,
        "EBIT": -7,
        "Net Income": 14
    },
    "2009-03-31": {
        "Diluted EPS": -3.54,
        "Total Revenue": 156,
        "Gross Profit": 49,
        "Operating Income": 36,
        "EBIT": 71,
        "Net Income": -127
    },
    "2023-09-30": {
        "Tax Effect Of Unusual Items": NaN,
        "Tax Rate For Calcs": NaN,
        "Normalized EBITDA": NaN,
        "Total Unusual Items": NaN,
        "Total Unusual Items Excluding Goodwill": NaN,
        "Net Income From Continuing Operation Net Minority Interest": NaN,
        "Reconciled Depreciation": NaN,
        "Reconciled Cost Of Revenue": NaN,
        "EBITDA": NaN,
        "EBIT": NaN,
        "Net Interest Income": NaN,
        "Interest Expense": NaN,
        "Normalized Income": NaN,
        "Net Income From Continuing And Discontinued Operation": NaN,
        "Total Expenses": NaN,
        "Rent Expense Supplemental": NaN,
        "Total Operating Income As Reported": NaN,
        "Diluted Average Shares": 33007609.0,
        "Basic Average Shares": 26700303.0,
        "Diluted EPS": 0.39,
        "Basic EPS": 0.43,
        "Diluted NI Availto Com Stockholders": NaN,
        "Average Dilution Earnings": NaN,
        "Net Income Common Stockholders": NaN,
        "Net Income": NaN,
        "Net Income Including Noncontrolling Interests": NaN,
        "Net Income Continuous Operations": NaN,
        "Tax Provision": NaN,
        "Pretax Income": NaN,
        "Other Income Expense": NaN,
        "Special Income Charges": NaN,
        "Gain On Sale Of Ppe": NaN,
        "Restructuring And Mergern Acquisition": NaN,
        "Earnings From Equity Interest": NaN,
        "Gain On Sale Of Security": NaN,
        "Net Non Operating Interest Income Expense": NaN,
        "Total Other Finance Cost": NaN,
        "Interest Expense Non Operating": NaN,
        "Operating Income": NaN,
        "Operating Expense": NaN,
        "Depreciation Amortization Depletion Income Statement": NaN,
        "Depreciation And Amortization In Income Statement": NaN,
        "Amortization": NaN,
        "Amortization Of Intangibles Income Statement": NaN,
        "Selling General And Administration": NaN,
        "General And Administrative Expense": NaN,
        "Other Gand A": NaN,
        "Gross Profit": NaN,
        "Cost Of Revenue": NaN,
        "Total Revenue": NaN,
        "Operating Revenue": NaN
    },
    "2023-12-31": {
        "Tax Effect Of Unusual Items": NaN,
        "Tax Rate For Calcs": NaN,
        "Normalized EBITDA": NaN,
        "Total Unusual Items": NaN,
        "Total Unusual Items Excluding Goodwill": NaN,
        "Net Income From Continuing Operation Net Minority Interest": NaN,
        "Reconciled Depreciation": NaN,
        "Reconciled Cost Of Revenue": NaN,
        "EBITDA": NaN,
        "EBIT": NaN,
        "Net Interest Income": NaN,
        "Interest Expense": NaN,
        "Normalized Income": NaN,
        "Net Income From Continuing And Discontinued Operation": NaN,
        "Total Expenses": NaN,
        "Rent Expense Supplemental": NaN,
        "Total Operating Income As Reported": NaN,
        "Diluted Average Shares": NaN,
        "Basic Average Shares": NaN,
        "Diluted EPS": NaN,
        "Basic EPS": NaN,
        "Diluted NI Availto Com Stockholders": NaN,
        "Average Dilution Earnings": NaN,
        "Net Income Common Stockholders": NaN,
        "Net Income": NaN,
        "Net Income Including Noncontrolling Interests": NaN,
        "Net Income Continuous Operations": NaN,
        "Tax Provision": NaN,
        "Pretax Income": NaN,
        "Other Income Expense": NaN,
        "Special Income Charges": NaN,
        "Gain On Sale Of Ppe": NaN,
        "Restructuring And Mergern Acquisition": NaN,
        "Earnings From Equity Interest": NaN,
        "Gain On Sale Of Security": -916000.0,
        "Net Non Operating Interest Income Expense": NaN,
        "Total Other Finance Cost": NaN,
        "Interest Expense Non Operating": NaN,
        "Operating Income": NaN,
        "Operating Expense": NaN,
        "Depreciation Amortization Depletion Income Statement": NaN,
        "Depreciation And Amortization In Income Statement": NaN,
        "Amortization": NaN,
        "Amortization Of Intangibles Income Statement": NaN,
        "Selling General And Administration": NaN,
        "General And Administrative Expense": NaN,
        "Other Gand A": NaN,
        "Gross Profit": NaN,
        "Cost Of Revenue": NaN,
        "Total Revenue": NaN,
        "Operating Revenue": NaN
    },
    "2024-03-31": {
        "Tax Effect Of Unusual Items": NaN,
        "Tax Rate For Calcs": NaN,
        "Normalized EBITDA": NaN,
        "Total Unusual Items": NaN,
        "Total Unusual Items Excluding Goodwill": NaN,
        "Net Income From Continuing Operation Net Minority Interest": NaN,
        "Reconciled Depreciation": NaN,
        "Reconciled Cost Of Revenue": NaN,
        "EBITDA": NaN,
        "EBIT": NaN,
        "Net Interest Income": NaN,
        "Interest Expense": NaN,
        "Normalized Income": NaN,
        "Net Income From Continuing And Discontinued Operation": NaN,
        "Total Expenses": NaN,
        "Rent Expense Supplemental": NaN,
        "Total Operating Income As Reported": NaN,
        "Diluted Average Shares": 33026740.0,
        "Basic Average Shares": 26733473.0,
        "Diluted EPS": 0.39,
        "Basic EPS": 0.43,
        "Diluted NI Availto Com Stockholders": NaN,
        "Average Dilution Earnings": NaN,
        "Net Income Common Stockholders": NaN,
        "Net Income": NaN,
        "Net Income Including Noncontrolling Interests": NaN,
        "Net Income Continuous Operations": NaN,
        "Tax Provision": NaN,
        "Pretax Income": NaN,
        "Other Income Expense": NaN,
        "Special Income Charges": NaN,
        "Gain On Sale Of Ppe": NaN,
        "Restructuring And Mergern Acquisition": NaN,
        "Earnings From Equity Interest": NaN,
        "Gain On Sale Of Security": NaN,
        "Net Non Operating Interest Income Expense": NaN,
        "Total Other Finance Cost": NaN,
        "Interest Expense Non Operating": NaN,
        "Operating Income": NaN,
        "Operating Expense": NaN,
        "Depreciation Amortization Depletion Income Statement": 310000.0,
        "Depreciation And Amortization In Income Statement": 310000.0,
        "Amortization": 310000.0,
        "Amortization Of Intangibles Income Statement": 310000.0,
        "Selling General And Administration": NaN,
        "General And Administrative Expense": NaN,
        "Other Gand A": NaN,
        "Gross Profit": NaN,
        "Cost Of Revenue": NaN,
        "Total Revenue": NaN,
        "Operating Revenue": NaN
    },
    "2024-06-30": {
        "Tax Effect Of Unusual Items": NaN,
        "Tax Rate For Calcs": NaN,
        "Normalized EBITDA": NaN,
        "Total Unusual Items": NaN,
        "Total Unusual Items Excluding Goodwill": NaN,
        "Net Income From Continuing Operation Net Minority Interest": NaN,
        "Reconciled Depreciation": NaN,
        "Reconciled Cost Of Revenue": NaN,
        "EBITDA": NaN,
        "EBIT": NaN,
        "Net Interest Income": NaN,
        "Interest Expense": NaN,
        "Normalized Income": NaN,
        "Net Income From Continuing And Discontinued Operation": NaN,
        "Total Expenses": NaN,
        "Rent Expense Supplemental": NaN,
        "Total Operating Income As Reported": NaN,
        "Diluted Average Shares": 33026740.0,
        "Basic Average Shares": 26730049.0,
        "Diluted EPS": 0.48,
        "Basic EPS": 0.54,
        "Diluted NI Availto Com Stockholders": NaN,
        "Average Dilution Earnings": NaN,
        "Net Income Common Stockholders": NaN,
        "Net Income": NaN,
        "Net Income Including Noncontrolling Interests": NaN,
        "Net Income Continuous Operations": NaN,
        "Tax Provision": NaN,
        "Pretax Income": NaN,
        "Other Income Expense": NaN,
        "Special Income Charges": NaN,
        "Gain On Sale Of Ppe": NaN,
        "Restructuring And Mergern Acquisition": NaN,
        "Earnings From Equity Interest": NaN,
        "Gain On Sale Of Security": NaN,
        "Net Non Operating Interest Income Expense": NaN,
        "Total Other Finance Cost": NaN,
        "Interest Expense Non Operating": NaN,
        "Operating Income": NaN,
        "Operating Expense": NaN,
        "Depreciation Amortization Depletion Income Statement": 308000.0,
        "Depreciation And Amortization In Income Statement": 308000.0,
        "Amortization": 308000.0,
        "Amortization Of Intangibles Income Statement": 308000.0,
        "Selling General And Administration": NaN,
        "General And Administrative Expense": NaN,
        "Other Gand A": NaN,
        "Gross Profit": NaN,
        "Cost Of Revenue": NaN,
        "Total Revenue": NaN,
        "Operating Revenue": NaN
    },
    "2024-09-30": {
        "Tax Effect Of Unusual Items": -7459686.478939,
        "Tax Rate For Calcs": 0.325623,
        "Normalized EBITDA": 102519000.0,
        "Total Unusual Items": -22909000.0,
        "Total Unusual Items Excluding Goodwill": -22909000.0,
        "Net Income From Continuing Operation Net Minority Interest": 14489000.0,
        "Reconciled Depreciation": 43902000.0,
        "Reconciled Cost Of Revenue": 177363000.0,
        "EBITDA": 79610000.0,
        "EBIT": 35708000.0,
        "Net Interest Income": -15003000.0,
        "Interest Expense": 14223000.0,
        "Normalized Income": 29938313.521061,
        "Net Income From Continuing And Discontinued Operation": 14489000.0,
        "Total Expenses": 231888000.0,
        "Rent Expense Supplemental": 6799000.0,
        "Total Operating Income As Reported": 54621000.0,
        "Diluted Average Shares": 32588696.0,
        "Basic Average Shares": 26823124.0,
        "Diluted EPS": 0.48,
        "Basic EPS": 0.54,
        "Diluted NI Availto Com Stockholders": 15998000.0,
        "Average Dilution Earnings": 1509000.0,
        "Net Income Common Stockholders": 14489000.0,
        "Net Income": 14489000.0,
        "Net Income Including Noncontrolling Interests": 14489000.0,
        "Net Income Continuous Operations": 14489000.0,
        "Tax Provision": 6996000.0,
        "Pretax Income": 21485000.0,
        "Other Income Expense": -18481000.0,
        "Special Income Charges": -22337000.0,
        "Gain On Sale Of Ppe": -348000.0,
        "Restructuring And Mergern Acquisition": 21989000.0,
        "Earnings From Equity Interest": 4428000.0,
        "Gain On Sale Of Security": -572000.0,
        "Net Non Operating Interest Income Expense": -15003000.0,
        "Total Other Finance Cost": 780000.0,
        "Interest Expense Non Operating": 14223000.0,
        "Operating Income": 54969000.0,
        "Operating Expense": 10945000.0,
        "Depreciation Amortization Depletion Income Statement": 322000.0,
        "Depreciation And Amortization In Income Statement": 322000.0,
        "Amortization": 322000.0,
        "Amortization Of Intangibles Income Statement": 322000.0,
        "Selling General And Administration": 10623000.0,
        "General And Administrative Expense": 10623000.0,
        "Other Gand A": 10623000.0,
        "Gross Profit": 65914000.0,
        "Cost Of Revenue": 220943000.0,
        "Total Revenue": 286857000.0,
        "Operating Revenue": 286857000.0
    },
    "2024-12-31": {
        "Tax Effect Of Unusual Items": -1438500.0,
        "Tax Rate For Calcs": 0.15,
        "Normalized EBITDA": 72492000.0,
        "Total Unusual Items": -9590000.0,
        "Total Unusual Items Excluding Goodwill": -9590000.0,
        "Net Income From Continuing Operation Net Minority Interest": 4808000.0,
        "Reconciled Depreciation": 44765000.0,
        "Reconciled Cost Of Revenue": 263599000.0,
        "EBITDA": 62902000.0,
        "EBIT": 18137000.0,
        "Net Interest Income": -14401000.0,
        "Interest Expense": 13704000.0,
        "Normalized Income": 12959500.0,
        "Net Income From Continuing And Discontinued Operation": 4808000.0,
        "Total Expenses": 282920000.0,
        "Rent Expense Supplemental": 7269000.0,
        "Total Operating Income As Reported": 22544000.0,
        "Diluted Average Shares": NaN,
        "Basic Average Shares": NaN,
        "Diluted EPS": NaN,
        "Basic EPS": NaN,
        "Diluted NI Availto Com Stockholders": 6316000.0,
        "Average Dilution Earnings": 1508000.0,
        "Net Income Common Stockholders": 4808000.0,
        "Net Income": 4808000.0,
        "Net Income Including Noncontrolling Interests": 4808000.0,
        "Net Income Continuous Operations": 4808000.0,
        "Tax Provision": -375000.0,
        "Pretax Income": 4433000.0,
        "Other Income Expense": -3836000.0,
        "Special Income Charges": -14387000.0,
        "Gain On Sale Of Ppe": -126000.0,
        "Restructuring And Mergern Acquisition": 14261000.0,
        "Earnings From Equity Interest": 5754000.0,
        "Gain On Sale Of Security": 4797000.0,
        "Net Non Operating Interest Income Expense": -14401000.0,
        "Total Other Finance Cost": 697000.0,
        "Interest Expense Non Operating": 13704000.0,
        "Operating Income": 22670000.0,
        "Operating Expense": 19321000.0,
        "Depreciation Amortization Depletion Income Statement": NaN,
        "Depreciation And Amortization In Income Statement": NaN,
        "Amortization": NaN,
        "Amortization Of Intangibles Income Statement": NaN,
        "Selling General And Administration": 19321000.0,
        "General And Administrative Expense": 19321000.0,
        "Other Gand A": 19321000.0,
        "Gross Profit": 41991000.0,
        "Cost Of Revenue": 263599000.0,
        "Total Revenue": 305590000.0,
        "Operating Revenue": 305590000.0
    },
    "2025-03-31": {
        "Tax Effect Of Unusual Items": -1345200.0,
        "Tax Rate For Calcs": 0.15,
        "Normalized EBITDA": 93023000.0,
        "Total Unusual Items": -8968000.0,
        "Total Unusual Items Excluding Goodwill": -8968000.0,
        "Net Income From Continuing Operation Net Minority Interest": 6163000.0,
        "Reconciled Depreciation": 60714000.0,
        "Reconciled Cost Of Revenue": 242829000.0,
        "EBITDA": 84055000.0,
        "EBIT": 23341000.0,
        "Net Interest Income": -13516000.0,
        "Interest Expense": 12934000.0,
        "Normalized Income": 13785800.0,
        "Net Income From Continuing And Discontinued Operation": 6163000.0,
        "Total Expenses": 311225000.0,
        "Rent Expense Supplemental": 6870000.0,
        "Total Operating Income As Reported": 30582000.0,
        "Diluted Average Shares": 28863668.0,
        "Basic Average Shares": 27859886.0,
        "Diluted EPS": 0.21,
        "Basic EPS": 0.22,
        "Diluted NI Availto Com Stockholders": 6163000.0,
        "Average Dilution Earnings": 0.0,
        "Net Income Common Stockholders": 6163000.0,
        "Net Income": 6163000.0,
        "Net Income Including Noncontrolling Interests": 6163000.0,
        "Net Income Continuous Operations": 6163000.0,
        "Tax Provision": 4244000.0,
        "Pretax Income": 10407000.0,
        "Other Income Expense": -5685000.0,
        "Special Income Charges": -2056000.0,
        "Gain On Sale Of Ppe": 974000.0,
        "Restructuring And Mergern Acquisition": 3030000.0,
        "Earnings From Equity Interest": 3283000.0,
        "Gain On Sale Of Security": -6912000.0,
        "Net Non Operating Interest Income Expense": -13516000.0,
        "Total Other Finance Cost": 582000.0,
        "Interest Expense Non Operating": 12934000.0,
        "Operating Income": 29608000.0,
        "Operating Expense": 8283000.0,
        "Depreciation Amortization Depletion Income Statement": 601000.0,
        "Depreciation And Amortization In Income Statement": 601000.0,
        "Amortization": 601000.0,
        "Amortization Of Intangibles Income Statement": 601000.0,
        "Selling General And Administration": 7682000.0,
        "General And Administrative Expense": 7682000.0,
        "Other Gand A": 7682000.0,
        "Gross Profit": 37891000.0,
        "Cost Of Revenue": 302942000.0,
        "Total Revenue": 340833000.0,
        "Operating Revenue": 340833000.0
    },
    "2025-06-30": {
        "Tax Effect Of Unusual Items": 4535280.0,
        "Tax Rate For Calcs": 0.36,
        "Normalized EBITDA": 71365000.0,
        "Total Unusual Items": 12598000.0,
        "Total Unusual Items Excluding Goodwill": 12598000.0,
        "Net Income From Continuing Operation Net Minority Interest": 10250000.0,
        "Reconciled Depreciation": 54511000.0,
        "Reconciled Cost Of Revenue": 230782000.0,
        "EBITDA": 83963000.0,
        "EBIT": 29452000.0,
        "Net Interest Income": -14123000.0,
        "Interest Expense": 13431000.0,
        "Normalized Income": 2187280.0,
        "Net Income From Continuing And Discontinued Operation": 10250000.0,
        "Total Expenses": 297955000.0,
        "Rent Expense Supplemental": 5833000.0,
        "Total Operating Income As Reported": 22789000.0,
        "Diluted Average Shares": 32562639.0,
        "Basic Average Shares": 29354387.0,
        "Diluted EPS": 0.33,
        "Basic EPS": 0.35,
        "Diluted NI Availto Com Stockholders": 10866000.0,
        "Average Dilution Earnings": 616000.0,
        "Net Income Common Stockholders": 10250000.0,
        "Net Income": 10250000.0,
        "Net Income Including Noncontrolling Interests": 10250000.0,
        "Net Income Continuous Operations": 10250000.0,
        "Tax Provision": 5771000.0,
        "Pretax Income": 16021000.0,
        "Other Income Expense": 7465000.0,
        "Special Income Charges": 13348000.0,
        "Gain On Sale Of Ppe": 110000.0,
        "Restructuring And Mergern Acquisition": -13238000.0,
        "Earnings From Equity Interest": -5133000.0,
        "Gain On Sale Of Security": -750000.0,
        "Net Non Operating Interest Income Expense": -14123000.0,
        "Total Other Finance Cost": 692000.0,
        "Interest Expense Non Operating": 13431000.0,
        "Operating Income": 22679000.0,
        "Operating Expense": 13151000.0,
        "Depreciation Amortization Depletion Income Statement": 489000.0,
        "Depreciation And Amortization In Income Statement": 489000.0,
        "Amortization": 489000.0,
        "Amortization Of Intangibles Income Statement": 489000.0,
        "Selling General And Administration": 12662000.0,
        "General And Administrative Expense": 12662000.0,
        "Other Gand A": 12662000.0,
        "Gross Profit": 35830000.0,
        "Cost Of Revenue": 284804000.0,
        "Total Revenue": 320634000.0,
        "Operating Revenue": 320634000.0
    },
    "2025-09-30": {
        "Tax Effect Of Unusual Items": -775546.907545,
        "Tax Rate For Calcs": 0.264782,
        "Normalized EBITDA": 90435000.0,
        "Total Unusual Items": -2929000.0,
        "Total Unusual Items Excluding Goodwill": -2929000.0,
        "Net Income From Continuing Operation Net Minority Interest": 17296000.0,
        "Reconciled Depreciation": 49492000.0,
        "Reconciled Cost Of Revenue": 218399000.0,
        "EBITDA": 87506000.0,
        "EBIT": 38014000.0,
        "Net Interest Income": -15265000.0,
        "Interest Expense": 14489000.0,
        "Normalized Income": 19449453.092455,
        "Net Income From Continuing And Discontinued Operation": 17296000.0,
        "Total Expenses": 280761000.0,
        "Rent Expense Supplemental": 6934000.0,
        "Total Operating Income As Reported": 35747000.0,
        "Diluted Average Shares": 32283751.0,
        "Basic Average Shares": 29166135.0,
        "Diluted EPS": 0.56,
        "Basic EPS": 0.59,
        "Diluted NI Availto Com Stockholders": 17920000.0,
        "Average Dilution Earnings": 624000.0,
        "Net Income Common Stockholders": 17296000.0,
        "Net Income": 17296000.0,
        "Net Income Including Noncontrolling Interests": 17296000.0,
        "Net Income Continuous Operations": 17296000.0,
        "Tax Provision": 6229000.0,
        "Pretax Income": 23525000.0,
        "Other Income Expense": 2303000.0,
        "Special Income Charges": -1245000.0,
        "Gain On Sale Of Ppe": -740000.0,
        "Restructuring And Mergern Acquisition": 505000.0,
        "Earnings From Equity Interest": 5232000.0,
        "Gain On Sale Of Security": -1684000.0,
        "Net Non Operating Interest Income Expense": -15265000.0,
        "Total Other Finance Cost": 776000.0,
        "Interest Expense Non Operating": 14489000.0,
        "Operating Income": 36487000.0,
        "Operating Expense": 13236000.0,
        "Depreciation Amortization Depletion Income Statement": 366000.0,
        "Depreciation And Amortization In Income Statement": 366000.0,
        "Amortization": 366000.0,
        "Amortization Of Intangibles Income Statement": 366000.0,
        "Selling General And Administration": 12870000.0,
        "General And Administrative Expense": 12870000.0,
        "Other Gand A": 12870000.0,
        "Gross Profit": 49723000.0,
        "Cost Of Revenue": 267525000.0,
        "Total Revenue": 317248000.0,
        "Operating Revenue": 317248000.0
    }
}