{
    "2023-03-31": {
        "Tax Effect Of Unusual Items": -3056159.626964,
        "Tax Rate For Calcs": 0.224999,
        "Normalized EBITDA": 292466000.0,
        "Total Unusual Items": -13583000.0,
        "Total Unusual Items Excluding Goodwill": -13583000.0,
        "Net Income From Continuing Operation Net Minority Interest": 244210000.0,
        "Reconciled Cost Of Revenue": 370106000.0,
        "EBITDA": 278883000.0,
        "EBIT": 278883000.0,
        "Net Interest Income": 34388000.0,
        "Interest Income": 34388000.0,
        "Normalized Income": 254736840.373036,
        "Net Income From Continuing And Discontinued Operation": 244210000.0,
        "Total Expenses": 524590000.0,
        "Total Operating Income As Reported": 278883000.0,
        "Diluted Average Shares": 69517068.0,
        "Basic Average Shares": 69466932.0,
        "Diluted EPS": 3.51,
        "Basic EPS": 3.52,
        "Diluted NI Availto Com Stockholders": 244210000.0,
        "Net Income Common Stockholders": 244210000.0,
        "Net Income": 244210000.0,
        "Minority Interests": 875000.0,
        "Net Income Including Noncontrolling Interests": 243335000.0,
        "Net Income Continuous Operations": 243335000.0,
        "Earnings From Equity Interest Net Of Tax": 3669000.0,
        "Tax Provision": 69580000.0,
        "Pretax Income": 309246000.0,
        "Other Income Expense": -4025000.0,
        "Other Non Operating Income Expenses": 9558000.0,
        "Special Income Charges": NaN,
        "Gain On Sale Of Security": -13583000.0,
        "Net Non Operating Interest Income Expense": 34388000.0,
        "Interest Income Non Operating": 34388000.0,
        "Operating Income": 278883000.0,
        "Operating Expense": 154484000.0,
        "Other Operating Expenses": 17813000.0,
        "Provision For Doubtful Accounts": -5698000.0,
        "Selling General And Administration": 142369000.0,
        "Selling And Marketing Expense": 96669000.0,
        "General And Administrative Expense": 45700000.0,
        "Other Gand A": 45700000.0,
        "Gross Profit": 433367000.0,
        "Cost Of Revenue": 370106000.0,
        "Total Revenue": 803473000.0,
        "Excise Taxes": 5795000.0,
        "Operating Revenue": 736402000.0
    },
    "2022-12-31": {
        "Tax Effect Of Unusual Items": NaN,
        "Tax Rate For Calcs": NaN,
        "Normalized EBITDA": NaN,
        "Total Unusual Items": NaN,
        "Total Unusual Items Excluding Goodwill": NaN,
        "Net Income From Continuing Operation Net Minority Interest": NaN,
        "Reconciled Cost Of Revenue": NaN,
        "EBITDA": NaN,
        "EBIT": NaN,
        "Net Interest Income": NaN,
        "Interest Income": NaN,
        "Normalized Income": NaN,
        "Net Income From Continuing And Discontinued Operation": NaN,
        "Total Expenses": NaN,
        "Total Operating Income As Reported": NaN,
        "Diluted Average Shares": NaN,
        "Basic Average Shares": NaN,
        "Diluted EPS": NaN,
        "Basic EPS": NaN,
        "Diluted NI Availto Com Stockholders": NaN,
        "Net Income Common Stockholders": NaN,
        "Net Income": NaN,
        "Minority Interests": NaN,
        "Net Income Including Noncontrolling Interests": NaN,
        "Net Income Continuous Operations": NaN,
        "Earnings From Equity Interest Net Of Tax": NaN,
        "Tax Provision": NaN,
        "Pretax Income": NaN,
        "Other Income Expense": NaN,
        "Other Non Operating Income Expenses": NaN,
        "Special Income Charges": -99000000.0,
        "Other Special Charges": NaN,
        "Gain On Sale Of Security": NaN,
        "Net Non Operating Interest Income Expense": NaN,
        "Interest Income Non Operating": NaN,
        "Operating Income": NaN,
        "Operating Expense": NaN,
        "Other Operating Expenses": NaN,
        "Provision For Doubtful Accounts": NaN,
        "Selling General And Administration": NaN,
        "Selling And Marketing Expense": NaN,
        "General And Administrative Expense": NaN,
        "Other Gand A": NaN,
        "Salaries And Wages": NaN,
        "Gross Profit": NaN,
        "Cost Of Revenue": NaN,
        "Total Revenue": NaN,
        "Excise Taxes": NaN,
        "Operating Revenue": NaN
    },
    "2022-09-30": {
        "Tax Effect Of Unusual Items": NaN,
        "Tax Rate For Calcs": NaN,
        "Normalized EBITDA": NaN,
        "Total Unusual Items": NaN,
        "Total Unusual Items Excluding Goodwill": NaN,
        "Net Income From Continuing Operation Net Minority Interest": NaN,
        "Reconciled Cost Of Revenue": NaN,
        "EBITDA": NaN,
        "EBIT": NaN,
        "Net Interest Income": NaN,
        "Interest Income": NaN,
        "Normalized Income": NaN,
        "Net Income From Continuing And Discontinued Operation": NaN,
        "Total Expenses": NaN,
        "Total Operating Income As Reported": NaN,
        "Diluted Average Shares": NaN,
        "Basic Average Shares": NaN,
        "Diluted EPS": NaN,
        "Basic EPS": NaN,
        "Diluted NI Availto Com Stockholders": NaN,
        "Net Income Common Stockholders": NaN,
        "Net Income": NaN,
        "Minority Interests": NaN,
        "Net Income Including Noncontrolling Interests": NaN,
        "Net Income Continuous Operations": NaN,
        "Earnings From Equity Interest Net Of Tax": NaN,
        "Tax Provision": NaN,
        "Pretax Income": NaN,
        "Other Income Expense": NaN,
        "Other Non Operating Income Expenses": NaN,
        "Special Income Charges": 0.0,
        "Gain On Sale Of Security": NaN,
        "Net Non Operating Interest Income Expense": NaN,
        "Interest Income Non Operating": NaN,
        "Operating Income": NaN,
        "Operating Expense": NaN,
        "Other Operating Expenses": NaN,
        "Provision For Doubtful Accounts": NaN,
        "Selling General And Administration": NaN,
        "Selling And Marketing Expense": NaN,
        "General And Administrative Expense": NaN,
        "Other Gand A": NaN,
        "Gross Profit": NaN,
        "Cost Of Revenue": NaN,
        "Total Revenue": NaN,
        "Excise Taxes": NaN,
        "Operating Revenue": NaN
    },
    "2022-06-30": {
        "Tax Effect Of Unusual Items": 1130142.982096,
        "Tax Rate For Calcs": 0.218427,
        "Normalized EBITDA": 317971000.0,
        "Total Unusual Items": 5174000.0,
        "Total Unusual Items Excluding Goodwill": 5174000.0,
        "Net Income From Continuing Operation Net Minority Interest": 349005000.0,
        "Reconciled Cost Of Revenue": 357805000.0,
        "EBITDA": 323145000.0,
        "EBIT": 323145000.0,
        "Net Interest Income": 17681000.0,
        "Interest Income": 17681000.0,
        "Normalized Income": 344961142.982096,
        "Net Income From Continuing And Discontinued Operation": 349005000.0,
        "Total Expenses": 414997000.0,
        "Total Operating Income As Reported": 323145000.0,
        "Diluted Average Shares": 134621396.0,
        "Basic Average Shares": 134491448.0,
        "Diluted EPS": 2.59,
        "Basic EPS": 2.595,
        "Diluted NI Availto Com Stockholders": 349005000.0,
        "Net Income Common Stockholders": 349005000.0,
        "Net Income": 349005000.0,
        "Minority Interests": 117000.0,
        "Net Income Including Noncontrolling Interests": 348888000.0,
        "Net Income Continuous Operations": 348888000.0,
        "Earnings From Equity Interest Net Of Tax": 69203000.0,
        "Tax Provision": 78164000.0,
        "Pretax Income": 357849000.0,
        "Other Income Expense": 17023000.0,
        "Other Non Operating Income Expenses": 11849000.0,
        "Special Income Charges": 0.0,
        "Other Special Charges": NaN,
        "Gain On Sale Of Security": 5174000.0,
        "Net Non Operating Interest Income Expense": 17681000.0,
        "Interest Income Non Operating": 17681000.0,
        "Operating Income": 323145000.0,
        "Operating Expense": 57192000.0,
        "Other Operating Expenses": -42976000.0,
        "Provision For Doubtful Accounts": -5788000.0,
        "Selling General And Administration": 105956000.0,
        "Selling And Marketing Expense": 70307000.0,
        "General And Administrative Expense": 35649000.0,
        "Other Gand A": 35649000.0,
        "Salaries And Wages": NaN,
        "Gross Profit": 380337000.0,
        "Cost Of Revenue": 357805000.0,
        "Total Revenue": 738142000.0,
        "Excise Taxes": 10284000.0,
        "Operating Revenue": 748426000.0
    },
    "2022-03-31": {
        "Diluted EPS": 0.71,
        "Total Revenue": 126,
        "Gross Profit": 126,
        "Operating Income": 50,
        "EBIT": 56,
        "Net Income": 48
    },
    "2021-12-31": {
        "Diluted EPS": 0.69,
        "Total Revenue": 206,
        "Gross Profit": 206,
        "Operating Income": 24,
        "EBIT": 24,
        "Net Income": 47
    },
    "2021-09-30": {
        "Diluted EPS": 0.63,
        "Total Revenue": 141,
        "Gross Profit": 141,
        "Operating Income": 36,
        "EBIT": 36,
        "Net Income": 42
    },
    "2021-06-30": {
        "Diluted EPS": 0.7,
        "Total Revenue": 139,
        "Gross Profit": 139,
        "Operating Income": 52,
        "EBIT": 52,
        "Net Income": 47
    },
    "2021-03-31": {
        "Diluted EPS": 1.03,
        "Total Revenue": 187,
        "Gross Profit": 187,
        "Operating Income": 77,
        "EBIT": 77,
        "Net Income": 69
    },
    "2020-12-31": {
        "Diluted EPS": -3.76,
        "Total Revenue": 169,
        "Gross Profit": 169,
        "Operating Income": 60,
        "EBIT": 60,
        "Net Income": -233
    },
    "2020-09-30": {
        "Diluted EPS": 0.68,
        "Total Revenue": 127,
        "Gross Profit": 127,
        "Operating Income": 51,
        "EBIT": 51,
        "Net Income": 42
    },
    "2020-06-30": {
        "Diluted EPS": 0.69,
        "Total Revenue": 106,
        "Gross Profit": 106,
        "Operating Income": 45,
        "EBIT": 45,
        "Net Income": 42
    },
    "2020-03-31": {
        "Diluted EPS": 0.55,
        "Total Revenue": 105,
        "Gross Profit": 105,
        "Operating Income": 36,
        "EBIT": 36,
        "Net Income": 34
    },
    "2019-12-31": {
        "Diluted EPS": 0.23,
        "Total Revenue": 110,
        "Gross Profit": 110,
        "Operating Income": 17,
        "EBIT": 17,
        "Net Income": 13
    },
    "2019-09-30": {
        "Diluted EPS": 0.43,
        "Total Revenue": 118,
        "Gross Profit": 118,
        "Operating Income": 33,
        "EBIT": 33,
        "Net Income": 27
    },
    "2019-06-30": {
        "Diluted EPS": 0.59,
        "Total Revenue": 127,
        "Gross Profit": 127,
        "Operating Income": 37,
        "EBIT": 37,
        "Net Income": 36
    },
    "2019-03-31": {
        "Diluted EPS": 0.68,
        "Total Revenue": 133,
        "Gross Profit": 133,
        "Operating Income": 45,
        "EBIT": 45,
        "Net Income": 42
    },
    "2018-12-31": {
        "Diluted EPS": 0.28,
        "Total Revenue": 103,
        "Gross Profit": 103,
        "Operating Income": 18,
        "EBIT": 18,
        "Net Income": 18
    },
    "2018-09-30": {
        "Diluted EPS": 0.5,
        "Total Revenue": 122,
        "Gross Profit": 122,
        "Operating Income": 39,
        "EBIT": 39,
        "Net Income": 30
    },
    "2018-06-30": {
        "Diluted EPS": 0.45,
        "Total Revenue": 121,
        "Gross Profit": 121,
        "Operating Income": 33,
        "EBIT": 33,
        "Net Income": 27
    },
    "2018-03-31": {
        "Diluted EPS": 0.71,
        "Total Revenue": 132,
        "Gross Profit": 132,
        "Operating Income": 44,
        "EBIT": 44,
        "Net Income": 43
    },
    "2017-12-31": {
        "Diluted EPS": 0.46,
        "Total Revenue": 124,
        "Gross Profit": 124,
        "Operating Income": 25,
        "EBIT": 25,
        "Net Income": 27
    },
    "2017-09-30": {
        "Diluted EPS": 0.47,
        "Total Revenue": 103,
        "Gross Profit": 103,
        "Operating Income": 24,
        "EBIT": 24,
        "Net Income": 28
    },
    "2017-06-30": {
        "Diluted EPS": 0.52,
        "Total Revenue": 104,
        "Gross Profit": 104,
        "Operating Income": 33,
        "EBIT": 33,
        "Net Income": 31
    },
    "2017-03-31": {
        "Diluted EPS": 0.54,
        "Total Revenue": 104,
        "Gross Profit": 104,
        "Operating Income": 37,
        "EBIT": 37,
        "Net Income": 32
    },
    "2016-12-31": {
        "Diluted EPS": 0.2,
        "Total Revenue": 79,
        "Gross Profit": 79,
        "Operating Income": 7,
        "EBIT": 7,
        "Net Income": 11
    },
    "2016-09-30": {
        "Diluted EPS": 0.4,
        "Total Revenue": 91,
        "Gross Profit": 91,
        "Operating Income": 24,
        "EBIT": 24,
        "Net Income": 23
    },
    "2016-06-30": {
        "Diluted EPS": 0.47,
        "Total Revenue": 98,
        "Gross Profit": 98,
        "Operating Income": 29,
        "EBIT": 29,
        "Net Income": 27
    },
    "2016-03-31": {
        "Diluted EPS": 0.52,
        "Total Revenue": 94,
        "Gross Profit": 94,
        "Operating Income": 35,
        "EBIT": 35,
        "Net Income": 31
    },
    "2015-12-31": {
        "Diluted EPS": 0.23,
        "Total Revenue": 93,
        "Gross Profit": 225,
        "Operating Income": 31,
        "EBIT": 31,
        "Net Income": 13
    },
    "2015-09-30": {
        "Diluted EPS": 0.41,
        "Total Revenue": 83,
        "Gross Profit": 36,
        "Operating Income": 14,
        "EBIT": 14,
        "Net Income": 24
    },
    "2015-06-30": {
        "Diluted EPS": 0.46,
        "Total Revenue": 93,
        "Gross Profit": 44,
        "Operating Income": 31,
        "EBIT": 31,
        "Net Income": 27
    },
    "2015-03-31": {
        "Diluted EPS": 0.37,
        "Total Revenue": 75,
        "Gross Profit": 40,
        "Operating Income": 26,
        "EBIT": 26,
        "Net Income": 21
    },
    "2014-12-31": {
        "Diluted EPS": 0.26,
        "Total Revenue": 63,
        "Gross Profit": -13,
        "Operating Income": 7,
        "EBIT": 7,
        "Net Income": 15
    },
    "2014-09-30": {
        "Diluted EPS": 0.32,
        "Total Revenue": 63,
        "Gross Profit": 48,
        "Operating Income": 20,
        "EBIT": 20,
        "Net Income": 18
    },
    "2014-06-30": {
        "Diluted EPS": 0.41,
        "Total Revenue": 71,
        "Gross Profit": 53,
        "Operating Income": 27,
        "EBIT": 27,
        "Net Income": 23
    },
    "2014-03-31": {
        "Diluted EPS": 0.3,
        "Total Revenue": 53,
        "Gross Profit": 42,
        "Operating Income": 24,
        "EBIT": 24,
        "Net Income": 17
    },
    "2013-12-31": {
        "Diluted EPS": 0.24,
        "Total Revenue": 45,
        "Gross Profit": 35,
        "Operating Income": 13,
        "EBIT": 13,
        "Net Income": 13
    },
    "2013-09-30": {
        "Diluted EPS": 0.25,
        "Total Revenue": 41,
        "Gross Profit": 33,
        "Operating Income": 17,
        "EBIT": 17,
        "Net Income": 14
    },
    "2013-06-30": {
        "Diluted EPS": 0.26,
        "Total Revenue": 44,
        "Gross Profit": 35,
        "Operating Income": 18,
        "EBIT": 18,
        "Net Income": 14
    },
    "2013-03-31": {
        "Diluted EPS": 0.17,
        "Total Revenue": 33,
        "Gross Profit": 27,
        "Operating Income": 12,
        "EBIT": 12,
        "Net Income": 10
    },
    "2012-12-31": {
        "Diluted EPS": 0.12,
        "Total Revenue": 25,
        "Gross Profit": 20,
        "Operating Income": 7,
        "EBIT": 7,
        "Net Income": 6
    },
    "2012-09-30": {
        "Diluted EPS": 0.14,
        "Total Revenue": 26,
        "Gross Profit": 21,
        "Operating Income": 9,
        "EBIT": 9,
        "Net Income": 8
    },
    "2012-06-30": {
        "Diluted EPS": 0.11,
        "Total Revenue": 20,
        "Gross Profit": 16,
        "Operating Income": 8,
        "EBIT": 8,
        "Net Income": 6
    },
    "2012-03-31": {
        "Diluted EPS": 0.05,
        "Total Revenue": 17,
        "Gross Profit": 13,
        "Operating Income": 3,
        "EBIT": 3,
        "Net Income": 3
    },
    "2011-12-31": {
        "Diluted EPS": 0.06,
        "Total Revenue": 14,
        "Gross Profit": 11,
        "Operating Income": 2,
        "EBIT": 2,
        "Net Income": 4
    },
    "2011-09-30": {
        "Diluted EPS": 0.1,
        "Total Revenue": 19,
        "Gross Profit": 15,
        "Operating Income": 6,
        "EBIT": 6,
        "Net Income": 6
    },
    "2011-06-30": {
        "Diluted EPS": 0.16,
        "Total Revenue": 25,
        "Gross Profit": 20,
        "Operating Income": 12,
        "EBIT": 12,
        "Net Income": 9
    },
    "2011-03-31": {
        "Diluted EPS": 0.1,
        "Total Revenue": 15,
        "Gross Profit": 13,
        "Operating Income": 7,
        "EBIT": 7,
        "Net Income": 6
    },
    "2010-12-31": {
        "Diluted EPS": 0.08,
        "Total Revenue": 14,
        "Gross Profit": 14,
        "Operating Income": 14,
        "EBIT": 14,
        "Net Income": 4
    },
    "2010-09-30": {
        "Diluted EPS": 0.01,
        "Total Revenue": 4,
        "Gross Profit": 2,
        "Operating Income": -3,
        "EBIT": -3,
        "Net Income": 1
    },
    "2010-06-30": {
        "Diluted EPS": 0.04,
        "Total Revenue": 8,
        "Gross Profit": 8,
        "Operating Income": 8,
        "EBIT": 8,
        "Net Income": 2
    },
    "2010-03-31": {
        "Diluted EPS": 0.04,
        "Total Revenue": 6,
        "Gross Profit": 6,
        "Operating Income": 6,
        "EBIT": 6,
        "Net Income": 2
    },
    "2009-12-31": {
        "Diluted EPS": 0.04,
        "Total Revenue": 5,
        "Gross Profit": 5,
        "Operating Income": 5,
        "EBIT": 5,
        "Net Income": 2
    },
    "2023-06-30": {
        "Tax Effect Of Unusual Items": NaN,
        "Tax Rate For Calcs": NaN,
        "Normalized EBITDA": NaN,
        "Total Unusual Items": NaN,
        "Total Unusual Items Excluding Goodwill": NaN,
        "Net Income From Continuing Operation Net Minority Interest": NaN,
        "Reconciled Cost Of Revenue": NaN,
        "EBITDA": NaN,
        "EBIT": NaN,
        "Net Interest Income": NaN,
        "Interest Income": NaN,
        "Normalized Income": NaN,
        "Net Income From Continuing And Discontinued Operation": NaN,
        "Total Expenses": NaN,
        "Total Operating Income As Reported": NaN,
        "Diluted Average Shares": NaN,
        "Basic Average Shares": NaN,
        "Diluted EPS": NaN,
        "Basic EPS": NaN,
        "Diluted NI Availto Com Stockholders": NaN,
        "Net Income Common Stockholders": NaN,
        "Net Income": NaN,
        "Minority Interests": NaN,
        "Net Income Including Noncontrolling Interests": NaN,
        "Net Income Continuous Operations": NaN,
        "Earnings From Equity Interest Net Of Tax": NaN,
        "Tax Provision": NaN,
        "Pretax Income": NaN,
        "Other Income Expense": NaN,
        "Other Non Operating Income Expenses": NaN,
        "Special Income Charges": 0.0,
        "Other Special Charges": NaN,
        "Gain On Sale Of Security": NaN,
        "Net Non Operating Interest Income Expense": NaN,
        "Interest Income Non Operating": NaN,
        "Operating Income": NaN,
        "Operating Expense": NaN,
        "Other Operating Expenses": NaN,
        "Provision For Doubtful Accounts": NaN,
        "Selling General And Administration": NaN,
        "Selling And Marketing Expense": NaN,
        "General And Administrative Expense": NaN,
        "Other Gand A": NaN,
        "Salaries And Wages": 204798000.0,
        "Gross Profit": NaN,
        "Cost Of Revenue": NaN,
        "Total Revenue": NaN,
        "Excise Taxes": NaN,
        "Operating Revenue": NaN
    },
    "2023-09-30": {
        "Tax Effect Of Unusual Items": NaN,
        "Tax Rate For Calcs": NaN,
        "Normalized EBITDA": NaN,
        "Total Unusual Items": NaN,
        "Total Unusual Items Excluding Goodwill": NaN,
        "Net Income From Continuing Operation Net Minority Interest": NaN,
        "Reconciled Cost Of Revenue": NaN,
        "EBITDA": NaN,
        "EBIT": NaN,
        "Net Interest Income": NaN,
        "Interest Income": NaN,
        "Normalized Income": NaN,
        "Net Income From Continuing And Discontinued Operation": NaN,
        "Total Expenses": NaN,
        "Total Operating Income As Reported": NaN,
        "Diluted Average Shares": 69485287.0,
        "Basic Average Shares": 69472282.0,
        "Diluted EPS": 3.36,
        "Basic EPS": 3.36,
        "Diluted NI Availto Com Stockholders": NaN,
        "Net Income Common Stockholders": NaN,
        "Net Income": NaN,
        "Minority Interests": NaN,
        "Net Income Including Noncontrolling Interests": NaN,
        "Net Income Continuous Operations": NaN,
        "Earnings From Equity Interest Net Of Tax": NaN,
        "Tax Provision": NaN,
        "Pretax Income": NaN,
        "Other Income Expense": NaN,
        "Other Non Operating Income Expenses": NaN,
        "Special Income Charges": NaN,
        "Other Special Charges": NaN,
        "Gain On Sale Of Security": NaN,
        "Net Non Operating Interest Income Expense": NaN,
        "Interest Income Non Operating": NaN,
        "Operating Income": NaN,
        "Operating Expense": NaN,
        "Other Operating Expenses": NaN,
        "Provision For Doubtful Accounts": NaN,
        "Selling General And Administration": NaN,
        "Selling And Marketing Expense": NaN,
        "General And Administrative Expense": NaN,
        "Other Gand A": NaN,
        "Salaries And Wages": 215047000.0,
        "Gross Profit": NaN,
        "Cost Of Revenue": NaN,
        "Total Revenue": NaN,
        "Excise Taxes": NaN,
        "Operating Revenue": NaN
    },
    "2023-12-31": {
        "Tax Effect Of Unusual Items": -9377177.043671,
        "Tax Rate For Calcs": NaN,
        "Normalized EBITDA": 274291000.0,
        "Total Unusual Items": -53567000.0,
        "Total Unusual Items Excluding Goodwill": -53567000.0,
        "Net Income From Continuing Operation Net Minority Interest": 216530000.0,
        "Reconciled Cost Of Revenue": 300750000.0,
        "EBITDA": 220724000.0,
        "EBIT": 220724000.0,
        "Net Interest Income": 44389000.0,
        "Interest Income": 44389000.0,
        "Normalized Income": 260719822.956329,
        "Net Income From Continuing And Discontinued Operation": 216530000.0,
        "Total Expenses": 578784000.0,
        "Total Operating Income As Reported": 220724000.0,
        "Diluted Average Shares": 69500978.0,
        "Basic Average Shares": 69487210.0,
        "Diluted EPS": 3.115,
        "Basic EPS": 3.115,
        "Diluted NI Availto Com Stockholders": 216530000.0,
        "Net Income Common Stockholders": 216530000.0,
        "Net Income": 216530000.0,
        "Minority Interests": 3190000.0,
        "Net Income Including Noncontrolling Interests": 213340000.0,
        "Net Income Continuous Operations": 213340000.0,
        "Earnings From Equity Interest Net Of Tax": 52795000.0,
        "Tax Provision": 34068000.0,
        "Pretax Income": 194613000.0,
        "Other Income Expense": -70500000.0,
        "Other Non Operating Income Expenses": -16933000.0,
        "Special Income Charges": NaN,
        "Other Special Charges": NaN,
        "Gain On Sale Of Security": -53567000.0,
        "Net Non Operating Interest Income Expense": 44389000.0,
        "Interest Income Non Operating": 44389000.0,
        "Operating Income": 220724000.0,
        "Operating Expense": 278034000.0,
        "Other Operating Expenses": 23023000.0,
        "Provision For Doubtful Accounts": -1025000.0,
        "Selling General And Administration": NaN,
        "Selling And Marketing Expense": 157399000.0,
        "General And Administrative Expense": 98637000.0,
        "Other Gand A": 98637000.0,
        "Salaries And Wages": NaN,
        "Gross Profit": 498758000.0,
        "Cost Of Revenue": 300750000.0,
        "Total Revenue": NaN,
        "Excise Taxes": 9031000.0,
        "Operating Revenue": 749295000.0
    },
    "2024-03-31": {
        "Tax Effect Of Unusual Items": 1251912.767053,
        "Tax Rate For Calcs": 0.241449,
        "Normalized EBITDA": 116301000.0,
        "Total Unusual Items": 5185000.0,
        "Total Unusual Items Excluding Goodwill": 5185000.0,
        "Net Income From Continuing Operation Net Minority Interest": 131491000.0,
        "Reconciled Cost Of Revenue": 388785000.0,
        "EBITDA": 121486000.0,
        "EBIT": 121486000.0,
        "Net Interest Income": 46185000.0,
        "Interest Income": 46185000.0,
        "Normalized Income": 127557912.767053,
        "Net Income From Continuing And Discontinued Operation": 131491000.0,
        "Total Expenses": 528049000.0,
        "Total Operating Income As Reported": 121486000.0,
        "Diluted Average Shares": 69788638.0,
        "Basic Average Shares": 69781578.0,
        "Diluted EPS": 1.88,
        "Basic EPS": 1.88,
        "Diluted NI Availto Com Stockholders": 131491000.0,
        "Net Income Common Stockholders": 131491000.0,
        "Net Income": 131491000.0,
        "Minority Interests": -372000.0,
        "Net Income Including Noncontrolling Interests": 131863000.0,
        "Net Income Continuous Operations": 131863000.0,
        "Earnings From Equity Interest Net Of Tax": -2242000.0,
        "Tax Provision": 42686000.0,
        "Pretax Income": 176791000.0,
        "Other Income Expense": 9120000.0,
        "Other Non Operating Income Expenses": 3935000.0,
        "Special Income Charges": NaN,
        "Other Special Charges": NaN,
        "Gain On Sale Of Security": 5185000.0,
        "Net Non Operating Interest Income Expense": 46185000.0,
        "Interest Income Non Operating": 46185000.0,
        "Operating Income": 121486000.0,
        "Operating Expense": 139264000.0,
        "Other Operating Expenses": 5913000.0,
        "Provision For Doubtful Accounts": -97000.0,
        "Selling General And Administration": 133448000.0,
        "Selling And Marketing Expense": 62332000.0,
        "General And Administrative Expense": 71116000.0,
        "Other Gand A": 71116000.0,
        "Salaries And Wages": NaN,
        "Gross Profit": 260750000.0,
        "Cost Of Revenue": 144295000.0,
        "Total Revenue": 649535000.0,
        "Excise Taxes": 4733000.0,
        "Operating Revenue": 619308000.0
    },
    "2024-06-30": {
        "Tax Effect Of Unusual Items": 4501212.021467,
        "Tax Rate For Calcs": 0.20576,
        "Normalized EBITDA": 112139000.0,
        "Total Unusual Items": 21876000.0,
        "Total Unusual Items Excluding Goodwill": 21876000.0,
        "Net Income From Continuing Operation Net Minority Interest": 99787000.0,
        "Reconciled Cost Of Revenue": 131505000.0,
        "EBITDA": 134015000.0,
        "EBIT": 134015000.0,
        "Net Interest Income": 42587000.0,
        "Interest Income": 42587000.0,
        "Normalized Income": 82412212.021467,
        "Net Income From Continuing And Discontinued Operation": 99787000.0,
        "Total Expenses": 481839000.0,
        "Total Operating Income As Reported": 134015000.0,
        "Diluted Average Shares": 70429388.0,
        "Basic Average Shares": 70229503.0,
        "Diluted EPS": 1.42,
        "Basic EPS": 1.42,
        "Diluted NI Availto Com Stockholders": 99787000.0,
        "Net Income Common Stockholders": 99787000.0,
        "Net Income": 99787000.0,
        "Minority Interests": -3906000.0,
        "Net Income Including Noncontrolling Interests": 103693000.0,
        "Net Income Continuous Operations": 103693000.0,
        "Earnings From Equity Interest Net Of Tax": -51700000.0,
        "Tax Provision": 40257000.0,
        "Pretax Income": 195650000.0,
        "Other Income Expense": 19048000.0,
        "Other Non Operating Income Expenses": -2828000.0,
        "Special Income Charges": 11476000.0,
        "Other Special Charges": -11476000.0,
        "Gain On Sale Of Security": 10400000.0,
        "Net Non Operating Interest Income Expense": 42587000.0,
        "Interest Income Non Operating": 42587000.0,
        "Operating Income": 134015000.0,
        "Operating Expense": 350334000.0,
        "Other Operating Expenses": 43368000.0,
        "Provision For Doubtful Accounts": -331000.0,
        "Selling General And Administration": 307297000.0,
        "Selling And Marketing Expense": 61890000.0,
        "General And Administrative Expense": 245407000.0,
        "Other Gand A": 79902000.0,
        "Salaries And Wages": 165505000.0,
        "Gross Profit": 484349000.0,
        "Cost Of Revenue": 131505000.0,
        "Total Revenue": 615854000.0,
        "Excise Taxes": 4721000.0,
        "Operating Revenue": 570625000.0
    },
    "2024-09-30": {
        "Tax Effect Of Unusual Items": 6009884.927703,
        "Tax Rate For Calcs": 0.367937,
        "Normalized EBITDA": 224480000.0,
        "Total Unusual Items": 16334000.0,
        "Total Unusual Items Excluding Goodwill": 16334000.0,
        "Net Income From Continuing Operation Net Minority Interest": 134416000.0,
        "Reconciled Cost Of Revenue": 137082000.0,
        "EBITDA": 240814000.0,
        "EBIT": 240814000.0,
        "Net Interest Income": 28416000.0,
        "Interest Income": 28416000.0,
        "Normalized Income": 124091884.927703,
        "Net Income From Continuing And Discontinued Operation": 134416000.0,
        "Total Expenses": 442872000.0,
        "Total Operating Income As Reported": 240814000.0,
        "Diluted Average Shares": 70396502.0,
        "Basic Average Shares": 70334784.0,
        "Diluted EPS": 1.91,
        "Basic EPS": 1.91,
        "Diluted NI Availto Com Stockholders": 134416000.0,
        "Net Income Common Stockholders": 134416000.0,
        "Net Income": 134416000.0,
        "Minority Interests": -3351000.0,
        "Net Income Including Noncontrolling Interests": 137767000.0,
        "Net Income Continuous Operations": 137767000.0,
        "Earnings From Equity Interest Net Of Tax": -15184000.0,
        "Tax Provision": 89036000.0,
        "Pretax Income": 241987000.0,
        "Other Income Expense": -27243000.0,
        "Other Non Operating Income Expenses": -43577000.0,
        "Special Income Charges": NaN,
        "Other Special Charges": NaN,
        "Gain On Sale Of Security": 16334000.0,
        "Net Non Operating Interest Income Expense": 28416000.0,
        "Interest Income Non Operating": 28416000.0,
        "Operating Income": 240814000.0,
        "Operating Expense": 305790000.0,
        "Other Operating Expenses": -10717000.0,
        "Provision For Doubtful Accounts": 5416000.0,
        "Selling General And Administration": 311091000.0,
        "Selling And Marketing Expense": 65939000.0,
        "General And Administrative Expense": 245152000.0,
        "Other Gand A": 72250000.0,
        "Salaries And Wages": 172902000.0,
        "Gross Profit": 546604000.0,
        "Cost Of Revenue": 137082000.0,
        "Total Revenue": 683686000.0,
        "Excise Taxes": 5016000.0,
        "Operating Revenue": 639938000.0
    },
    "2024-12-31": {
        "Tax Effect Of Unusual Items": 12673272.580053,
        "Tax Rate For Calcs": 0.381599,
        "Normalized EBITDA": 104363000.0,
        "Total Unusual Items": 33211000.0,
        "Total Unusual Items Excluding Goodwill": 33211000.0,
        "Net Income From Continuing Operation Net Minority Interest": 109751000.0,
        "Reconciled Cost Of Revenue": 936569000.0,
        "EBITDA": 137574000.0,
        "EBIT": 137574000.0,
        "Net Interest Income": 38563000.0,
        "Interest Income": 38563000.0,
        "Normalized Income": 89213272.580053,
        "Net Income From Continuing And Discontinued Operation": 109751000.0,
        "Total Expenses": 514333000.0,
        "Total Operating Income As Reported": 137574000.0,
        "Diluted Average Shares": NaN,
        "Basic Average Shares": NaN,
        "Diluted EPS": NaN,
        "Basic EPS": NaN,
        "Diluted NI Availto Com Stockholders": 109751000.0,
        "Net Income Common Stockholders": 109751000.0,
        "Net Income": 109751000.0,
        "Minority Interests": -3930000.0,
        "Net Income Including Noncontrolling Interests": 113681000.0,
        "Net Income Continuous Operations": 113681000.0,
        "Earnings From Equity Interest Net Of Tax": -42884000.0,
        "Tax Provision": 96612000.0,
        "Pretax Income": 253177000.0,
        "Other Income Expense": 77040000.0,
        "Other Non Operating Income Expenses": 43829000.0,
        "Special Income Charges": NaN,
        "Other Special Charges": NaN,
        "Gain On Sale Of Security": 18233000.0,
        "Net Non Operating Interest Income Expense": 38563000.0,
        "Interest Income Non Operating": 38563000.0,
        "Operating Income": 137574000.0,
        "Operating Expense": -422236000.0,
        "Other Operating Expenses": -10593000.0,
        "Provision For Doubtful Accounts": 18894000.0,
        "Selling General And Administration": -430537000.0,
        "Selling And Marketing Expense": 78877000.0,
        "General And Administrative Expense": -509414000.0,
        "Other Gand A": 73483000.0,
        "Salaries And Wages": NaN,
        "Gross Profit": -284662000.0,
        "Cost Of Revenue": 936569000.0,
        "Total Revenue": 651907000.0,
        "Excise Taxes": 5882000.0,
        "Operating Revenue": 605355000.0
    },
    "2025-03-31": {
        "Tax Effect Of Unusual Items": NaN,
        "Tax Rate For Calcs": 0.272998,
        "Normalized EBITDA": NaN,
        "Total Unusual Items": NaN,
        "Total Unusual Items Excluding Goodwill": NaN,
        "Net Income From Continuing Operation Net Minority Interest": NaN,
        "Reconciled Cost Of Revenue": NaN,
        "EBITDA": NaN,
        "EBIT": NaN,
        "Net Interest Income": NaN,
        "Interest Income": NaN,
        "Normalized Income": NaN,
        "Net Income From Continuing And Discontinued Operation": NaN,
        "Total Expenses": NaN,
        "Total Operating Income As Reported": NaN,
        "Diluted Average Shares": NaN,
        "Basic Average Shares": NaN,
        "Diluted EPS": NaN,
        "Basic EPS": NaN,
        "Diluted NI Availto Com Stockholders": NaN,
        "Net Income Common Stockholders": NaN,
        "Net Income": NaN,
        "Minority Interests": NaN,
        "Net Income Including Noncontrolling Interests": NaN,
        "Net Income Continuous Operations": NaN,
        "Earnings From Equity Interest Net Of Tax": NaN,
        "Tax Provision": NaN,
        "Pretax Income": NaN,
        "Other Income Expense": NaN,
        "Other Non Operating Income Expenses": NaN,
        "Special Income Charges": NaN,
        "Other Special Charges": NaN,
        "Gain On Sale Of Security": NaN,
        "Net Non Operating Interest Income Expense": NaN,
        "Interest Income Non Operating": NaN,
        "Operating Income": NaN,
        "Operating Expense": NaN,
        "Other Operating Expenses": NaN,
        "Provision For Doubtful Accounts": NaN,
        "Selling General And Administration": 296840000.0,
        "Selling And Marketing Expense": NaN,
        "General And Administrative Expense": NaN,
        "Other Gand A": NaN,
        "Salaries And Wages": NaN,
        "Gross Profit": NaN,
        "Cost Of Revenue": NaN,
        "Total Revenue": 614594000.0,
        "Excise Taxes": NaN,
        "Operating Revenue": NaN
    }
}