{
    "2023-03-31": {
        "Tax Effect Of Unusual Items": NaN,
        "Tax Rate For Calcs": NaN,
        "Net Income From Continuing Operation Net Minority Interest": NaN,
        "Reconciled Depreciation": NaN,
        "Normalized Income": NaN,
        "Net Income From Continuing And Discontinued Operation": NaN,
        "Total Expenses": NaN,
        "Diluted Average Shares": 21368956.0,
        "Basic Average Shares": 21368956.0,
        "Diluted EPS": -0.2,
        "Basic EPS": -0.2,
        "Diluted NI Availto Com Stockholders": NaN,
        "Net Income Common Stockholders": NaN,
        "Net Income": NaN,
        "Minority Interests": NaN,
        "Net Income Including Noncontrolling Interests": NaN,
        "Net Income Discontinuous Operations": NaN,
        "Net Income Continuous Operations": NaN,
        "Tax Provision": NaN,
        "Pretax Income": NaN,
        "Total Revenue": NaN,
        "Operating Revenue": NaN,
        "Loss Adjustment Expense": NaN,
        "Net Policyholder Benefits And Claims": NaN,
        "Policyholder Benefits Gross": NaN,
        "Policyholder Benefits Ceded": NaN
    },
    "2022-12-31": {
        "Tax Effect Of Unusual Items": 0.0,
        "Tax Rate For Calcs": 0.21,
        "Net Income From Continuing Operation Net Minority Interest": 890000.0,
        "Reconciled Depreciation": 309000.0,
        "Normalized Income": 890000.0,
        "Net Income From Continuing And Discontinued Operation": 890000.0,
        "Total Expenses": 92674000.0,
        "Diluted Average Shares": NaN,
        "Basic Average Shares": NaN,
        "Diluted EPS": NaN,
        "Basic EPS": NaN,
        "Diluted NI Availto Com Stockholders": 890000.0,
        "Net Income Common Stockholders": 890000.0,
        "Net Income": 890000.0,
        "Minority Interests": -101000.0,
        "Net Income Including Noncontrolling Interests": 991000.0,
        "Net Income Continuous Operations": 991000.0,
        "Tax Provision": -333000.0,
        "Pretax Income": 658000.0,
        "Total Revenue": 93332000.0,
        "Operating Revenue": 93332000.0
    },
    "2022-09-30": {
        "Tax Effect Of Unusual Items": NaN,
        "Tax Rate For Calcs": NaN,
        "Net Income From Continuing Operation Net Minority Interest": NaN,
        "Reconciled Depreciation": NaN,
        "Normalized Income": NaN,
        "Net Income From Continuing And Discontinued Operation": NaN,
        "Total Expenses": NaN,
        "Diluted Average Shares": 21328383.0,
        "Basic Average Shares": 21328383.0,
        "Diluted EPS": -0.47,
        "Basic EPS": -0.47,
        "Diluted NI Availto Com Stockholders": NaN,
        "Net Income Common Stockholders": NaN,
        "Net Income": NaN,
        "Minority Interests": NaN,
        "Net Income Including Noncontrolling Interests": NaN,
        "Net Income Continuous Operations": NaN,
        "Tax Provision": NaN,
        "Pretax Income": NaN,
        "Total Revenue": NaN,
        "Operating Revenue": NaN
    },
    "2022-06-30": {
        "Tax Effect Of Unusual Items": 0.0,
        "Tax Rate For Calcs": 0.21,
        "Net Income From Continuing Operation Net Minority Interest": -45910000.0,
        "Reconciled Depreciation": 294000.0,
        "Normalized Income": -45910000.0,
        "Net Income From Continuing And Discontinued Operation": -45910000.0,
        "Total Expenses": 134841000.0,
        "Diluted Average Shares": 21379803.0,
        "Basic Average Shares": 21379803.0,
        "Diluted EPS": -2.15,
        "Basic EPS": -2.15,
        "Diluted NI Availto Com Stockholders": -45910000.0,
        "Net Income Common Stockholders": -45910000.0,
        "Net Income": -45910000.0,
        "Minority Interests": 726000.0,
        "Net Income Including Noncontrolling Interests": -46636000.0,
        "Net Income Continuous Operations": -46636000.0,
        "Tax Provision": -12415000.0,
        "Pretax Income": -59051000.0,
        "Total Revenue": 75790000.0,
        "Operating Revenue": 75790000.0
    },
    "2022-03-31": {
        "Diluted EPS": 0.09,
        "Total Revenue": 66,
        "Gross Profit": 26,
        "Operating Income": 3,
        "EBIT": 19,
        "Net Income": 2
    },
    "2021-12-31": {
        "Diluted EPS": 0.28,
        "Total Revenue": 85,
        "Gross Profit": 35,
        "Operating Income": 8,
        "EBIT": 27,
        "Net Income": 6
    },
    "2021-09-30": {
        "Diluted EPS": -0.22,
        "Total Revenue": 85,
        "Gross Profit": 19,
        "Operating Income": -6,
        "EBIT": 7,
        "Net Income": -5
    },
    "2021-06-30": {
        "Diluted EPS": -0.12,
        "Total Revenue": 83,
        "Gross Profit": 20,
        "Operating Income": -3,
        "EBIT": 17,
        "Net Income": -3
    },
    "2021-03-31": {
        "Diluted EPS": 0.45,
        "Total Revenue": 71,
        "Gross Profit": 34,
        "Operating Income": 13,
        "EBIT": 27,
        "Net Income": 10
    },
    "2020-12-31": {
        "Diluted EPS": 0.98,
        "Total Revenue": 84,
        "Gross Profit": 52,
        "Operating Income": 29,
        "EBIT": 42,
        "Net Income": 22
    },
    "2020-09-30": {
        "Diluted EPS": 0.17,
        "Total Revenue": 81,
        "Gross Profit": 27,
        "Operating Income": 5,
        "EBIT": 22,
        "Net Income": 4
    },
    "2020-06-30": {
        "Diluted EPS": 0.85,
        "Total Revenue": 96,
        "Gross Profit": 43,
        "Operating Income": 24,
        "EBIT": 41,
        "Net Income": 19
    },
    "2020-03-31": {
        "Diluted EPS": -0.16,
        "Total Revenue": 46,
        "Gross Profit": 16,
        "Operating Income": -4,
        "EBIT": 7,
        "Net Income": -4
    },
    "2019-12-31": {
        "Diluted EPS": 0.77,
        "Total Revenue": 71,
        "Gross Profit": 38,
        "Operating Income": 21,
        "EBIT": 31,
        "Net Income": 17
    },
    "2019-09-30": {
        "Diluted EPS": -0.31,
        "Total Revenue": 70,
        "Gross Profit": 9,
        "Operating Income": -9,
        "EBIT": 3,
        "Net Income": -7
    },
    "2019-06-30": {
        "Diluted EPS": 0.11,
        "Total Revenue": 69,
        "Gross Profit": 20,
        "Operating Income": 4,
        "EBIT": 21,
        "Net Income": 2
    },
    "2019-03-31": {
        "Diluted EPS": 0.62,
        "Total Revenue": 61,
        "Gross Profit": 34,
        "Operating Income": 18,
        "EBIT": 28,
        "Net Income": 14
    },
    "2018-12-31": {
        "Diluted EPS": 0.67,
        "Total Revenue": 57,
        "Gross Profit": 35,
        "Operating Income": 19,
        "EBIT": 27,
        "Net Income": 15
    },
    "2018-09-30": {
        "Diluted EPS": 0.44,
        "Total Revenue": 64,
        "Gross Profit": 27,
        "Operating Income": 12,
        "EBIT": 24,
        "Net Income": 10
    },
    "2018-06-30": {
        "Diluted EPS": 0.01,
        "Total Revenue": 53,
        "Gross Profit": 12,
        "Operating Income": 0,
        "EBIT": 9,
        "Net Income": 0
    },
    "2018-03-31": {
        "Diluted EPS": 0.27,
        "Total Revenue": 38,
        "Gross Profit": 19,
        "Operating Income": 8,
        "EBIT": 15,
        "Net Income": 6
    },
    "2017-12-31": {
        "Diluted EPS": 0.61,
        "Total Revenue": 50,
        "Gross Profit": 31,
        "Operating Income": 18,
        "EBIT": 25,
        "Net Income": 14
    },
    "2017-09-30": {
        "Diluted EPS": -0.12,
        "Total Revenue": 57,
        "Gross Profit": 7,
        "Operating Income": -3,
        "EBIT": 7,
        "Net Income": -3
    },
    "2017-06-30": {
        "Diluted EPS": 0.01,
        "Total Revenue": 48,
        "Gross Profit": 11,
        "Operating Income": 0,
        "EBIT": 7,
        "Net Income": 0
    },
    "2017-03-31": {
        "Diluted EPS": 0.21,
        "Total Revenue": 35,
        "Gross Profit": 17,
        "Operating Income": 7,
        "EBIT": 12,
        "Net Income": 5
    },
    "2016-12-31": {
        "Diluted EPS": 0.0,
        "Total Revenue": 34,
        "Gross Profit": 9,
        "Operating Income": 2,
        "EBIT": 5,
        "Net Income": 1
    },
    "2016-09-30": {
        "Diluted EPS": 0.0,
        "Total Revenue": 59,
        "Gross Profit": 9,
        "Operating Income": -3,
        "EBIT": 4,
        "Net Income": -1
    },
    "2016-06-30": {
        "Diluted EPS": 0.0,
        "Total Revenue": 39,
        "Gross Profit": 8,
        "Operating Income": -3,
        "EBIT": 12,
        "Net Income": -2
    },
    "2016-03-31": {
        "Diluted EPS": 0.0,
        "Total Revenue": 32,
        "Gross Profit": 20,
        "Operating Income": 10,
        "EBIT": 6,
        "Net Income": 6
    },
    "2015-12-31": {
        "Diluted EPS": 0.0,
        "Total Revenue": NaN,
        "Gross Profit": NaN,
        "Operating Income": NaN,
        "EBIT": NaN,
        "Net Income": NaN
    },
    "2014-12-31": {
        "Diluted EPS": 0.0,
        "Total Revenue": NaN,
        "Gross Profit": NaN,
        "Operating Income": NaN,
        "EBIT": NaN,
        "Net Income": NaN
    },
    "2023-06-30": {
        "Tax Effect Of Unusual Items": NaN,
        "Tax Rate For Calcs": NaN,
        "Net Income From Continuing Operation Net Minority Interest": NaN,
        "Reconciled Depreciation": NaN,
        "Normalized Income": NaN,
        "Net Income From Continuing And Discontinued Operation": NaN,
        "Total Expenses": NaN,
        "Diluted Average Shares": 21281542.0,
        "Basic Average Shares": 21281542.0,
        "Diluted EPS": -0.38,
        "Basic EPS": -0.38,
        "Diluted NI Availto Com Stockholders": NaN,
        "Net Income Common Stockholders": NaN,
        "Net Income": NaN,
        "Minority Interests": NaN,
        "Net Income Including Noncontrolling Interests": NaN,
        "Net Income Discontinuous Operations": -5659000.0,
        "Net Income Continuous Operations": NaN,
        "Tax Provision": NaN,
        "Pretax Income": NaN,
        "Total Revenue": NaN,
        "Operating Revenue": NaN,
        "Loss Adjustment Expense": NaN,
        "Net Policyholder Benefits And Claims": NaN,
        "Policyholder Benefits Gross": NaN,
        "Policyholder Benefits Ceded": NaN
    },
    "2023-09-30": {
        "Tax Effect Of Unusual Items": NaN,
        "Tax Rate For Calcs": NaN,
        "Net Income From Continuing Operation Net Minority Interest": NaN,
        "Reconciled Depreciation": NaN,
        "Normalized Income": NaN,
        "Net Income From Continuing And Discontinued Operation": NaN,
        "Total Expenses": NaN,
        "Diluted Average Shares": 21193522.0,
        "Basic Average Shares": 21111832.0,
        "Diluted EPS": 0.01,
        "Basic EPS": 0.01,
        "Diluted NI Availto Com Stockholders": NaN,
        "Net Income Common Stockholders": NaN,
        "Net Income": NaN,
        "Minority Interests": NaN,
        "Net Income Including Noncontrolling Interests": NaN,
        "Net Income Discontinuous Operations": NaN,
        "Net Income Continuous Operations": NaN,
        "Tax Provision": NaN,
        "Pretax Income": NaN,
        "Total Revenue": NaN,
        "Operating Revenue": NaN,
        "Loss Adjustment Expense": NaN,
        "Net Policyholder Benefits And Claims": NaN,
        "Policyholder Benefits Gross": NaN,
        "Policyholder Benefits Ceded": NaN
    },
    "2023-12-31": {
        "Tax Effect Of Unusual Items": NaN,
        "Tax Rate For Calcs": NaN,
        "Net Income From Continuing Operation Net Minority Interest": NaN,
        "Reconciled Depreciation": NaN,
        "Normalized Income": NaN,
        "Net Income From Continuing And Discontinued Operation": NaN,
        "Total Expenses": NaN,
        "Diluted Average Shares": NaN,
        "Basic Average Shares": NaN,
        "Diluted EPS": NaN,
        "Basic EPS": NaN,
        "Diluted NI Availto Com Stockholders": NaN,
        "Net Income Common Stockholders": NaN,
        "Net Income": NaN,
        "Minority Interests": -586000.0,
        "Net Income Including Noncontrolling Interests": NaN,
        "Net Income Discontinuous Operations": NaN,
        "Net Income Continuous Operations": NaN,
        "Tax Provision": NaN,
        "Pretax Income": NaN,
        "Total Revenue": NaN,
        "Operating Revenue": NaN,
        "Loss Adjustment Expense": NaN,
        "Net Policyholder Benefits And Claims": NaN,
        "Policyholder Benefits Gross": NaN,
        "Policyholder Benefits Ceded": NaN
    },
    "2024-03-31": {
        "Tax Effect Of Unusual Items": NaN,
        "Tax Rate For Calcs": NaN,
        "Net Income From Continuing Operation Net Minority Interest": NaN,
        "Reconciled Depreciation": NaN,
        "Normalized Income": NaN,
        "Net Income From Continuing And Discontinued Operation": NaN,
        "Total Expenses": NaN,
        "Diluted Average Shares": NaN,
        "Basic Average Shares": NaN,
        "Diluted EPS": NaN,
        "Basic EPS": NaN,
        "Diluted NI Availto Com Stockholders": NaN,
        "Net Income Common Stockholders": NaN,
        "Net Income": NaN,
        "Minority Interests": 0.0,
        "Net Income Including Noncontrolling Interests": NaN,
        "Net Income Discontinuous Operations": NaN,
        "Net Income Continuous Operations": NaN,
        "Tax Provision": NaN,
        "Pretax Income": NaN,
        "Total Revenue": NaN,
        "Operating Revenue": NaN,
        "Loss Adjustment Expense": NaN,
        "Net Policyholder Benefits And Claims": NaN,
        "Policyholder Benefits Gross": NaN,
        "Policyholder Benefits Ceded": NaN
    },
    "2024-06-30": {
        "Tax Effect Of Unusual Items": NaN,
        "Tax Rate For Calcs": NaN,
        "Net Income From Continuing Operation Net Minority Interest": NaN,
        "Reconciled Depreciation": NaN,
        "Normalized Income": NaN,
        "Net Income From Continuing And Discontinued Operation": NaN,
        "Total Expenses": NaN,
        "Diluted Average Shares": 20970384.0,
        "Basic Average Shares": 20970384.0,
        "Diluted EPS": -0.94,
        "Basic EPS": -0.94,
        "Diluted NI Availto Com Stockholders": NaN,
        "Net Income Common Stockholders": NaN,
        "Net Income": NaN,
        "Minority Interests": 0.0,
        "Net Income Including Noncontrolling Interests": NaN,
        "Net Income Discontinuous Operations": NaN,
        "Net Income Continuous Operations": NaN,
        "Tax Provision": NaN,
        "Pretax Income": NaN,
        "Total Revenue": NaN,
        "Operating Revenue": NaN,
        "Loss Adjustment Expense": NaN,
        "Net Policyholder Benefits And Claims": NaN,
        "Policyholder Benefits Gross": NaN,
        "Policyholder Benefits Ceded": NaN
    },
    "2024-09-30": {
        "Tax Effect Of Unusual Items": 0.0,
        "Tax Rate For Calcs": 0.217,
        "Net Income From Continuing Operation Net Minority Interest": -2705000.0,
        "Reconciled Depreciation": 186000.0,
        "Normalized Income": -2705000.0,
        "Net Income From Continuing And Discontinued Operation": -2705000.0,
        "Total Expenses": 92440000.0,
        "Diluted Average Shares": 20985213.0,
        "Basic Average Shares": 20985213.0,
        "Diluted EPS": -0.13,
        "Basic EPS": -0.13,
        "Diluted NI Availto Com Stockholders": -2705000.0,
        "Net Income Common Stockholders": -2705000.0,
        "Net Income": -2705000.0,
        "Minority Interests": 0.0,
        "Net Income Including Noncontrolling Interests": -2705000.0,
        "Net Income Discontinuous Operations": 0.0,
        "Net Income Continuous Operations": -2705000.0,
        "Tax Provision": -751000.0,
        "Pretax Income": -3456000.0,
        "Total Revenue": 88984000.0,
        "Operating Revenue": 88984000.0,
        "Loss Adjustment Expense": 65100000.0,
        "Net Policyholder Benefits And Claims": 65100000.0,
        "Policyholder Benefits Gross": 70309000.0,
        "Policyholder Benefits Ceded": 5209000.0
    },
    "2024-12-31": {
        "Tax Effect Of Unusual Items": 0.0,
        "Tax Rate For Calcs": 0.288336,
        "Net Income From Continuing Operation Net Minority Interest": 9848000.0,
        "Reconciled Depreciation": 154000.0,
        "Normalized Income": 9848000.0,
        "Net Income From Continuing And Discontinued Operation": 9848000.0,
        "Total Expenses": 60076000.0,
        "Diluted Average Shares": NaN,
        "Basic Average Shares": NaN,
        "Diluted EPS": NaN,
        "Basic EPS": NaN,
        "Diluted NI Availto Com Stockholders": 9848000.0,
        "Net Income Common Stockholders": 9848000.0,
        "Net Income": 9848000.0,
        "Minority Interests": 0.0,
        "Net Income Including Noncontrolling Interests": 9848000.0,
        "Net Income Discontinuous Operations": 0.0,
        "Net Income Continuous Operations": 9848000.0,
        "Tax Provision": 3990000.0,
        "Pretax Income": 13838000.0,
        "Total Revenue": 73914000.0,
        "Operating Revenue": 73914000.0,
        "Loss Adjustment Expense": 32863000.0,
        "Net Policyholder Benefits And Claims": 32863000.0,
        "Policyholder Benefits Gross": 36328000.0,
        "Policyholder Benefits Ceded": 3465000.0
    },
    "2025-03-31": {
        "Tax Effect Of Unusual Items": 0.0,
        "Tax Rate For Calcs": 0.166,
        "Net Income From Continuing Operation Net Minority Interest": 6460000.0,
        "Reconciled Depreciation": 173000.0,
        "Normalized Income": 6460000.0,
        "Net Income From Continuing And Discontinued Operation": 6460000.0,
        "Total Expenses": 63685000.0,
        "Diluted Average Shares": 21096130.0,
        "Basic Average Shares": 21014923.0,
        "Diluted EPS": 0.31,
        "Basic EPS": 0.31,
        "Diluted NI Availto Com Stockholders": 6460000.0,
        "Net Income Common Stockholders": 6460000.0,
        "Net Income": 6460000.0,
        "Minority Interests": NaN,
        "Net Income Including Noncontrolling Interests": 6460000.0,
        "Net Income Discontinuous Operations": 0.0,
        "Net Income Continuous Operations": 6460000.0,
        "Tax Provision": 1289000.0,
        "Pretax Income": 7749000.0,
        "Total Revenue": 71434000.0,
        "Operating Revenue": 71434000.0,
        "Loss Adjustment Expense": 38525000.0,
        "Net Policyholder Benefits And Claims": 38525000.0,
        "Policyholder Benefits Gross": 40146000.0,
        "Policyholder Benefits Ceded": 1621000.0
    },
    "2025-06-30": {
        "Tax Effect Of Unusual Items": 0.0,
        "Tax Rate For Calcs": 0.214,
        "Net Income From Continuing Operation Net Minority Interest": -12051000.0,
        "Reconciled Depreciation": 171000.0,
        "Normalized Income": -12051000.0,
        "Net Income From Continuing And Discontinued Operation": -12051000.0,
        "Total Expenses": 91381000.0,
        "Diluted Average Shares": 21039090.0,
        "Basic Average Shares": 21039090.0,
        "Diluted EPS": -0.57,
        "Basic EPS": -0.57,
        "Diluted NI Availto Com Stockholders": -12051000.0,
        "Net Income Common Stockholders": -12051000.0,
        "Net Income": -12051000.0,
        "Minority Interests": NaN,
        "Net Income Including Noncontrolling Interests": -12051000.0,
        "Net Income Discontinuous Operations": 0.0,
        "Net Income Continuous Operations": -12051000.0,
        "Tax Provision": -3273000.0,
        "Pretax Income": -15324000.0,
        "Total Revenue": 76057000.0,
        "Operating Revenue": 76057000.0,
        "Loss Adjustment Expense": 66607000.0,
        "Net Policyholder Benefits And Claims": 66607000.0,
        "Policyholder Benefits Gross": 109666000.0,
        "Policyholder Benefits Ceded": 43059000.0
    },
    "2025-09-30": {
        "Tax Effect Of Unusual Items": 0.0,
        "Tax Rate For Calcs": 0.103,
        "Net Income From Continuing Operation Net Minority Interest": -1666000.0,
        "Reconciled Depreciation": 175000.0,
        "Normalized Income": -1666000.0,
        "Net Income From Continuing And Discontinued Operation": -1666000.0,
        "Total Expenses": 78426000.0,
        "Diluted Average Shares": 21001396.0,
        "Basic Average Shares": 21001396.0,
        "Diluted EPS": -0.08,
        "Basic EPS": -0.08,
        "Diluted NI Availto Com Stockholders": -1666000.0,
        "Net Income Common Stockholders": -1666000.0,
        "Net Income": -1666000.0,
        "Minority Interests": NaN,
        "Net Income Including Noncontrolling Interests": -1666000.0,
        "Net Income Discontinuous Operations": 0.0,
        "Net Income Continuous Operations": -1666000.0,
        "Tax Provision": -192000.0,
        "Pretax Income": -1858000.0,
        "Total Revenue": 76568000.0,
        "Operating Revenue": 76568000.0,
        "Loss Adjustment Expense": 56197000.0,
        "Net Policyholder Benefits And Claims": 56197000.0,
        "Policyholder Benefits Gross": 58351000.0,
        "Policyholder Benefits Ceded": 2154000.0
    }
}