{
    "2023-03-31": {
        "Tax Effect Of Unusual Items": NaN,
        "Tax Rate For Calcs": NaN,
        "Normalized EBITDA": NaN,
        "Total Unusual Items": NaN,
        "Total Unusual Items Excluding Goodwill": NaN,
        "Net Income From Continuing Operation Net Minority Interest": NaN,
        "Reconciled Depreciation": NaN,
        "Reconciled Cost Of Revenue": NaN,
        "EBITDA": NaN,
        "EBIT": NaN,
        "Net Interest Income": NaN,
        "Interest Expense": NaN,
        "Normalized Income": NaN,
        "Net Income From Continuing And Discontinued Operation": NaN,
        "Total Expenses": NaN,
        "Total Operating Income As Reported": NaN,
        "Diluted Average Shares": NaN,
        "Basic Average Shares": NaN,
        "Diluted EPS": NaN,
        "Basic EPS": NaN,
        "Diluted NI Availto Com Stockholders": NaN,
        "Net Income Common Stockholders": NaN,
        "Otherunder Preferred Stock Dividend": 0.0,
        "Net Income": NaN,
        "Net Income Including Noncontrolling Interests": NaN,
        "Net Income Continuous Operations": NaN,
        "Tax Provision": NaN,
        "Pretax Income": NaN,
        "Other Income Expense": NaN,
        "Other Non Operating Income Expenses": NaN,
        "Special Income Charges": NaN,
        "Other Special Charges": -659000.0,
        "Restructuring And Mergern Acquisition": NaN,
        "Gain On Sale Of Security": NaN,
        "Net Non Operating Interest Income Expense": NaN,
        "Interest Expense Non Operating": NaN,
        "Operating Income": NaN,
        "Operating Expense": NaN,
        "Other Operating Expenses": NaN,
        "Selling General And Administration": NaN,
        "General And Administrative Expense": NaN,
        "Other Gand A": NaN,
        "Gross Profit": NaN,
        "Cost Of Revenue": NaN,
        "Total Revenue": NaN,
        "Operating Revenue": NaN
    },
    "2022-12-31": {
        "Tax Effect Of Unusual Items": NaN,
        "Tax Rate For Calcs": NaN,
        "Normalized EBITDA": NaN,
        "Total Unusual Items": NaN,
        "Total Unusual Items Excluding Goodwill": NaN,
        "Net Income From Continuing Operation Net Minority Interest": NaN,
        "Reconciled Depreciation": NaN,
        "Reconciled Cost Of Revenue": NaN,
        "EBITDA": NaN,
        "EBIT": NaN,
        "Net Interest Income": NaN,
        "Interest Expense": NaN,
        "Normalized Income": NaN,
        "Net Income From Continuing And Discontinued Operation": NaN,
        "Total Expenses": NaN,
        "Total Operating Income As Reported": NaN,
        "Diluted Average Shares": NaN,
        "Basic Average Shares": NaN,
        "Diluted EPS": NaN,
        "Basic EPS": NaN,
        "Diluted NI Availto Com Stockholders": NaN,
        "Net Income Common Stockholders": NaN,
        "Otherunder Preferred Stock Dividend": 10411000.0,
        "Preferred Stock Dividends": 1366000.0,
        "Net Income": NaN,
        "Net Income Including Noncontrolling Interests": NaN,
        "Net Income Continuous Operations": NaN,
        "Tax Provision": NaN,
        "Pretax Income": NaN,
        "Other Income Expense": NaN,
        "Other Non Operating Income Expenses": NaN,
        "Special Income Charges": NaN,
        "Other Special Charges": -236000.0,
        "Restructuring And Mergern Acquisition": NaN,
        "Gain On Sale Of Security": NaN,
        "Net Non Operating Interest Income Expense": NaN,
        "Interest Expense Non Operating": NaN,
        "Operating Income": NaN,
        "Operating Expense": NaN,
        "Other Operating Expenses": NaN,
        "Selling General And Administration": NaN,
        "General And Administrative Expense": NaN,
        "Other Gand A": NaN,
        "Gross Profit": NaN,
        "Cost Of Revenue": NaN,
        "Total Revenue": NaN,
        "Operating Revenue": NaN
    },
    "2022-09-30": {
        "Tax Effect Of Unusual Items": NaN,
        "Tax Rate For Calcs": NaN,
        "Normalized EBITDA": NaN,
        "Total Unusual Items": NaN,
        "Total Unusual Items Excluding Goodwill": NaN,
        "Net Income From Continuing Operation Net Minority Interest": NaN,
        "Reconciled Depreciation": NaN,
        "Reconciled Cost Of Revenue": NaN,
        "EBITDA": NaN,
        "EBIT": NaN,
        "Net Interest Income": NaN,
        "Interest Expense": NaN,
        "Normalized Income": NaN,
        "Net Income From Continuing And Discontinued Operation": NaN,
        "Total Expenses": NaN,
        "Total Operating Income As Reported": NaN,
        "Diluted Average Shares": NaN,
        "Basic Average Shares": NaN,
        "Diluted EPS": NaN,
        "Basic EPS": NaN,
        "Diluted NI Availto Com Stockholders": NaN,
        "Net Income Common Stockholders": NaN,
        "Otherunder Preferred Stock Dividend": NaN,
        "Preferred Stock Dividends": 2610000.0,
        "Net Income": NaN,
        "Net Income Including Noncontrolling Interests": NaN,
        "Net Income Continuous Operations": NaN,
        "Tax Provision": NaN,
        "Pretax Income": NaN,
        "Other Income Expense": NaN,
        "Other Non Operating Income Expenses": NaN,
        "Special Income Charges": NaN,
        "Other Special Charges": -339000.0,
        "Restructuring And Mergern Acquisition": NaN,
        "Gain On Sale Of Security": NaN,
        "Net Non Operating Interest Income Expense": NaN,
        "Interest Expense Non Operating": NaN,
        "Operating Income": NaN,
        "Operating Expense": NaN,
        "Other Operating Expenses": NaN,
        "Selling General And Administration": NaN,
        "General And Administrative Expense": NaN,
        "Other Gand A": NaN,
        "Gross Profit": NaN,
        "Cost Of Revenue": NaN,
        "Total Revenue": NaN,
        "Operating Revenue": NaN
    },
    "2022-06-30": {
        "Tax Effect Of Unusual Items": -428437.98485,
        "Tax Rate For Calcs": 0.003988,
        "Normalized EBITDA": 378116000.0,
        "Total Unusual Items": -107437000.0,
        "Total Unusual Items Excluding Goodwill": -107437000.0,
        "Net Income From Continuing Operation Net Minority Interest": 251264000.0,
        "Reconciled Depreciation": 54795000.0,
        "Reconciled Cost Of Revenue": 163278000.0,
        "EBITDA": 270679000.0,
        "EBIT": 270679000.0,
        "Net Interest Income": -18410000.0,
        "Interest Expense": 18410000.0,
        "Normalized Income": 358272562.01515,
        "Net Income From Continuing And Discontinued Operation": 251264000.0,
        "Total Expenses": 171342000.0,
        "Total Operating Income As Reported": 270104000.0,
        "Diluted Average Shares": 86788465.0,
        "Basic Average Shares": 77366704.0,
        "Diluted EPS": 2.74,
        "Basic EPS": 3.08,
        "Diluted NI Availto Com Stockholders": 238091000.0,
        "Net Income Common Stockholders": 238091000.0,
        "Otherunder Preferred Stock Dividend": 10363000.0,
        "Preferred Stock Dividends": 2810000.0,
        "Net Income": 251264000.0,
        "Net Income Including Noncontrolling Interests": 251264000.0,
        "Net Income Continuous Operations": 251263000.0,
        "Tax Provision": 1006000.0,
        "Pretax Income": 252269000.0,
        "Other Income Expense": -107622000.0,
        "Other Non Operating Income Expenses": -185000.0,
        "Special Income Charges": 236000.0,
        "Other Special Charges": -236000.0,
        "Restructuring And Mergern Acquisition": 0.0,
        "Gain On Sale Of Security": -107673000.0,
        "Net Non Operating Interest Income Expense": -18410000.0,
        "Interest Expense Non Operating": 18410000.0,
        "Operating Income": 378301000.0,
        "Operating Expense": 8064000.0,
        "Other Operating Expenses": NaN,
        "Selling General And Administration": 8064000.0,
        "General And Administrative Expense": 8064000.0,
        "Other Gand A": 8064000.0,
        "Gross Profit": 386365000.0,
        "Cost Of Revenue": 163278000.0,
        "Total Revenue": 549643000.0,
        "Operating Revenue": 549643000.0
    },
    "2023-06-30": {
        "Tax Effect Of Unusual Items": NaN,
        "Tax Rate For Calcs": NaN,
        "Normalized EBITDA": NaN,
        "Total Unusual Items": NaN,
        "Total Unusual Items Excluding Goodwill": NaN,
        "Net Income From Continuing Operation Net Minority Interest": NaN,
        "Reconciled Depreciation": NaN,
        "Reconciled Cost Of Revenue": NaN,
        "EBITDA": NaN,
        "EBIT": NaN,
        "Net Interest Income": NaN,
        "Interest Expense": NaN,
        "Normalized Income": NaN,
        "Net Income From Continuing And Discontinued Operation": NaN,
        "Total Expenses": NaN,
        "Total Operating Income As Reported": NaN,
        "Diluted Average Shares": NaN,
        "Basic Average Shares": NaN,
        "Diluted EPS": NaN,
        "Basic EPS": NaN,
        "Diluted NI Availto Com Stockholders": NaN,
        "Net Income Common Stockholders": NaN,
        "Otherunder Preferred Stock Dividend": 0.0,
        "Net Income": NaN,
        "Net Income Including Noncontrolling Interests": NaN,
        "Net Income Continuous Operations": NaN,
        "Tax Provision": NaN,
        "Pretax Income": NaN,
        "Other Income Expense": NaN,
        "Other Non Operating Income Expenses": NaN,
        "Special Income Charges": NaN,
        "Other Special Charges": NaN,
        "Restructuring And Mergern Acquisition": NaN,
        "Gain On Sale Of Security": NaN,
        "Net Non Operating Interest Income Expense": NaN,
        "Interest Expense Non Operating": NaN,
        "Operating Income": NaN,
        "Operating Expense": NaN,
        "Other Operating Expenses": NaN,
        "Selling General And Administration": NaN,
        "General And Administrative Expense": NaN,
        "Other Gand A": NaN,
        "Gross Profit": NaN,
        "Cost Of Revenue": NaN,
        "Total Revenue": NaN,
        "Operating Revenue": NaN
    },
    "2022-03-31": {
        "Diluted EPS": -2.92,
        "Total Revenue": -33,
        "Gross Profit": -122,
        "Operating Income": -189,
        "EBIT": -135,
        "Net Income": -225
    },
    "2021-12-31": {
        "Diluted EPS": 3.02,
        "Total Revenue": 319,
        "Gross Profit": 244,
        "Operating Income": 190,
        "EBIT": 234,
        "Net Income": 171
    },
    "2021-09-30": {
        "Diluted EPS": 0.13,
        "Total Revenue": 132,
        "Gross Profit": 68,
        "Operating Income": 27,
        "EBIT": 64,
        "Net Income": 9
    },
    "2021-06-30": {
        "Diluted EPS": -1.55,
        "Total Revenue": 25,
        "Gross Profit": -36,
        "Operating Income": -75,
        "EBIT": -43,
        "Net Income": -94
    },
    "2021-03-31": {
        "Diluted EPS": -1.73,
        "Total Revenue": 21,
        "Gross Profit": -26,
        "Operating Income": -64,
        "EBIT": -32,
        "Net Income": -94
    },
    "2020-12-31": {
        "Diluted EPS": -1.7,
        "Total Revenue": 50,
        "Gross Profit": 13,
        "Operating Income": -129,
        "EBIT": -95,
        "Net Income": -146
    },
    "2020-09-30": {
        "Diluted EPS": -5.44,
        "Total Revenue": 47,
        "Gross Profit": 16,
        "Operating Income": -219,
        "EBIT": -187,
        "Net Income": -237
    },
    "2020-06-30": {
        "Diluted EPS": -21.74,
        "Total Revenue": -52,
        "Gross Profit": -81,
        "Operating Income": -885,
        "EBIT": -847,
        "Net Income": -903
    },
    "2020-03-31": {
        "Diluted EPS": 7.33,
        "Total Revenue": 507,
        "Gross Profit": 458,
        "Operating Income": 391,
        "EBIT": 454,
        "Net Income": 365
    },
    "2019-12-31": {
        "Diluted EPS": -2.68,
        "Total Revenue": 59,
        "Gross Profit": 7,
        "Operating Income": -63,
        "EBIT": 2,
        "Net Income": -109
    },
    "2019-09-30": {
        "Diluted EPS": 2.38,
        "Total Revenue": 234,
        "Gross Profit": 186,
        "Operating Income": 121,
        "EBIT": 177,
        "Net Income": 94
    },
    "2019-06-30": {
        "Diluted EPS": 1.2,
        "Total Revenue": 186,
        "Gross Profit": 146,
        "Operating Income": 92,
        "EBIT": 139,
        "Net Income": 44
    },
    "2019-03-31": {
        "Diluted EPS": -2.9,
        "Total Revenue": -7,
        "Gross Profit": -44,
        "Operating Income": -95,
        "EBIT": -50,
        "Net Income": -107
    },
    "2018-12-31": {
        "Diluted EPS": 9.87,
        "Total Revenue": 443,
        "Gross Profit": 408,
        "Operating Income": 355,
        "EBIT": 404,
        "Net Income": 218
    },
    "2018-09-30": {
        "Diluted EPS": 0.6,
        "Total Revenue": 102,
        "Gross Profit": 71,
        "Operating Income": 36,
        "EBIT": 67,
        "Net Income": 19
    },
    "2018-06-30": {
        "Diluted EPS": -4.9,
        "Total Revenue": 67,
        "Gross Profit": 42,
        "Operating Income": 16,
        "EBIT": 40,
        "Net Income": -97
    },
    "2018-03-31": {
        "Diluted EPS": 0.5,
        "Total Revenue": 67,
        "Gross Profit": 46,
        "Operating Income": 26,
        "EBIT": 46,
        "Net Income": 3
    },
    "2017-12-31": {
        "Diluted EPS": -3.8,
        "Total Revenue": 37,
        "Gross Profit": 17,
        "Operating Income": -4,
        "EBIT": 15,
        "Net Income": -24
    },
    "2017-09-30": {
        "Diluted EPS": -2.6,
        "Total Revenue": 42,
        "Gross Profit": 24,
        "Operating Income": 1,
        "EBIT": 17,
        "Net Income": -16
    },
    "2017-06-30": {
        "Diluted EPS": 2.2,
        "Total Revenue": 65,
        "Gross Profit": 48,
        "Operating Income": 30,
        "EBIT": 45,
        "Net Income": 14
    },
    "2017-03-31": {
        "Diluted EPS": 2.7,
        "Total Revenue": 66,
        "Gross Profit": 50,
        "Operating Income": 33,
        "EBIT": 47,
        "Net Income": 17
    },
    "2016-12-31": {
        "Diluted EPS": -2.0,
        "Total Revenue": 36,
        "Gross Profit": 20,
        "Operating Income": 2,
        "EBIT": 17,
        "Net Income": -12
    },
    "2016-09-30": {
        "Diluted EPS": -7.4,
        "Total Revenue": 45,
        "Gross Profit": 30,
        "Operating Income": -29,
        "EBIT": -15,
        "Net Income": -46
    },
    "2016-06-30": {
        "Diluted EPS": -17.8,
        "Total Revenue": 32,
        "Gross Profit": 17,
        "Operating Income": -93,
        "EBIT": -76,
        "Net Income": -109
    },
    "2016-03-31": {
        "Diluted EPS": -20.8,
        "Total Revenue": 32,
        "Gross Profit": 17,
        "Operating Income": -109,
        "EBIT": -90,
        "Net Income": -127
    },
    "2015-12-31": {
        "Diluted EPS": -28.4,
        "Total Revenue": 57,
        "Gross Profit": 41,
        "Operating Income": -156,
        "EBIT": -131,
        "Net Income": -172
    },
    "2015-09-30": {
        "Diluted EPS": -53.3,
        "Total Revenue": 101,
        "Gross Profit": 84,
        "Operating Income": -307,
        "EBIT": -274,
        "Net Income": -323
    },
    "2015-06-30": {
        "Diluted EPS": -41.2,
        "Total Revenue": 41,
        "Gross Profit": 20,
        "Operating Income": -303,
        "EBIT": -265,
        "Net Income": -250
    },
    "2015-03-31": {
        "Diluted EPS": -37.9,
        "Total Revenue": 76,
        "Gross Profit": 57,
        "Operating Income": -353,
        "EBIT": -308,
        "Net Income": -230
    },
    "2014-12-31": {
        "Diluted EPS": 17.0,
        "Total Revenue": 258,
        "Gross Profit": 232,
        "Operating Income": 178,
        "EBIT": 227,
        "Net Income": 104
    },
    "2014-09-30": {
        "Diluted EPS": 9.5,
        "Total Revenue": 181,
        "Gross Profit": 154,
        "Operating Income": 104,
        "EBIT": 150,
        "Net Income": 58
    },
    "2014-06-30": {
        "Diluted EPS": -0.7,
        "Total Revenue": 75,
        "Gross Profit": 49,
        "Operating Income": 3,
        "EBIT": 46,
        "Net Income": -4
    },
    "2014-03-31": {
        "Diluted EPS": 1.1,
        "Total Revenue": 82,
        "Gross Profit": 61,
        "Operating Income": 21,
        "EBIT": 57,
        "Net Income": 7
    },
    "2013-12-31": {
        "Diluted EPS": 2.9,
        "Total Revenue": 102,
        "Gross Profit": 81,
        "Operating Income": 37,
        "EBIT": 77,
        "Net Income": 17
    },
    "2013-09-30": {
        "Diluted EPS": 0.3,
        "Total Revenue": 70,
        "Gross Profit": 48,
        "Operating Income": 12,
        "EBIT": 45,
        "Net Income": 2
    },
    "2013-06-30": {
        "Diluted EPS": 3.9,
        "Total Revenue": 96,
        "Gross Profit": 78,
        "Operating Income": 48,
        "EBIT": 75,
        "Net Income": 25
    },
    "2013-03-31": {
        "Diluted EPS": 1.4,
        "Total Revenue": 68,
        "Gross Profit": 51,
        "Operating Income": 21,
        "EBIT": 48,
        "Net Income": 9
    },
    "2012-12-31": {
        "Diluted EPS": 3.05,
        "Total Revenue": 82,
        "Gross Profit": 64,
        "Operating Income": 33,
        "EBIT": 61,
        "Net Income": 20
    },
    "2012-09-30": {
        "Diluted EPS": 0.05,
        "Total Revenue": 60,
        "Gross Profit": 43,
        "Operating Income": 6,
        "EBIT": 34,
        "Net Income": 0
    },
    "2012-06-30": {
        "Diluted EPS": 7.0,
        "Total Revenue": 119,
        "Gross Profit": 105,
        "Operating Income": 75,
        "EBIT": 101,
        "Net Income": 44
    },
    "2012-03-31": {
        "Diluted EPS": 1.4,
        "Total Revenue": 51,
        "Gross Profit": 38,
        "Operating Income": 15,
        "EBIT": 33,
        "Net Income": 9
    },
    "2011-12-31": {
        "Diluted EPS": -0.3,
        "Total Revenue": 27,
        "Gross Profit": 18,
        "Operating Income": 0,
        "EBIT": 15,
        "Net Income": -1
    },
    "2011-09-30": {
        "Diluted EPS": 4.6,
        "Total Revenue": 69,
        "Gross Profit": 61,
        "Operating Income": 46,
        "EBIT": 57,
        "Net Income": 29
    },
    "2011-06-30": {
        "Diluted EPS": 3.3,
        "Total Revenue": 51,
        "Gross Profit": 45,
        "Operating Income": 34,
        "EBIT": 42,
        "Net Income": 20
    },
    "2011-03-31": {
        "Diluted EPS": -1.1,
        "Total Revenue": 3,
        "Gross Profit": -2,
        "Operating Income": -12,
        "EBIT": -5,
        "Net Income": -7
    },
    "2010-12-31": {
        "Diluted EPS": -0.4,
        "Total Revenue": 11,
        "Gross Profit": 8,
        "Operating Income": -3,
        "EBIT": 6,
        "Net Income": -2
    },
    "2010-09-30": {
        "Diluted EPS": 0.2,
        "Total Revenue": 10,
        "Gross Profit": 7,
        "Operating Income": 2,
        "EBIT": 6,
        "Net Income": 1
    },
    "2010-06-30": {
        "Diluted EPS": 1.2,
        "Total Revenue": 16,
        "Gross Profit": 15,
        "Operating Income": 10,
        "EBIT": 13,
        "Net Income": 6
    },
    "2010-03-31": {
        "Diluted EPS": 0.4,
        "Total Revenue": 7,
        "Gross Profit": 6,
        "Operating Income": 3,
        "EBIT": 5,
        "Net Income": 2
    },
    "2009-12-31": {
        "Diluted EPS": 0.4,
        "Total Revenue": 6,
        "Gross Profit": 5,
        "Operating Income": 1,
        "EBIT": 4,
        "Net Income": 1
    },
    "2009-09-30": {
        "Diluted EPS": 0.4,
        "Total Revenue": 5,
        "Gross Profit": 4,
        "Operating Income": 2,
        "EBIT": 3,
        "Net Income": 2
    },
    "2009-06-30": {
        "Diluted EPS": 0.1,
        "Total Revenue": 2,
        "Gross Profit": 2,
        "Operating Income": 1,
        "EBIT": 2,
        "Net Income": 0
    },
    "2009-03-31": {
        "Diluted EPS": -0.1,
        "Total Revenue": 1,
        "Gross Profit": 1,
        "Operating Income": 0,
        "EBIT": 0,
        "Net Income": 0
    },
    "2023-09-30": {
        "Tax Effect Of Unusual Items": NaN,
        "Tax Rate For Calcs": NaN,
        "Normalized EBITDA": NaN,
        "Total Unusual Items": NaN,
        "Total Unusual Items Excluding Goodwill": NaN,
        "Net Income From Continuing Operation Net Minority Interest": NaN,
        "Reconciled Depreciation": NaN,
        "Reconciled Cost Of Revenue": NaN,
        "EBITDA": NaN,
        "EBIT": NaN,
        "Net Interest Income": NaN,
        "Interest Expense": NaN,
        "Normalized Income": NaN,
        "Net Income From Continuing And Discontinued Operation": NaN,
        "Total Expenses": NaN,
        "Total Operating Income As Reported": NaN,
        "Diluted Average Shares": NaN,
        "Basic Average Shares": NaN,
        "Diluted EPS": NaN,
        "Basic EPS": NaN,
        "Diluted NI Availto Com Stockholders": NaN,
        "Net Income Common Stockholders": NaN,
        "Otherunder Preferred Stock Dividend": 0.0,
        "Net Income": NaN,
        "Net Income Including Noncontrolling Interests": NaN,
        "Net Income Continuous Operations": NaN,
        "Tax Provision": NaN,
        "Pretax Income": NaN,
        "Other Income Expense": NaN,
        "Other Non Operating Income Expenses": NaN,
        "Special Income Charges": NaN,
        "Other Special Charges": NaN,
        "Restructuring And Mergern Acquisition": NaN,
        "Gain On Sale Of Security": NaN,
        "Net Non Operating Interest Income Expense": NaN,
        "Interest Expense Non Operating": NaN,
        "Operating Income": NaN,
        "Operating Expense": NaN,
        "Other Operating Expenses": NaN,
        "Selling General And Administration": NaN,
        "General And Administrative Expense": NaN,
        "Other Gand A": NaN,
        "Gross Profit": NaN,
        "Cost Of Revenue": NaN,
        "Total Revenue": NaN,
        "Operating Revenue": NaN
    },
    "2023-12-31": {
        "Tax Effect Of Unusual Items": NaN,
        "Tax Rate For Calcs": NaN,
        "Normalized EBITDA": NaN,
        "Total Unusual Items": NaN,
        "Total Unusual Items Excluding Goodwill": NaN,
        "Net Income From Continuing Operation Net Minority Interest": NaN,
        "Reconciled Depreciation": NaN,
        "Reconciled Cost Of Revenue": NaN,
        "EBITDA": NaN,
        "EBIT": NaN,
        "Net Interest Income": NaN,
        "Interest Expense": NaN,
        "Normalized Income": NaN,
        "Net Income From Continuing And Discontinued Operation": NaN,
        "Total Expenses": NaN,
        "Total Operating Income As Reported": NaN,
        "Diluted Average Shares": NaN,
        "Basic Average Shares": NaN,
        "Diluted EPS": NaN,
        "Basic EPS": NaN,
        "Diluted NI Availto Com Stockholders": NaN,
        "Net Income Common Stockholders": NaN,
        "Otherunder Preferred Stock Dividend": 0.0,
        "Net Income": NaN,
        "Net Income Including Noncontrolling Interests": NaN,
        "Net Income Continuous Operations": NaN,
        "Tax Provision": NaN,
        "Pretax Income": NaN,
        "Other Income Expense": NaN,
        "Other Non Operating Income Expenses": NaN,
        "Special Income Charges": NaN,
        "Other Special Charges": 0.0,
        "Impairment Of Capital Assets": NaN,
        "Restructuring And Mergern Acquisition": 0.0,
        "Gain On Sale Of Security": NaN,
        "Net Non Operating Interest Income Expense": NaN,
        "Interest Expense Non Operating": NaN,
        "Operating Income": NaN,
        "Operating Expense": NaN,
        "Other Operating Expenses": NaN,
        "Selling General And Administration": NaN,
        "General And Administrative Expense": NaN,
        "Other Gand A": NaN,
        "Gross Profit": NaN,
        "Cost Of Revenue": NaN,
        "Total Revenue": NaN,
        "Operating Revenue": NaN
    },
    "2024-03-31": {
        "Tax Effect Of Unusual Items": NaN,
        "Tax Rate For Calcs": NaN,
        "Normalized EBITDA": NaN,
        "Total Unusual Items": NaN,
        "Total Unusual Items Excluding Goodwill": NaN,
        "Net Income From Continuing Operation Net Minority Interest": NaN,
        "Reconciled Depreciation": NaN,
        "Reconciled Cost Of Revenue": NaN,
        "EBITDA": NaN,
        "EBIT": NaN,
        "Net Interest Income": NaN,
        "Interest Expense": NaN,
        "Normalized Income": NaN,
        "Net Income From Continuing And Discontinued Operation": NaN,
        "Total Expenses": NaN,
        "Total Operating Income As Reported": NaN,
        "Diluted Average Shares": NaN,
        "Basic Average Shares": NaN,
        "Diluted EPS": NaN,
        "Basic EPS": NaN,
        "Diluted NI Availto Com Stockholders": NaN,
        "Net Income Common Stockholders": NaN,
        "Otherunder Preferred Stock Dividend": NaN,
        "Net Income": NaN,
        "Net Income Including Noncontrolling Interests": NaN,
        "Net Income Continuous Operations": NaN,
        "Tax Provision": NaN,
        "Pretax Income": NaN,
        "Other Income Expense": NaN,
        "Other Non Operating Income Expenses": NaN,
        "Special Income Charges": 0.0,
        "Other Special Charges": NaN,
        "Impairment Of Capital Assets": NaN,
        "Restructuring And Mergern Acquisition": 0.0,
        "Gain On Sale Of Security": NaN,
        "Net Non Operating Interest Income Expense": NaN,
        "Interest Expense Non Operating": NaN,
        "Operating Income": NaN,
        "Operating Expense": NaN,
        "Other Operating Expenses": NaN,
        "Selling General And Administration": NaN,
        "General And Administrative Expense": NaN,
        "Other Gand A": NaN,
        "Gross Profit": NaN,
        "Cost Of Revenue": NaN,
        "Total Revenue": NaN,
        "Operating Revenue": NaN
    },
    "2024-06-30": {
        "Tax Effect Of Unusual Items": -809008.0,
        "Tax Rate For Calcs": 0.236,
        "Normalized EBITDA": 399039000.0,
        "Total Unusual Items": -3428000.0,
        "Total Unusual Items Excluding Goodwill": -3428000.0,
        "Net Income From Continuing Operation Net Minority Interest": 138556000.0,
        "Reconciled Depreciation": 176612000.0,
        "Reconciled Cost Of Revenue": 326060000.0,
        "EBITDA": 395611000.0,
        "EBIT": 218999000.0,
        "Net Interest Income": -37696000.0,
        "Interest Expense": 37696000.0,
        "Normalized Income": 141174992.0,
        "Net Income From Continuing And Discontinued Operation": 138556000.0,
        "Total Expenses": 341830000.0,
        "Total Operating Income As Reported": 218936000.0,
        "Diluted Average Shares": 101985074.0,
        "Basic Average Shares": 100266462.0,
        "Diluted EPS": 1.36,
        "Basic EPS": 1.38,
        "Diluted NI Availto Com Stockholders": 138556000.0,
        "Net Income Common Stockholders": 138556000.0,
        "Otherunder Preferred Stock Dividend": NaN,
        "Net Income": 138556000.0,
        "Net Income Including Noncontrolling Interests": 138556000.0,
        "Net Income Continuous Operations": 138557000.0,
        "Tax Provision": 42746000.0,
        "Pretax Income": 181303000.0,
        "Other Income Expense": -3365000.0,
        "Other Non Operating Income Expenses": 63000.0,
        "Special Income Charges": 0.0,
        "Other Special Charges": NaN,
        "Impairment Of Capital Assets": NaN,
        "Restructuring And Mergern Acquisition": 0.0,
        "Gain On Sale Of Security": -3428000.0,
        "Net Non Operating Interest Income Expense": -37696000.0,
        "Interest Expense Non Operating": 37696000.0,
        "Operating Income": 222364000.0,
        "Operating Expense": 15770000.0,
        "Other Operating Expenses": 2232000.0,
        "Selling General And Administration": 13538000.0,
        "General And Administrative Expense": 13538000.0,
        "Other Gand A": 13538000.0,
        "Gross Profit": 238134000.0,
        "Cost Of Revenue": 326060000.0,
        "Total Revenue": 564194000.0,
        "Operating Revenue": 561025000.0
    },
    "2024-09-30": {
        "Tax Effect Of Unusual Items": 59294370.0,
        "Tax Rate For Calcs": 0.249,
        "Normalized EBITDA": 381587000.0,
        "Total Unusual Items": 238130000.0,
        "Total Unusual Items Excluding Goodwill": 238130000.0,
        "Net Income From Continuing Operation Net Minority Interest": 298446000.0,
        "Reconciled Depreciation": 185657000.0,
        "Reconciled Cost Of Revenue": 307230000.0,
        "EBITDA": 619717000.0,
        "EBIT": 434060000.0,
        "Net Interest Income": -36837000.0,
        "Interest Expense": 36837000.0,
        "Normalized Income": 119610370.0,
        "Net Income From Continuing And Discontinued Operation": 298446000.0,
        "Total Expenses": 319698000.0,
        "Total Operating Income As Reported": 433940000.0,
        "Diluted Average Shares": 100724784.0,
        "Basic Average Shares": 99494313.0,
        "Diluted EPS": 2.96,
        "Basic EPS": 3.0,
        "Diluted NI Availto Com Stockholders": 298446000.0,
        "Net Income Common Stockholders": 298446000.0,
        "Otherunder Preferred Stock Dividend": NaN,
        "Net Income": 298446000.0,
        "Net Income Including Noncontrolling Interests": 298446000.0,
        "Net Income Continuous Operations": 298446000.0,
        "Tax Provision": 98777000.0,
        "Pretax Income": 397223000.0,
        "Other Income Expense": 238270000.0,
        "Other Non Operating Income Expenses": 140000.0,
        "Special Income Charges": 0.0,
        "Other Special Charges": NaN,
        "Impairment Of Capital Assets": NaN,
        "Restructuring And Mergern Acquisition": 0.0,
        "Gain On Sale Of Security": 238130000.0,
        "Net Non Operating Interest Income Expense": -36837000.0,
        "Interest Expense Non Operating": 36837000.0,
        "Operating Income": 195790000.0,
        "Operating Expense": 12468000.0,
        "Other Operating Expenses": 2463000.0,
        "Selling General And Administration": 10005000.0,
        "General And Administrative Expense": 10005000.0,
        "Other Gand A": 10005000.0,
        "Gross Profit": 208258000.0,
        "Cost Of Revenue": 307230000.0,
        "Total Revenue": 515488000.0,
        "Operating Revenue": 513541000.0
    },
    "2024-12-31": {
        "Tax Effect Of Unusual Items": -6236497.910951,
        "Tax Rate For Calcs": 0.183745,
        "Normalized EBITDA": 371713000.0,
        "Total Unusual Items": -33941000.0,
        "Total Unusual Items Excluding Goodwill": -33941000.0,
        "Net Income From Continuing Operation Net Minority Interest": 71699000.0,
        "Reconciled Depreciation": 204674000.0,
        "Reconciled Cost Of Revenue": 363878000.0,
        "EBITDA": 337772000.0,
        "EBIT": 133098000.0,
        "Net Interest Income": -45259000.0,
        "Interest Expense": 45259000.0,
        "Normalized Income": 99403502.089049,
        "Net Income From Continuing And Discontinued Operation": 71699000.0,
        "Total Expenses": 382342000.0,
        "Total Operating Income As Reported": 132635000.0,
        "Diluted Average Shares": 100934410.0,
        "Basic Average Shares": 99217821.0,
        "Diluted EPS": 0.71,
        "Basic EPS": 0.72,
        "Diluted NI Availto Com Stockholders": 71699000.0,
        "Net Income Common Stockholders": 71699000.0,
        "Otherunder Preferred Stock Dividend": NaN,
        "Net Income": 71699000.0,
        "Net Income Including Noncontrolling Interests": 71699000.0,
        "Net Income Continuous Operations": 71699000.0,
        "Tax Provision": 16140000.0,
        "Pretax Income": 87839000.0,
        "Other Income Expense": -33761000.0,
        "Other Non Operating Income Expenses": 180000.0,
        "Special Income Charges": 0.0,
        "Other Special Charges": NaN,
        "Impairment Of Capital Assets": NaN,
        "Restructuring And Mergern Acquisition": 0.0,
        "Gain On Sale Of Security": -33941000.0,
        "Net Non Operating Interest Income Expense": -45259000.0,
        "Interest Expense Non Operating": 45259000.0,
        "Operating Income": 166859000.0,
        "Operating Expense": 18464000.0,
        "Other Operating Expenses": 2937000.0,
        "Selling General And Administration": 15527000.0,
        "General And Administrative Expense": 15527000.0,
        "Other Gand A": 15527000.0,
        "Gross Profit": 185323000.0,
        "Cost Of Revenue": 363878000.0,
        "Total Revenue": 549201000.0,
        "Operating Revenue": 545472000.0
    },
    "2025-03-31": {
        "Tax Effect Of Unusual Items": 5447484.0,
        "Tax Rate For Calcs": 0.252,
        "Normalized EBITDA": 413710000.0,
        "Total Unusual Items": 21617000.0,
        "Total Unusual Items Excluding Goodwill": 21617000.0,
        "Net Income From Continuing Operation Net Minority Interest": 138982000.0,
        "Reconciled Depreciation": 205690000.0,
        "Reconciled Cost Of Revenue": 355799000.0,
        "EBITDA": 435327000.0,
        "EBIT": 229637000.0,
        "Net Interest Income": -43850000.0,
        "Interest Expense": 43850000.0,
        "Normalized Income": 122812484.0,
        "Net Income From Continuing And Discontinued Operation": 138982000.0,
        "Total Expenses": 372817000.0,
        "Total Operating Income As Reported": 229281000.0,
        "Diluted Average Shares": 99992487.0,
        "Basic Average Shares": 98559724.0,
        "Diluted EPS": 1.39,
        "Basic EPS": 1.41,
        "Diluted NI Availto Com Stockholders": 138982000.0,
        "Net Income Common Stockholders": 138982000.0,
        "Otherunder Preferred Stock Dividend": NaN,
        "Net Income": 138982000.0,
        "Net Income Including Noncontrolling Interests": 138982000.0,
        "Net Income Continuous Operations": 138982000.0,
        "Tax Provision": 46805000.0,
        "Pretax Income": 185787000.0,
        "Other Income Expense": 22117000.0,
        "Other Non Operating Income Expenses": 500000.0,
        "Special Income Charges": NaN,
        "Other Special Charges": NaN,
        "Impairment Of Capital Assets": NaN,
        "Restructuring And Mergern Acquisition": NaN,
        "Gain On Sale Of Security": 21617000.0,
        "Net Non Operating Interest Income Expense": -43850000.0,
        "Interest Expense Non Operating": 43850000.0,
        "Operating Income": 207520000.0,
        "Operating Expense": 17018000.0,
        "Other Operating Expenses": 2537000.0,
        "Selling General And Administration": 14481000.0,
        "General And Administrative Expense": 14481000.0,
        "Other Gand A": 14481000.0,
        "Gross Profit": 224538000.0,
        "Cost Of Revenue": 355799000.0,
        "Total Revenue": 580337000.0,
        "Operating Revenue": 576952000.0
    },
    "2025-06-30": {
        "Tax Effect Of Unusual Items": -4848567.067341,
        "Tax Rate For Calcs": 0.244297,
        "Normalized EBITDA": 401802000.0,
        "Total Unusual Items": -19847000.0,
        "Total Unusual Items Excluding Goodwill": -19847000.0,
        "Net Income From Continuing Operation Net Minority Interest": 99585000.0,
        "Reconciled Depreciation": 205742000.0,
        "Reconciled Cost Of Revenue": 362787000.0,
        "EBITDA": 381955000.0,
        "EBIT": 176213000.0,
        "Net Interest Income": -44435000.0,
        "Interest Expense": 44435000.0,
        "Normalized Income": 114583432.932659,
        "Net Income From Continuing And Discontinued Operation": 99585000.0,
        "Total Expenses": 381976000.0,
        "Total Operating Income As Reported": 176166000.0,
        "Diluted Average Shares": 99394539.0,
        "Basic Average Shares": 98060407.0,
        "Diluted EPS": 1.0,
        "Basic EPS": 1.02,
        "Diluted NI Availto Com Stockholders": 99585000.0,
        "Net Income Common Stockholders": 99585000.0,
        "Otherunder Preferred Stock Dividend": NaN,
        "Net Income": 99585000.0,
        "Net Income Including Noncontrolling Interests": 99585000.0,
        "Net Income Continuous Operations": 99585000.0,
        "Tax Provision": 32193000.0,
        "Pretax Income": 131778000.0,
        "Other Income Expense": -19801000.0,
        "Other Non Operating Income Expenses": 46000.0,
        "Special Income Charges": -148667000.0,
        "Other Special Charges": 33091000.0,
        "Impairment Of Capital Assets": 115576000.0,
        "Restructuring And Mergern Acquisition": NaN,
        "Gain On Sale Of Security": 128820000.0,
        "Net Non Operating Interest Income Expense": -44435000.0,
        "Interest Expense Non Operating": 44435000.0,
        "Operating Income": 196014000.0,
        "Operating Expense": 19189000.0,
        "Other Operating Expenses": 3561000.0,
        "Selling General And Administration": 15628000.0,
        "General And Administrative Expense": 15628000.0,
        "Other Gand A": 15628000.0,
        "Gross Profit": 215203000.0,
        "Cost Of Revenue": 362787000.0,
        "Total Revenue": 577990000.0,
        "Operating Revenue": 574369000.0
    }
}