{
    "2023-03-31": {
        "Tax Effect Of Unusual Items": NaN,
        "Tax Rate For Calcs": NaN,
        "Normalized EBITDA": NaN,
        "Total Unusual Items": NaN,
        "Total Unusual Items Excluding Goodwill": NaN,
        "Net Income From Continuing Operation Net Minority Interest": NaN,
        "Reconciled Depreciation": NaN,
        "Reconciled Cost Of Revenue": NaN,
        "EBITDA": NaN,
        "EBIT": NaN,
        "Net Interest Income": NaN,
        "Interest Expense": NaN,
        "Interest Income": NaN,
        "Normalized Income": NaN,
        "Net Income From Continuing And Discontinued Operation": NaN,
        "Total Expenses": NaN,
        "Total Operating Income As Reported": NaN,
        "Diluted Average Shares": 174500000.0,
        "Basic Average Shares": 174500000.0,
        "Diluted EPS": 0.24,
        "Basic EPS": 0.24,
        "Diluted NI Availto Com Stockholders": NaN,
        "Net Income Common Stockholders": NaN,
        "Net Income": NaN,
        "Net Income Including Noncontrolling Interests": NaN,
        "Net Income Continuous Operations": NaN,
        "Tax Provision": NaN,
        "Pretax Income": NaN,
        "Other Income Expense": NaN,
        "Special Income Charges": NaN,
        "Other Special Charges": NaN,
        "Write Off": NaN,
        "Restructuring And Mergern Acquisition": NaN,
        "Gain On Sale Of Security": NaN,
        "Net Non Operating Interest Income Expense": NaN,
        "Total Other Finance Cost": NaN,
        "Interest Expense Non Operating": NaN,
        "Interest Income Non Operating": NaN,
        "Operating Income": NaN,
        "Operating Expense": NaN,
        "Other Operating Expenses": NaN,
        "Gross Profit": NaN,
        "Cost Of Revenue": NaN,
        "Total Revenue": NaN,
        "Operating Revenue": NaN
    },
    "2022-12-31": {
        "Tax Effect Of Unusual Items": NaN,
        "Tax Rate For Calcs": NaN,
        "Normalized EBITDA": NaN,
        "Total Unusual Items": NaN,
        "Total Unusual Items Excluding Goodwill": NaN,
        "Net Income From Continuing Operation Net Minority Interest": NaN,
        "Reconciled Depreciation": NaN,
        "Reconciled Cost Of Revenue": NaN,
        "EBITDA": NaN,
        "EBIT": NaN,
        "Net Interest Income": NaN,
        "Interest Expense": NaN,
        "Interest Income": NaN,
        "Normalized Income": NaN,
        "Net Income From Continuing And Discontinued Operation": NaN,
        "Total Expenses": NaN,
        "Total Operating Income As Reported": NaN,
        "Diluted Average Shares": 174200000.0,
        "Basic Average Shares": 174200000.0,
        "Diluted EPS": 0.21,
        "Basic EPS": 0.21,
        "Diluted NI Availto Com Stockholders": NaN,
        "Net Income Common Stockholders": NaN,
        "Net Income": NaN,
        "Net Income Including Noncontrolling Interests": NaN,
        "Net Income Continuous Operations": NaN,
        "Tax Provision": NaN,
        "Pretax Income": NaN,
        "Other Income Expense": NaN,
        "Special Income Charges": NaN,
        "Other Special Charges": NaN,
        "Write Off": NaN,
        "Restructuring And Mergern Acquisition": NaN,
        "Gain On Sale Of Security": NaN,
        "Net Non Operating Interest Income Expense": NaN,
        "Total Other Finance Cost": NaN,
        "Interest Expense Non Operating": NaN,
        "Interest Income Non Operating": NaN,
        "Operating Income": NaN,
        "Operating Expense": NaN,
        "Other Operating Expenses": NaN,
        "Gross Profit": NaN,
        "Cost Of Revenue": NaN,
        "Total Revenue": NaN,
        "Operating Revenue": NaN
    },
    "2022-09-30": {
        "Tax Effect Of Unusual Items": NaN,
        "Tax Rate For Calcs": NaN,
        "Normalized EBITDA": NaN,
        "Total Unusual Items": NaN,
        "Total Unusual Items Excluding Goodwill": NaN,
        "Net Income From Continuing Operation Net Minority Interest": NaN,
        "Reconciled Depreciation": NaN,
        "Reconciled Cost Of Revenue": NaN,
        "EBITDA": NaN,
        "EBIT": NaN,
        "Net Interest Income": NaN,
        "Interest Expense": NaN,
        "Interest Income": NaN,
        "Normalized Income": NaN,
        "Net Income From Continuing And Discontinued Operation": NaN,
        "Total Expenses": NaN,
        "Total Operating Income As Reported": NaN,
        "Diluted Average Shares": NaN,
        "Basic Average Shares": NaN,
        "Diluted EPS": NaN,
        "Basic EPS": NaN,
        "Diluted NI Availto Com Stockholders": NaN,
        "Net Income Common Stockholders": NaN,
        "Net Income": NaN,
        "Net Income Including Noncontrolling Interests": NaN,
        "Net Income Continuous Operations": NaN,
        "Tax Provision": NaN,
        "Pretax Income": NaN,
        "Other Income Expense": NaN,
        "Special Income Charges": NaN,
        "Other Special Charges": 14400000.0,
        "Write Off": 0.0,
        "Restructuring And Mergern Acquisition": 4500000.0,
        "Gain On Sale Of Security": 11900000.0,
        "Net Non Operating Interest Income Expense": NaN,
        "Total Other Finance Cost": NaN,
        "Interest Expense Non Operating": NaN,
        "Interest Income Non Operating": NaN,
        "Operating Income": NaN,
        "Operating Expense": NaN,
        "Other Operating Expenses": NaN,
        "Gross Profit": NaN,
        "Cost Of Revenue": NaN,
        "Total Revenue": NaN,
        "Operating Revenue": NaN
    },
    "2022-06-30": {
        "Tax Effect Of Unusual Items": 2846248.715313,
        "Tax Rate For Calcs": 0.233299,
        "Normalized EBITDA": 122200000.0,
        "Total Unusual Items": 12200000.0,
        "Total Unusual Items Excluding Goodwill": 12200000.0,
        "Net Income From Continuing Operation Net Minority Interest": 74600000.0,
        "Reconciled Depreciation": 22000000.0,
        "Reconciled Cost Of Revenue": 500200000.0,
        "EBITDA": 134400000.0,
        "EBIT": 112400000.0,
        "Net Interest Income": -15600000.0,
        "Interest Expense": 15100000.0,
        "Interest Income": NaN,
        "Normalized Income": 65246248.715313,
        "Net Income From Continuing And Discontinued Operation": 74600000.0,
        "Total Expenses": 596300000.0,
        "Total Operating Income As Reported": 113400000.0,
        "Diluted Average Shares": 174100000.0,
        "Basic Average Shares": 174100000.0,
        "Diluted EPS": 0.43,
        "Basic EPS": 0.43,
        "Diluted NI Availto Com Stockholders": 74600000.0,
        "Net Income Common Stockholders": 74600000.0,
        "Net Income": 74600000.0,
        "Net Income Including Noncontrolling Interests": 74600000.0,
        "Net Income Continuous Operations": 74600000.0,
        "Tax Provision": 22700000.0,
        "Pretax Income": 97300000.0,
        "Other Income Expense": 12200000.0,
        "Special Income Charges": 12700000.0,
        "Other Special Charges": -17100000.0,
        "Write Off": 0.0,
        "Restructuring And Mergern Acquisition": 4400000.0,
        "Gain On Sale Of Security": -500000.0,
        "Net Non Operating Interest Income Expense": -15600000.0,
        "Total Other Finance Cost": 500000.0,
        "Interest Expense Non Operating": 15100000.0,
        "Interest Income Non Operating": NaN,
        "Operating Income": 100700000.0,
        "Operating Expense": 96100000.0,
        "Other Operating Expenses": 96100000.0,
        "Gross Profit": 196800000.0,
        "Cost Of Revenue": 500200000.0,
        "Total Revenue": 697000000.0,
        "Operating Revenue": 697000000.0
    },
    "2022-03-31": {
        "Diluted EPS": 0.36,
        "Total Revenue": 822,
        "Gross Profit": 230,
        "Operating Income": 98,
        "EBIT": 122,
        "Net Income": 63
    },
    "2021-12-31": {
        "Diluted EPS": 0.18,
        "Total Revenue": 806,
        "Gross Profit": 205,
        "Operating Income": 64,
        "EBIT": 89,
        "Net Income": 32
    },
    "2021-09-30": {
        "Diluted EPS": 0.34,
        "Total Revenue": 707,
        "Gross Profit": 198,
        "Operating Income": 95,
        "EBIT": 114,
        "Net Income": 61
    },
    "2021-06-30": {
        "Diluted EPS": 0.35,
        "Total Revenue": 718,
        "Gross Profit": 221,
        "Operating Income": 121,
        "EBIT": 141,
        "Net Income": 62
    },
    "2021-03-31": {
        "Diluted EPS": 0.34,
        "Total Revenue": 853,
        "Gross Profit": 257,
        "Operating Income": 125,
        "EBIT": 146,
        "Net Income": 59
    },
    "2020-12-31": {
        "Diluted EPS": 0.36,
        "Total Revenue": 787,
        "Gross Profit": 247,
        "Operating Income": 119,
        "EBIT": 136,
        "Net Income": 70
    },
    "2020-09-30": {
        "Diluted EPS": 0.34,
        "Total Revenue": 674,
        "Gross Profit": 205,
        "Operating Income": 102,
        "EBIT": 124,
        "Net Income": 66
    },
    "2020-06-30": {
        "Diluted EPS": 0.35,
        "Total Revenue": 660,
        "Gross Profit": 200,
        "Operating Income": 105,
        "EBIT": 124,
        "Net Income": 69
    },
    "2020-03-31": {
        "Diluted EPS": 0.25,
        "Total Revenue": 753,
        "Gross Profit": 219,
        "Operating Income": 85,
        "EBIT": 104,
        "Net Income": 52
    },
    "2019-12-31": {
        "Diluted EPS": 0.23,
        "Total Revenue": 696,
        "Gross Profit": 208,
        "Operating Income": 96,
        "EBIT": 117,
        "Net Income": 51
    },
    "2019-09-30": {
        "Diluted EPS": 0.22,
        "Total Revenue": 601,
        "Gross Profit": 177,
        "Operating Income": 76,
        "EBIT": 94,
        "Net Income": 44
    },
    "2019-06-30": {
        "Diluted EPS": 0.27,
        "Total Revenue": 604,
        "Gross Profit": 180,
        "Operating Income": 83,
        "EBIT": 102,
        "Net Income": 52
    },
    "2019-03-31": {
        "Diluted EPS": 0.15,
        "Total Revenue": 702,
        "Gross Profit": 217,
        "Operating Income": 62,
        "EBIT": 81,
        "Net Income": 25
    },
    "2018-12-31": {
        "Diluted EPS": 0.24,
        "Total Revenue": 704,
        "Gross Profit": 210,
        "Operating Income": 88,
        "EBIT": 104,
        "Net Income": 46
    },
    "2018-09-30": {
        "Diluted EPS": 0.24,
        "Total Revenue": 617,
        "Gross Profit": 171,
        "Operating Income": 68,
        "EBIT": 82,
        "Net Income": 43
    },
    "2018-06-30": {
        "Diluted EPS": 0.22,
        "Total Revenue": 582,
        "Gross Profit": 181,
        "Operating Income": 71,
        "EBIT": 84,
        "Net Income": 37
    },
    "2018-03-31": {
        "Diluted EPS": 0.44,
        "Total Revenue": 663,
        "Gross Profit": 211,
        "Operating Income": 107,
        "EBIT": 119,
        "Net Income": 77
    },
    "2017-12-31": {
        "Diluted EPS": 0.16,
        "Total Revenue": 602,
        "Gross Profit": 189,
        "Operating Income": 58,
        "EBIT": 68,
        "Net Income": 33
    },
    "2017-09-30": {
        "Diluted EPS": 0.28,
        "Total Revenue": 539,
        "Gross Profit": 163,
        "Operating Income": 73,
        "EBIT": 87,
        "Net Income": 49
    },
    "2017-06-30": {
        "Diluted EPS": 0.12,
        "Total Revenue": 504,
        "Gross Profit": 159,
        "Operating Income": 63,
        "EBIT": 74,
        "Net Income": 21
    },
    "2017-03-31": {
        "Diluted EPS": 0.28,
        "Total Revenue": 566,
        "Gross Profit": 166,
        "Operating Income": 80,
        "EBIT": 93,
        "Net Income": 51
    },
    "2016-12-31": {
        "Diluted EPS": -0.01,
        "Total Revenue": 524,
        "Gross Profit": 147,
        "Operating Income": 29,
        "EBIT": 43,
        "Net Income": -2
    },
    "2016-09-30": {
        "Diluted EPS": 0.02,
        "Total Revenue": 490,
        "Gross Profit": 143,
        "Operating Income": 42,
        "EBIT": 56,
        "Net Income": 4
    },
    "2016-06-30": {
        "Diluted EPS": -0.05,
        "Total Revenue": 515,
        "Gross Profit": 158,
        "Operating Income": 11,
        "EBIT": 26,
        "Net Income": -8
    },
    "2016-03-31": {
        "Diluted EPS": 0.25,
        "Total Revenue": 604,
        "Gross Profit": 185,
        "Operating Income": 71,
        "EBIT": 84,
        "Net Income": 47
    },
    "2023-06-30": {
        "Tax Effect Of Unusual Items": NaN,
        "Tax Rate For Calcs": NaN,
        "Normalized EBITDA": NaN,
        "Total Unusual Items": NaN,
        "Total Unusual Items Excluding Goodwill": NaN,
        "Net Income From Continuing Operation Net Minority Interest": NaN,
        "Reconciled Depreciation": NaN,
        "Reconciled Cost Of Revenue": NaN,
        "EBITDA": NaN,
        "EBIT": NaN,
        "Net Interest Income": NaN,
        "Interest Expense": NaN,
        "Interest Income": NaN,
        "Normalized Income": NaN,
        "Net Income From Continuing And Discontinued Operation": NaN,
        "Total Expenses": NaN,
        "Total Operating Income As Reported": NaN,
        "Diluted Average Shares": 173700000.0,
        "Basic Average Shares": 173700000.0,
        "Diluted EPS": 0.28,
        "Basic EPS": 0.28,
        "Diluted NI Availto Com Stockholders": NaN,
        "Net Income Common Stockholders": NaN,
        "Net Income": NaN,
        "Net Income Including Noncontrolling Interests": NaN,
        "Net Income Continuous Operations": NaN,
        "Tax Provision": NaN,
        "Pretax Income": NaN,
        "Other Income Expense": NaN,
        "Special Income Charges": NaN,
        "Other Special Charges": NaN,
        "Write Off": NaN,
        "Restructuring And Mergern Acquisition": NaN,
        "Gain On Sale Of Security": NaN,
        "Net Non Operating Interest Income Expense": NaN,
        "Total Other Finance Cost": NaN,
        "Interest Expense Non Operating": NaN,
        "Interest Income Non Operating": NaN,
        "Operating Income": NaN,
        "Operating Expense": NaN,
        "Other Operating Expenses": NaN,
        "Gross Profit": NaN,
        "Cost Of Revenue": NaN,
        "Total Revenue": NaN,
        "Operating Revenue": NaN
    },
    "2023-09-30": {
        "Tax Effect Of Unusual Items": NaN,
        "Tax Rate For Calcs": NaN,
        "Normalized EBITDA": NaN,
        "Total Unusual Items": NaN,
        "Total Unusual Items Excluding Goodwill": NaN,
        "Net Income From Continuing Operation Net Minority Interest": NaN,
        "Reconciled Depreciation": NaN,
        "Reconciled Cost Of Revenue": NaN,
        "EBITDA": NaN,
        "EBIT": NaN,
        "Net Interest Income": NaN,
        "Interest Expense": NaN,
        "Interest Income": NaN,
        "Normalized Income": NaN,
        "Net Income From Continuing And Discontinued Operation": NaN,
        "Total Expenses": NaN,
        "Total Operating Income As Reported": NaN,
        "Diluted Average Shares": 170300000.0,
        "Basic Average Shares": 170300000.0,
        "Diluted EPS": 0.46,
        "Basic EPS": 0.46,
        "Diluted NI Availto Com Stockholders": NaN,
        "Net Income Common Stockholders": NaN,
        "Net Income": NaN,
        "Net Income Including Noncontrolling Interests": NaN,
        "Net Income Continuous Operations": NaN,
        "Tax Provision": NaN,
        "Pretax Income": NaN,
        "Other Income Expense": NaN,
        "Special Income Charges": NaN,
        "Other Special Charges": 13500000.0,
        "Write Off": 0.0,
        "Restructuring And Mergern Acquisition": 200000.0,
        "Gain On Sale Of Security": 5500000.0,
        "Net Non Operating Interest Income Expense": NaN,
        "Total Other Finance Cost": -17100000.0,
        "Interest Expense Non Operating": NaN,
        "Interest Income Non Operating": NaN,
        "Operating Income": NaN,
        "Operating Expense": NaN,
        "Other Operating Expenses": NaN,
        "Gross Profit": NaN,
        "Cost Of Revenue": NaN,
        "Total Revenue": NaN,
        "Operating Revenue": NaN
    },
    "2023-12-31": {
        "Tax Effect Of Unusual Items": NaN,
        "Tax Rate For Calcs": NaN,
        "Normalized EBITDA": NaN,
        "Total Unusual Items": NaN,
        "Total Unusual Items Excluding Goodwill": NaN,
        "Net Income From Continuing Operation Net Minority Interest": NaN,
        "Reconciled Depreciation": NaN,
        "Reconciled Cost Of Revenue": NaN,
        "EBITDA": NaN,
        "EBIT": NaN,
        "Net Interest Income": NaN,
        "Interest Expense": NaN,
        "Interest Income": NaN,
        "Normalized Income": NaN,
        "Net Income From Continuing And Discontinued Operation": NaN,
        "Total Expenses": NaN,
        "Total Operating Income As Reported": NaN,
        "Diluted Average Shares": NaN,
        "Basic Average Shares": NaN,
        "Diluted EPS": NaN,
        "Basic EPS": NaN,
        "Diluted NI Availto Com Stockholders": NaN,
        "Net Income Common Stockholders": NaN,
        "Net Income": NaN,
        "Net Income Including Noncontrolling Interests": NaN,
        "Net Income Continuous Operations": NaN,
        "Tax Provision": NaN,
        "Pretax Income": NaN,
        "Other Income Expense": NaN,
        "Special Income Charges": NaN,
        "Other Special Charges": -1100000.0,
        "Write Off": 0.0,
        "Restructuring And Mergern Acquisition": 2800000.0,
        "Gain On Sale Of Security": 37600000.0,
        "Net Non Operating Interest Income Expense": NaN,
        "Total Other Finance Cost": 23500000.0,
        "Interest Expense Non Operating": NaN,
        "Interest Income Non Operating": NaN,
        "Operating Income": NaN,
        "Operating Expense": NaN,
        "Other Operating Expenses": NaN,
        "Gross Profit": NaN,
        "Cost Of Revenue": NaN,
        "Total Revenue": NaN,
        "Operating Revenue": NaN
    },
    "2024-03-31": {
        "Tax Effect Of Unusual Items": NaN,
        "Tax Rate For Calcs": NaN,
        "Normalized EBITDA": NaN,
        "Total Unusual Items": NaN,
        "Total Unusual Items Excluding Goodwill": NaN,
        "Net Income From Continuing Operation Net Minority Interest": NaN,
        "Reconciled Depreciation": NaN,
        "Reconciled Cost Of Revenue": NaN,
        "EBITDA": NaN,
        "EBIT": NaN,
        "Net Interest Income": NaN,
        "Interest Expense": NaN,
        "Interest Income": NaN,
        "Normalized Income": NaN,
        "Net Income From Continuing And Discontinued Operation": NaN,
        "Total Expenses": NaN,
        "Total Operating Income As Reported": NaN,
        "Diluted Average Shares": 163300000.0,
        "Basic Average Shares": 163200000.0,
        "Diluted EPS": 0.21,
        "Basic EPS": 0.21,
        "Diluted NI Availto Com Stockholders": NaN,
        "Net Income Common Stockholders": NaN,
        "Net Income": NaN,
        "Net Income Including Noncontrolling Interests": NaN,
        "Net Income Continuous Operations": NaN,
        "Tax Provision": NaN,
        "Pretax Income": NaN,
        "Other Income Expense": NaN,
        "Special Income Charges": NaN,
        "Other Special Charges": NaN,
        "Net Non Operating Interest Income Expense": NaN,
        "Interest Expense Non Operating": NaN,
        "Interest Income Non Operating": NaN,
        "Operating Income": NaN,
        "Operating Expense": NaN,
        "Other Operating Expenses": NaN,
        "Gross Profit": NaN,
        "Cost Of Revenue": NaN,
        "Total Revenue": NaN,
        "Operating Revenue": NaN
    },
    "2024-06-30": {
        "Tax Effect Of Unusual Items": NaN,
        "Tax Rate For Calcs": NaN,
        "Normalized EBITDA": NaN,
        "Total Unusual Items": NaN,
        "Total Unusual Items Excluding Goodwill": NaN,
        "Net Income From Continuing Operation Net Minority Interest": NaN,
        "Reconciled Depreciation": NaN,
        "Reconciled Cost Of Revenue": NaN,
        "EBITDA": NaN,
        "EBIT": NaN,
        "Net Interest Income": NaN,
        "Interest Expense": NaN,
        "Interest Income": NaN,
        "Normalized Income": NaN,
        "Net Income From Continuing And Discontinued Operation": NaN,
        "Total Expenses": NaN,
        "Total Operating Income As Reported": NaN,
        "Diluted Average Shares": 163100000.0,
        "Basic Average Shares": 163000000.0,
        "Diluted EPS": 0.43,
        "Basic EPS": 0.43,
        "Diluted NI Availto Com Stockholders": NaN,
        "Net Income Common Stockholders": NaN,
        "Net Income": NaN,
        "Net Income Including Noncontrolling Interests": NaN,
        "Net Income Continuous Operations": NaN,
        "Tax Provision": NaN,
        "Pretax Income": NaN,
        "Other Income Expense": NaN,
        "Special Income Charges": NaN,
        "Other Special Charges": NaN,
        "Net Non Operating Interest Income Expense": NaN,
        "Interest Expense Non Operating": NaN,
        "Interest Income Non Operating": NaN,
        "Operating Income": NaN,
        "Operating Expense": NaN,
        "Other Operating Expenses": NaN,
        "Gross Profit": NaN,
        "Cost Of Revenue": NaN,
        "Total Revenue": NaN,
        "Operating Revenue": NaN
    },
    "2024-09-30": {
        "Tax Effect Of Unusual Items": -2744942.528736,
        "Tax Rate For Calcs": 0.191954,
        "Normalized EBITDA": 163600000.0,
        "Total Unusual Items": -14300000.0,
        "Total Unusual Items Excluding Goodwill": -14300000.0,
        "Net Income From Continuing Operation Net Minority Interest": 70300000.0,
        "Reconciled Depreciation": 25100000.0,
        "Reconciled Cost Of Revenue": 521400000.0,
        "EBITDA": 149300000.0,
        "EBIT": 124200000.0,
        "Net Interest Income": -35400000.0,
        "Interest Expense": 37200000.0,
        "Interest Income": 1800000.0,
        "Normalized Income": 81855057.471264,
        "Net Income From Continuing And Discontinued Operation": 70300000.0,
        "Total Expenses": 632900000.0,
        "Total Operating Income As Reported": 122400000.0,
        "Diluted Average Shares": 161400000.0,
        "Basic Average Shares": 161400000.0,
        "Diluted EPS": 0.44,
        "Basic EPS": 0.44,
        "Diluted NI Availto Com Stockholders": 70300000.0,
        "Net Income Common Stockholders": 70300000.0,
        "Net Income": 70300000.0,
        "Net Income Including Noncontrolling Interests": 70300000.0,
        "Net Income Continuous Operations": 70300000.0,
        "Tax Provision": 16700000.0,
        "Pretax Income": 87000000.0,
        "Other Income Expense": -14300000.0,
        "Special Income Charges": -14300000.0,
        "Other Special Charges": 14300000.0,
        "Net Non Operating Interest Income Expense": -35400000.0,
        "Interest Expense Non Operating": 37200000.0,
        "Interest Income Non Operating": 1800000.0,
        "Operating Income": 136700000.0,
        "Operating Expense": 111500000.0,
        "Other Operating Expenses": 111500000.0,
        "Gross Profit": 248200000.0,
        "Cost Of Revenue": 521400000.0,
        "Total Revenue": 769600000.0,
        "Operating Revenue": 769600000.0
    },
    "2024-12-31": {
        "Tax Effect Of Unusual Items": -177650.897227,
        "Tax Rate For Calcs": 0.161501,
        "Normalized EBITDA": 113600000.0,
        "Total Unusual Items": -1100000.0,
        "Total Unusual Items Excluding Goodwill": -1100000.0,
        "Net Income From Continuing Operation Net Minority Interest": 51400000.0,
        "Reconciled Depreciation": 25500000.0,
        "Reconciled Cost Of Revenue": 567500000.0,
        "EBITDA": 112500000.0,
        "EBIT": 87000000.0,
        "Net Interest Income": -48400000.0,
        "Interest Expense": 25700000.0,
        "Interest Income": -15700000.0,
        "Normalized Income": 52322349.102773,
        "Net Income From Continuing And Discontinued Operation": 51400000.0,
        "Total Expenses": 682600000.0,
        "Total Operating Income As Reported": 91500000.0,
        "Diluted Average Shares": NaN,
        "Basic Average Shares": NaN,
        "Diluted EPS": NaN,
        "Basic EPS": NaN,
        "Diluted NI Availto Com Stockholders": 51400000.0,
        "Net Income Common Stockholders": 51400000.0,
        "Net Income": 51400000.0,
        "Net Income Including Noncontrolling Interests": 51400000.0,
        "Net Income Continuous Operations": 51400000.0,
        "Tax Provision": 9900000.0,
        "Pretax Income": 61300000.0,
        "Other Income Expense": -1100000.0,
        "Special Income Charges": 800000.0,
        "Other Special Charges": 4900000.0,
        "Net Non Operating Interest Income Expense": -48400000.0,
        "Interest Expense Non Operating": 25700000.0,
        "Interest Income Non Operating": -15700000.0,
        "Operating Income": 110800000.0,
        "Operating Expense": 115100000.0,
        "Other Operating Expenses": 115100000.0,
        "Gross Profit": 225900000.0,
        "Cost Of Revenue": 567500000.0,
        "Total Revenue": 793400000.0,
        "Operating Revenue": 793400000.0
    },
    "2025-03-31": {
        "Tax Effect Of Unusual Items": -3015113.350126,
        "Tax Rate For Calcs": 0.176322,
        "Normalized EBITDA": 116400000.0,
        "Total Unusual Items": -17100000.0,
        "Total Unusual Items Excluding Goodwill": -17100000.0,
        "Net Income From Continuing Operation Net Minority Interest": 32700000.0,
        "Reconciled Depreciation": 24000000.0,
        "Reconciled Cost Of Revenue": 548500000.0,
        "EBITDA": 99300000.0,
        "EBIT": 75300000.0,
        "Net Interest Income": -34100000.0,
        "Interest Expense": 35600000.0,
        "Interest Income": 1500000.0,
        "Normalized Income": 46784886.649874,
        "Net Income From Continuing And Discontinued Operation": 32700000.0,
        "Total Expenses": 669200000.0,
        "Total Operating Income As Reported": 73800000.0,
        "Diluted Average Shares": 154800000.0,
        "Basic Average Shares": 154600000.0,
        "Diluted EPS": 0.21,
        "Basic EPS": 0.21,
        "Diluted NI Availto Com Stockholders": 32700000.0,
        "Net Income Common Stockholders": 32700000.0,
        "Net Income": 32700000.0,
        "Net Income Including Noncontrolling Interests": 32700000.0,
        "Net Income Continuous Operations": 32700000.0,
        "Tax Provision": 7000000.0,
        "Pretax Income": 39700000.0,
        "Other Income Expense": -17100000.0,
        "Special Income Charges": -17100000.0,
        "Other Special Charges": NaN,
        "Net Non Operating Interest Income Expense": -34100000.0,
        "Interest Expense Non Operating": 35600000.0,
        "Interest Income Non Operating": 1500000.0,
        "Operating Income": 90900000.0,
        "Operating Expense": 120700000.0,
        "Other Operating Expenses": 120700000.0,
        "Gross Profit": 211600000.0,
        "Cost Of Revenue": 548500000.0,
        "Total Revenue": 760100000.0,
        "Operating Revenue": 760100000.0
    },
    "2025-06-30": {
        "Tax Effect Of Unusual Items": -2849150.141643,
        "Tax Rate For Calcs": 0.191218,
        "Normalized EBITDA": 142300000.0,
        "Total Unusual Items": -14900000.0,
        "Total Unusual Items Excluding Goodwill": -14900000.0,
        "Net Income From Continuing Operation Net Minority Interest": 57100000.0,
        "Reconciled Depreciation": 26300000.0,
        "Reconciled Cost Of Revenue": 540600000.0,
        "EBITDA": 127400000.0,
        "EBIT": 101100000.0,
        "Net Interest Income": -16900000.0,
        "Interest Expense": 30500000.0,
        "Interest Income": 13600000.0,
        "Normalized Income": 69150849.858357,
        "Net Income From Continuing And Discontinued Operation": 57100000.0,
        "Total Expenses": 644500000.0,
        "Total Operating Income As Reported": 87500000.0,
        "Diluted Average Shares": 152600000.0,
        "Basic Average Shares": 152400000.0,
        "Diluted EPS": 0.37,
        "Basic EPS": 0.37,
        "Diluted NI Availto Com Stockholders": 57100000.0,
        "Net Income Common Stockholders": 57100000.0,
        "Net Income": 57100000.0,
        "Net Income Including Noncontrolling Interests": 57100000.0,
        "Net Income Continuous Operations": 57100000.0,
        "Tax Provision": 13500000.0,
        "Pretax Income": 70600000.0,
        "Other Income Expense": -14900000.0,
        "Special Income Charges": -14900000.0,
        "Other Special Charges": NaN,
        "Net Non Operating Interest Income Expense": -16900000.0,
        "Interest Expense Non Operating": 30500000.0,
        "Interest Income Non Operating": 13600000.0,
        "Operating Income": 102400000.0,
        "Operating Expense": 103900000.0,
        "Other Operating Expenses": 103900000.0,
        "Gross Profit": 206300000.0,
        "Cost Of Revenue": 540600000.0,
        "Total Revenue": 746900000.0,
        "Operating Revenue": 746900000.0
    },
    "2025-09-30": {
        "Tax Effect Of Unusual Items": -3072727.272727,
        "Tax Rate For Calcs": 0.181818,
        "Normalized EBITDA": 146700000.0,
        "Total Unusual Items": -16900000.0,
        "Total Unusual Items Excluding Goodwill": -16900000.0,
        "Net Income From Continuing Operation Net Minority Interest": 57600000.0,
        "Reconciled Depreciation": 29600000.0,
        "Reconciled Cost Of Revenue": 545000000.0,
        "EBITDA": 129800000.0,
        "EBIT": 100200000.0,
        "Net Interest Income": -23200000.0,
        "Interest Expense": 29800000.0,
        "Interest Income": 6600000.0,
        "Normalized Income": 71427272.727273,
        "Net Income From Continuing And Discontinued Operation": 57600000.0,
        "Total Expenses": 641900000.0,
        "Total Operating Income As Reported": 93600000.0,
        "Diluted Average Shares": 147900000.0,
        "Basic Average Shares": 147700000.0,
        "Diluted EPS": 0.39,
        "Basic EPS": 0.39,
        "Diluted NI Availto Com Stockholders": 57600000.0,
        "Net Income Common Stockholders": 57600000.0,
        "Net Income": 57600000.0,
        "Net Income Including Noncontrolling Interests": 57600000.0,
        "Net Income Continuous Operations": 57600000.0,
        "Tax Provision": 12800000.0,
        "Pretax Income": 70400000.0,
        "Other Income Expense": -16900000.0,
        "Special Income Charges": -16900000.0,
        "Other Special Charges": 16900000.0,
        "Net Non Operating Interest Income Expense": -23200000.0,
        "Interest Expense Non Operating": 29800000.0,
        "Interest Income Non Operating": 6600000.0,
        "Operating Income": 110500000.0,
        "Operating Expense": 96900000.0,
        "Other Operating Expenses": 96900000.0,
        "Gross Profit": 207400000.0,
        "Cost Of Revenue": 545000000.0,
        "Total Revenue": 752400000.0,
        "Operating Revenue": 752400000.0
    }
}