{
    "2023-03-31": {
        "Tax Effect Of Unusual Items": NaN,
        "Tax Rate For Calcs": NaN,
        "Normalized EBITDA": NaN,
        "Total Unusual Items": NaN,
        "Total Unusual Items Excluding Goodwill": NaN,
        "Net Income From Continuing Operation Net Minority Interest": NaN,
        "Reconciled Depreciation": NaN,
        "Reconciled Cost Of Revenue": NaN,
        "EBITDA": NaN,
        "EBIT": NaN,
        "Net Interest Income": NaN,
        "Normalized Income": NaN,
        "Net Income From Continuing And Discontinued Operation": NaN,
        "Total Expenses": NaN,
        "Total Operating Income As Reported": NaN,
        "Diluted Average Shares": 35999000.0,
        "Basic Average Shares": 35810000.0,
        "Diluted EPS": 0.51,
        "Basic EPS": 0.51,
        "Diluted NI Availto Com Stockholders": NaN,
        "Net Income Common Stockholders": NaN,
        "Net Income": NaN,
        "Net Income Including Noncontrolling Interests": NaN,
        "Net Income Continuous Operations": NaN,
        "Tax Provision": NaN,
        "Pretax Income": NaN,
        "Other Income Expense": NaN,
        "Other Non Operating Income Expenses": NaN,
        "Special Income Charges": NaN,
        "Restructuring And Mergern Acquisition": NaN,
        "Gain On Sale Of Security": NaN,
        "Net Non Operating Interest Income Expense": NaN,
        "Total Other Finance Cost": NaN,
        "Operating Income": NaN,
        "Operating Expense": NaN,
        "Depreciation Amortization Depletion Income Statement": NaN,
        "Depreciation And Amortization In Income Statement": NaN,
        "Amortization": NaN,
        "Amortization Of Intangibles Income Statement": NaN,
        "Research And Development": NaN,
        "Selling General And Administration": NaN,
        "Gross Profit": NaN,
        "Cost Of Revenue": NaN,
        "Total Revenue": NaN,
        "Operating Revenue": NaN
    },
    "2022-12-31": {
        "Tax Effect Of Unusual Items": NaN,
        "Tax Rate For Calcs": NaN,
        "Normalized EBITDA": NaN,
        "Total Unusual Items": NaN,
        "Total Unusual Items Excluding Goodwill": NaN,
        "Net Income From Continuing Operation Net Minority Interest": NaN,
        "Reconciled Depreciation": NaN,
        "Reconciled Cost Of Revenue": NaN,
        "EBITDA": NaN,
        "EBIT": NaN,
        "Net Interest Income": NaN,
        "Normalized Income": NaN,
        "Net Income From Continuing And Discontinued Operation": NaN,
        "Total Expenses": NaN,
        "Total Operating Income As Reported": NaN,
        "Diluted Average Shares": 36000000.0,
        "Basic Average Shares": 35738000.0,
        "Diluted EPS": 0.42,
        "Basic EPS": 0.43,
        "Diluted NI Availto Com Stockholders": NaN,
        "Net Income Common Stockholders": NaN,
        "Net Income": NaN,
        "Net Income Including Noncontrolling Interests": NaN,
        "Net Income Continuous Operations": NaN,
        "Tax Provision": NaN,
        "Pretax Income": NaN,
        "Other Income Expense": NaN,
        "Other Non Operating Income Expenses": NaN,
        "Special Income Charges": NaN,
        "Restructuring And Mergern Acquisition": NaN,
        "Gain On Sale Of Security": NaN,
        "Net Non Operating Interest Income Expense": NaN,
        "Total Other Finance Cost": NaN,
        "Operating Income": NaN,
        "Operating Expense": NaN,
        "Depreciation Amortization Depletion Income Statement": NaN,
        "Depreciation And Amortization In Income Statement": NaN,
        "Amortization": NaN,
        "Amortization Of Intangibles Income Statement": NaN,
        "Research And Development": NaN,
        "Selling General And Administration": NaN,
        "Gross Profit": NaN,
        "Cost Of Revenue": NaN,
        "Total Revenue": NaN,
        "Operating Revenue": NaN
    },
    "2022-09-30": {
        "Tax Effect Of Unusual Items": 73760.0,
        "Tax Rate For Calcs": 0.16,
        "Normalized EBITDA": 42969000.0,
        "Total Unusual Items": 461000.0,
        "Total Unusual Items Excluding Goodwill": 461000.0,
        "Net Income From Continuing Operation Net Minority Interest": 22490000.0,
        "Reconciled Depreciation": 13144000.0,
        "Reconciled Cost Of Revenue": 117878000.0,
        "EBITDA": 43430000.0,
        "EBIT": 30286000.0,
        "Net Interest Income": -4062000.0,
        "Normalized Income": 22102760.0,
        "Net Income From Continuing And Discontinued Operation": 22490000.0,
        "Total Expenses": 192672000.0,
        "Total Operating Income As Reported": 28661000.0,
        "Diluted Average Shares": 35928000.0,
        "Basic Average Shares": 35729000.0,
        "Diluted EPS": 0.63,
        "Basic EPS": 0.63,
        "Diluted NI Availto Com Stockholders": 22490000.0,
        "Net Income Common Stockholders": 22490000.0,
        "Net Income": 22490000.0,
        "Net Income Including Noncontrolling Interests": 22490000.0,
        "Net Income Continuous Operations": 22490000.0,
        "Tax Provision": 4282000.0,
        "Pretax Income": 26772000.0,
        "Other Income Expense": 548000.0,
        "Other Non Operating Income Expenses": 87000.0,
        "Special Income Charges": -1625000.0,
        "Restructuring And Mergern Acquisition": 1625000.0,
        "Gain On Sale Of Security": 2086000.0,
        "Net Non Operating Interest Income Expense": -4062000.0,
        "Total Other Finance Cost": 4062000.0,
        "Operating Income": 30286000.0,
        "Operating Expense": 68122000.0,
        "Depreciation Amortization Depletion Income Statement": 6472000.0,
        "Depreciation And Amortization In Income Statement": 6472000.0,
        "Amortization": 6472000.0,
        "Amortization Of Intangibles Income Statement": 6472000.0,
        "Research And Development": 21349000.0,
        "Selling General And Administration": 40301000.0,
        "Gross Profit": 98408000.0,
        "Cost Of Revenue": 124550000.0,
        "Total Revenue": 222958000.0,
        "Operating Revenue": 222958000.0
    },
    "2022-06-30": {
        "Tax Effect Of Unusual Items": -395474.0,
        "Tax Rate For Calcs": 0.158,
        "Normalized EBITDA": 42260000.0,
        "Total Unusual Items": -2503000.0,
        "Total Unusual Items Excluding Goodwill": -2503000.0,
        "Net Income From Continuing Operation Net Minority Interest": 17479000.0,
        "Reconciled Depreciation": 13811000.0,
        "Reconciled Cost Of Revenue": 113473000.0,
        "EBITDA": 39757000.0,
        "EBIT": 25946000.0,
        "Net Interest Income": -2757000.0,
        "Normalized Income": 19586526.0,
        "Net Income From Continuing And Discontinued Operation": 17479000.0,
        "Total Expenses": 189410000.0,
        "Total Operating Income As Reported": 23291000.0,
        "Diluted Average Shares": 35933000.0,
        "Basic Average Shares": 35609000.0,
        "Diluted EPS": 0.49,
        "Basic EPS": 0.49,
        "Diluted NI Availto Com Stockholders": 17479000.0,
        "Net Income Common Stockholders": 17479000.0,
        "Net Income": 17479000.0,
        "Net Income Including Noncontrolling Interests": 17479000.0,
        "Net Income Continuous Operations": 17479000.0,
        "Tax Provision": 3275000.0,
        "Pretax Income": 20754000.0,
        "Other Income Expense": -2435000.0,
        "Other Non Operating Income Expenses": 68000.0,
        "Special Income Charges": -2655000.0,
        "Restructuring And Mergern Acquisition": 2655000.0,
        "Gain On Sale Of Security": 152000.0,
        "Net Non Operating Interest Income Expense": -2757000.0,
        "Total Other Finance Cost": 2757000.0,
        "Operating Income": 25946000.0,
        "Operating Expense": 69299000.0,
        "Depreciation Amortization Depletion Income Statement": 7173000.0,
        "Depreciation And Amortization In Income Statement": 7173000.0,
        "Amortization": 7173000.0,
        "Amortization Of Intangibles Income Statement": 7173000.0,
        "Research And Development": 21588000.0,
        "Selling General And Administration": 40538000.0,
        "Gross Profit": 95245000.0,
        "Cost Of Revenue": 120111000.0,
        "Total Revenue": 215356000.0,
        "Operating Revenue": 215356000.0
    },
    "2022-03-31": {
        "Diluted EPS": 0.53,
        "Total Revenue": 204,
        "Gross Profit": 90,
        "Operating Income": 24,
        "EBIT": 38,
        "Net Income": 19
    },
    "2021-12-31": {
        "Diluted EPS": 0.38,
        "Total Revenue": 199,
        "Gross Profit": 83,
        "Operating Income": 22,
        "EBIT": 34,
        "Net Income": 14
    },
    "2021-09-30": {
        "Diluted EPS": 0.38,
        "Total Revenue": 178,
        "Gross Profit": 76,
        "Operating Income": 15,
        "EBIT": 26,
        "Net Income": 14
    },
    "2021-06-30": {
        "Diluted EPS": 0.33,
        "Total Revenue": 168,
        "Gross Profit": 72,
        "Operating Income": 16,
        "EBIT": 26,
        "Net Income": 12
    },
    "2021-03-31": {
        "Diluted EPS": 0.32,
        "Total Revenue": 163,
        "Gross Profit": 69,
        "Operating Income": 11,
        "EBIT": 21,
        "Net Income": 11
    },
    "2020-12-31": {
        "Diluted EPS": 0.35,
        "Total Revenue": 147,
        "Gross Profit": 62,
        "Operating Income": 17,
        "EBIT": 27,
        "Net Income": 13
    },
    "2020-09-30": {
        "Diluted EPS": 0.23,
        "Total Revenue": 143,
        "Gross Profit": 59,
        "Operating Income": 12,
        "EBIT": 21,
        "Net Income": 8
    },
    "2020-06-30": {
        "Diluted EPS": 0.33,
        "Total Revenue": 145,
        "Gross Profit": 59,
        "Operating Income": 14,
        "EBIT": 23,
        "Net Income": 12
    },
    "2020-03-31": {
        "Diluted EPS": 0.34,
        "Total Revenue": 155,
        "Gross Profit": 64,
        "Operating Income": 13,
        "EBIT": 23,
        "Net Income": 12
    },
    "2019-12-31": {
        "Diluted EPS": 0.26,
        "Total Revenue": 160,
        "Gross Profit": 66,
        "Operating Income": 13,
        "EBIT": 23,
        "Net Income": 9
    },
    "2019-09-30": {
        "Diluted EPS": 0.25,
        "Total Revenue": 154,
        "Gross Profit": 64,
        "Operating Income": 13,
        "EBIT": 23,
        "Net Income": 9
    },
    "2019-06-30": {
        "Diluted EPS": 0.29,
        "Total Revenue": 155,
        "Gross Profit": 66,
        "Operating Income": 15,
        "EBIT": 24,
        "Net Income": 10
    },
    "2019-03-31": {
        "Diluted EPS": 0.35,
        "Total Revenue": 157,
        "Gross Profit": 66,
        "Operating Income": 14,
        "EBIT": 23,
        "Net Income": 12
    },
    "2018-12-31": {
        "Diluted EPS": 0.33,
        "Total Revenue": 156,
        "Gross Profit": 65,
        "Operating Income": 16,
        "EBIT": 25,
        "Net Income": 5
    },
    "2018-09-30": {
        "Diluted EPS": 0.6,
        "Total Revenue": 161,
        "Gross Profit": 70,
        "Operating Income": 21,
        "EBIT": 30,
        "Net Income": 21
    },
    "2018-06-30": {
        "Diluted EPS": 0.32,
        "Total Revenue": 150,
        "Gross Profit": 65,
        "Operating Income": 17,
        "EBIT": 26,
        "Net Income": 11
    },
    "2018-03-31": {
        "Diluted EPS": 0.18,
        "Total Revenue": 147,
        "Gross Profit": 62,
        "Operating Income": 17,
        "EBIT": 26,
        "Net Income": 12
    },
    "2017-12-31": {
        "Diluted EPS": -0.01,
        "Total Revenue": 147,
        "Gross Profit": 62,
        "Operating Income": 19,
        "EBIT": 27,
        "Net Income": 20
    },
    "2017-09-30": {
        "Diluted EPS": 0.0,
        "Total Revenue": 146,
        "Gross Profit": 59,
        "Operating Income": 12,
        "EBIT": 21,
        "Net Income": 0
    },
    "2017-06-30": {
        "Diluted EPS": 0.16,
        "Total Revenue": 119,
        "Gross Profit": 53,
        "Operating Income": 16,
        "EBIT": 23,
        "Net Income": 6
    },
    "2017-03-31": {
        "Diluted EPS": 0.98,
        "Total Revenue": 109,
        "Gross Profit": 46,
        "Operating Income": 10,
        "EBIT": 17,
        "Net Income": 34
    },
    "2016-12-31": {
        "Diluted EPS": 0.23,
        "Total Revenue": 99,
        "Gross Profit": 43,
        "Operating Income": 12,
        "EBIT": 17,
        "Net Income": 8
    },
    "2016-09-30": {
        "Diluted EPS": 0.21,
        "Total Revenue": 98,
        "Gross Profit": 41,
        "Operating Income": 11,
        "EBIT": 16,
        "Net Income": 7
    },
    "2016-06-30": {
        "Diluted EPS": 0.14,
        "Total Revenue": 98,
        "Gross Profit": 41,
        "Operating Income": 8,
        "EBIT": 13,
        "Net Income": 5
    },
    "2016-03-31": {
        "Diluted EPS": 0.05,
        "Total Revenue": 90,
        "Gross Profit": 37,
        "Operating Income": 3,
        "EBIT": 8,
        "Net Income": 2
    },
    "2015-12-31": {
        "Diluted EPS": 0.17,
        "Total Revenue": 90,
        "Gross Profit": 37,
        "Operating Income": 4,
        "EBIT": 9,
        "Net Income": 6
    },
    "2015-09-30": {
        "Diluted EPS": 0.19,
        "Total Revenue": 92,
        "Gross Profit": 40,
        "Operating Income": 9,
        "EBIT": 14,
        "Net Income": 7
    },
    "2015-06-30": {
        "Diluted EPS": 0.56,
        "Total Revenue": 96,
        "Gross Profit": 41,
        "Operating Income": 10,
        "EBIT": 15,
        "Net Income": 19
    },
    "2015-03-31": {
        "Diluted EPS": 0.1,
        "Total Revenue": 95,
        "Gross Profit": 40,
        "Operating Income": 5,
        "EBIT": 10,
        "Net Income": 3
    },
    "2014-12-31": {
        "Diluted EPS": -0.88,
        "Total Revenue": 94,
        "Gross Profit": 40,
        "Operating Income": -34,
        "EBIT": 14,
        "Net Income": -30
    },
    "2014-09-30": {
        "Diluted EPS": 0.13,
        "Total Revenue": 95,
        "Gross Profit": 40,
        "Operating Income": 7,
        "EBIT": 13,
        "Net Income": 5
    },
    "2014-06-30": {
        "Diluted EPS": 0.02,
        "Total Revenue": 97,
        "Gross Profit": 39,
        "Operating Income": 6,
        "EBIT": 13,
        "Net Income": 1
    },
    "2014-03-31": {
        "Diluted EPS": 0.03,
        "Total Revenue": 79,
        "Gross Profit": 32,
        "Operating Income": 4,
        "EBIT": 9,
        "Net Income": 1
    },
    "2013-12-31": {
        "Diluted EPS": 0.13,
        "Total Revenue": 82,
        "Gross Profit": 34,
        "Operating Income": 7,
        "EBIT": 12,
        "Net Income": 4
    },
    "2013-09-30": {
        "Diluted EPS": 0.05,
        "Total Revenue": 80,
        "Gross Profit": 34,
        "Operating Income": 6,
        "EBIT": 11,
        "Net Income": 2
    },
    "2013-06-30": {
        "Diluted EPS": -0.03,
        "Total Revenue": 80,
        "Gross Profit": 33,
        "Operating Income": 5,
        "EBIT": 10,
        "Net Income": -1
    },
    "2013-03-31": {
        "Diluted EPS": 0.06,
        "Total Revenue": 75,
        "Gross Profit": 31,
        "Operating Income": 1,
        "EBIT": 7,
        "Net Income": 2
    },
    "2012-12-31": {
        "Diluted EPS": 0.47,
        "Total Revenue": 39,
        "Gross Profit": 18,
        "Operating Income": 9,
        "EBIT": 11,
        "Net Income": 16
    },
    "2012-09-30": {
        "Diluted EPS": -0.07,
        "Total Revenue": 70,
        "Gross Profit": 29,
        "Operating Income": 4,
        "EBIT": 7,
        "Net Income": -3
    },
    "2012-06-30": {
        "Diluted EPS": 0.14,
        "Total Revenue": 70,
        "Gross Profit": 31,
        "Operating Income": 5,
        "EBIT": 9,
        "Net Income": 5
    },
    "2012-03-31": {
        "Diluted EPS": 0.04,
        "Total Revenue": 65,
        "Gross Profit": 28,
        "Operating Income": 3,
        "EBIT": 7,
        "Net Income": 1
    },
    "2011-12-31": {
        "Diluted EPS": 0.11,
        "Total Revenue": 51,
        "Gross Profit": 22,
        "Operating Income": 2,
        "EBIT": 6,
        "Net Income": 4
    },
    "2011-09-30": {
        "Diluted EPS": 0.26,
        "Total Revenue": 79,
        "Gross Profit": 35,
        "Operating Income": 11,
        "EBIT": 15,
        "Net Income": 9
    },
    "2011-06-30": {
        "Diluted EPS": 0.3,
        "Total Revenue": 83,
        "Gross Profit": 37,
        "Operating Income": 11,
        "EBIT": 15,
        "Net Income": 10
    },
    "2011-03-31": {
        "Diluted EPS": 0.19,
        "Total Revenue": 92,
        "Gross Profit": 40,
        "Operating Income": 11,
        "EBIT": 15,
        "Net Income": 6
    },
    "2010-12-31": {
        "Diluted EPS": -0.05,
        "Total Revenue": 92,
        "Gross Profit": 38,
        "Operating Income": 10,
        "EBIT": 14,
        "Net Income": -2
    },
    "2010-09-30": {
        "Diluted EPS": 0.0,
        "Total Revenue": 92,
        "Gross Profit": 41,
        "Operating Income": 11,
        "EBIT": 15,
        "Net Income": 0
    },
    "2010-06-30": {
        "Diluted EPS": -0.32,
        "Total Revenue": 86,
        "Gross Profit": 38,
        "Operating Income": 11,
        "EBIT": 15,
        "Net Income": -5
    },
    "2010-03-31": {
        "Diluted EPS": 0.38,
        "Total Revenue": 115,
        "Gross Profit": 49,
        "Operating Income": 22,
        "EBIT": 26,
        "Net Income": 6
    },
    "2009-12-31": {
        "Diluted EPS": -1.99,
        "Total Revenue": 73,
        "Gross Profit": 28,
        "Operating Income": -1,
        "EBIT": 4,
        "Net Income": -32
    },
    "2009-09-30": {
        "Diluted EPS": -0.81,
        "Total Revenue": 55,
        "Gross Profit": 22,
        "Operating Income": -6,
        "EBIT": -2,
        "Net Income": -13
    },
    "2009-06-30": {
        "Diluted EPS": -0.63,
        "Total Revenue": 63,
        "Gross Profit": 24,
        "Operating Income": -3,
        "EBIT": 2,
        "Net Income": -10
    },
    "2009-03-31": {
        "Diluted EPS": -1.05,
        "Total Revenue": 64,
        "Gross Profit": 24,
        "Operating Income": -10,
        "EBIT": -5,
        "Net Income": -17
    },
    "2023-06-30": {
        "Tax Effect Of Unusual Items": NaN,
        "Tax Rate For Calcs": NaN,
        "Normalized EBITDA": NaN,
        "Total Unusual Items": NaN,
        "Total Unusual Items Excluding Goodwill": NaN,
        "Net Income From Continuing Operation Net Minority Interest": NaN,
        "Reconciled Depreciation": NaN,
        "Reconciled Cost Of Revenue": NaN,
        "EBITDA": NaN,
        "EBIT": NaN,
        "Net Interest Income": NaN,
        "Normalized Income": NaN,
        "Net Income From Continuing And Discontinued Operation": NaN,
        "Total Expenses": NaN,
        "Total Operating Income As Reported": NaN,
        "Diluted Average Shares": 36032000.0,
        "Basic Average Shares": 35851000.0,
        "Diluted EPS": 0.58,
        "Basic EPS": 0.58,
        "Diluted NI Availto Com Stockholders": NaN,
        "Net Income Common Stockholders": NaN,
        "Net Income": NaN,
        "Net Income Including Noncontrolling Interests": NaN,
        "Net Income Continuous Operations": NaN,
        "Tax Provision": NaN,
        "Pretax Income": NaN,
        "Other Income Expense": NaN,
        "Other Non Operating Income Expenses": NaN,
        "Special Income Charges": NaN,
        "Restructuring And Mergern Acquisition": NaN,
        "Gain On Sale Of Security": NaN,
        "Net Non Operating Interest Income Expense": NaN,
        "Total Other Finance Cost": NaN,
        "Operating Income": NaN,
        "Operating Expense": NaN,
        "Depreciation Amortization Depletion Income Statement": NaN,
        "Depreciation And Amortization In Income Statement": NaN,
        "Amortization": NaN,
        "Amortization Of Intangibles Income Statement": NaN,
        "Research And Development": NaN,
        "Selling General And Administration": NaN,
        "Gross Profit": NaN,
        "Cost Of Revenue": NaN,
        "Total Revenue": NaN,
        "Operating Revenue": NaN
    },
    "2023-09-30": {
        "Tax Effect Of Unusual Items": NaN,
        "Tax Rate For Calcs": NaN,
        "Normalized EBITDA": NaN,
        "Total Unusual Items": NaN,
        "Total Unusual Items Excluding Goodwill": NaN,
        "Net Income From Continuing Operation Net Minority Interest": NaN,
        "Reconciled Depreciation": NaN,
        "Reconciled Cost Of Revenue": NaN,
        "EBITDA": NaN,
        "EBIT": NaN,
        "Net Interest Income": NaN,
        "Normalized Income": NaN,
        "Net Income From Continuing And Discontinued Operation": NaN,
        "Total Expenses": NaN,
        "Total Operating Income As Reported": NaN,
        "Diluted Average Shares": 36041000.0,
        "Basic Average Shares": 35856000.0,
        "Diluted EPS": 0.59,
        "Basic EPS": 0.59,
        "Diluted NI Availto Com Stockholders": NaN,
        "Net Income Common Stockholders": NaN,
        "Net Income": NaN,
        "Net Income Including Noncontrolling Interests": NaN,
        "Net Income Continuous Operations": NaN,
        "Tax Provision": NaN,
        "Pretax Income": NaN,
        "Other Income Expense": NaN,
        "Other Non Operating Income Expenses": NaN,
        "Special Income Charges": NaN,
        "Restructuring And Mergern Acquisition": NaN,
        "Gain On Sale Of Security": NaN,
        "Net Non Operating Interest Income Expense": NaN,
        "Total Other Finance Cost": NaN,
        "Operating Income": NaN,
        "Operating Expense": NaN,
        "Depreciation Amortization Depletion Income Statement": NaN,
        "Depreciation And Amortization In Income Statement": NaN,
        "Amortization": NaN,
        "Amortization Of Intangibles Income Statement": NaN,
        "Research And Development": NaN,
        "Selling General And Administration": NaN,
        "Gross Profit": NaN,
        "Cost Of Revenue": NaN,
        "Total Revenue": NaN,
        "Operating Revenue": NaN
    },
    "2023-12-31": {
        "Tax Effect Of Unusual Items": -925547.758161,
        "Tax Rate For Calcs": 0.205449,
        "Normalized EBITDA": 42352000.0,
        "Total Unusual Items": -4505000.0,
        "Total Unusual Items Excluding Goodwill": -4505000.0,
        "Net Income From Continuing Operation Net Minority Interest": 12511000.0,
        "Reconciled Depreciation": 11547000.0,
        "Reconciled Cost Of Revenue": 108568000.0,
        "EBITDA": 37847000.0,
        "EBIT": 26300000.0,
        "Net Interest Income": -5920000.0,
        "Normalized Income": 16090452.241839,
        "Net Income From Continuing And Discontinued Operation": 12511000.0,
        "Total Expenses": 185269000.0,
        "Total Operating Income As Reported": 21677000.0,
        "Diluted Average Shares": NaN,
        "Basic Average Shares": NaN,
        "Diluted EPS": NaN,
        "Basic EPS": NaN,
        "Diluted NI Availto Com Stockholders": 12511000.0,
        "Net Income Common Stockholders": 12511000.0,
        "Net Income": 12511000.0,
        "Net Income Including Noncontrolling Interests": 12511000.0,
        "Net Income Continuous Operations": 12511000.0,
        "Tax Provision": 3235000.0,
        "Pretax Income": 15746000.0,
        "Other Income Expense": -4634000.0,
        "Other Non Operating Income Expenses": -129000.0,
        "Special Income Charges": -4623000.0,
        "Restructuring And Mergern Acquisition": 4623000.0,
        "Gain On Sale Of Security": 118000.0,
        "Net Non Operating Interest Income Expense": -5920000.0,
        "Total Other Finance Cost": 5920000.0,
        "Operating Income": 26300000.0,
        "Operating Expense": 70255000.0,
        "Depreciation Amortization Depletion Income Statement": 5101000.0,
        "Depreciation And Amortization In Income Statement": 5101000.0,
        "Amortization": 5101000.0,
        "Amortization Of Intangibles Income Statement": 5101000.0,
        "Research And Development": 23452000.0,
        "Selling General And Administration": 41702000.0,
        "Gross Profit": 96555000.0,
        "Cost Of Revenue": 115014000.0,
        "Total Revenue": 211569000.0,
        "Operating Revenue": 211569000.0
    },
    "2024-03-31": {
        "Tax Effect Of Unusual Items": -343728.0,
        "Tax Rate For Calcs": 0.132,
        "Normalized EBITDA": 43423000.0,
        "Total Unusual Items": -2604000.0,
        "Total Unusual Items Excluding Goodwill": -2604000.0,
        "Net Income From Continuing Operation Net Minority Interest": 14676000.0,
        "Reconciled Depreciation": 12929000.0,
        "Reconciled Cost Of Revenue": 123321000.0,
        "EBITDA": 40819000.0,
        "EBIT": 27890000.0,
        "Net Interest Income": -8254000.0,
        "Normalized Income": 16936272.0,
        "Net Income From Continuing And Discontinued Operation": 14676000.0,
        "Total Expenses": 203026000.0,
        "Total Operating Income As Reported": 25607000.0,
        "Diluted Average Shares": 36127000.0,
        "Basic Average Shares": 35914000.0,
        "Diluted EPS": 0.41,
        "Basic EPS": 0.41,
        "Diluted NI Availto Com Stockholders": 14676000.0,
        "Net Income Common Stockholders": 14676000.0,
        "Net Income": 14676000.0,
        "Net Income Including Noncontrolling Interests": 14676000.0,
        "Net Income Continuous Operations": 14676000.0,
        "Tax Provision": 2240000.0,
        "Pretax Income": 16916000.0,
        "Other Income Expense": -2720000.0,
        "Other Non Operating Income Expenses": -116000.0,
        "Special Income Charges": -2283000.0,
        "Restructuring And Mergern Acquisition": 2283000.0,
        "Gain On Sale Of Security": -321000.0,
        "Net Non Operating Interest Income Expense": -8254000.0,
        "Total Other Finance Cost": 8254000.0,
        "Operating Income": 27890000.0,
        "Operating Expense": 72526000.0,
        "Depreciation Amortization Depletion Income Statement": 5750000.0,
        "Depreciation And Amortization In Income Statement": 5750000.0,
        "Amortization": 5750000.0,
        "Amortization Of Intangibles Income Statement": 5750000.0,
        "Research And Development": 23246000.0,
        "Selling General And Administration": 43530000.0,
        "Gross Profit": 100416000.0,
        "Cost Of Revenue": 130500000.0,
        "Total Revenue": 230916000.0,
        "Operating Revenue": 230916000.0
    },
    "2024-06-30": {
        "Tax Effect Of Unusual Items": -552979.0,
        "Tax Rate For Calcs": 0.197,
        "Normalized EBITDA": 45181000.0,
        "Total Unusual Items": -2807000.0,
        "Total Unusual Items Excluding Goodwill": -2807000.0,
        "Net Income From Continuing Operation Net Minority Interest": 13755000.0,
        "Reconciled Depreciation": 14116000.0,
        "Reconciled Cost Of Revenue": 124966000.0,
        "EBITDA": 42374000.0,
        "EBIT": 28258000.0,
        "Net Interest Income": -8266000.0,
        "Normalized Income": 16009021.0,
        "Net Income From Continuing And Discontinued Operation": 13755000.0,
        "Total Expenses": 207606000.0,
        "Total Operating Income As Reported": 25715000.0,
        "Diluted Average Shares": 36092000.0,
        "Basic Average Shares": 35946000.0,
        "Diluted EPS": 0.38,
        "Basic EPS": 0.38,
        "Diluted NI Availto Com Stockholders": 13755000.0,
        "Net Income Common Stockholders": 13755000.0,
        "Net Income": 13755000.0,
        "Net Income Including Noncontrolling Interests": 13755000.0,
        "Net Income Continuous Operations": 13755000.0,
        "Tax Provision": 3375000.0,
        "Pretax Income": 17130000.0,
        "Other Income Expense": -2862000.0,
        "Other Non Operating Income Expenses": -55000.0,
        "Special Income Charges": -2543000.0,
        "Restructuring And Mergern Acquisition": 2543000.0,
        "Gain On Sale Of Security": -264000.0,
        "Net Non Operating Interest Income Expense": -8266000.0,
        "Total Other Finance Cost": 8266000.0,
        "Operating Income": 28258000.0,
        "Operating Expense": 75431000.0,
        "Depreciation Amortization Depletion Income Statement": 6907000.0,
        "Depreciation And Amortization In Income Statement": 6907000.0,
        "Amortization": 6907000.0,
        "Amortization Of Intangibles Income Statement": 6907000.0,
        "Research And Development": 23731000.0,
        "Selling General And Administration": 44793000.0,
        "Gross Profit": 103689000.0,
        "Cost Of Revenue": 132175000.0,
        "Total Revenue": 235864000.0,
        "Operating Revenue": 235864000.0
    },
    "2024-09-30": {
        "Tax Effect Of Unusual Items": -561808.0,
        "Tax Rate For Calcs": 0.208,
        "Normalized EBITDA": 51910000.0,
        "Total Unusual Items": -2701000.0,
        "Total Unusual Items Excluding Goodwill": -2701000.0,
        "Net Income From Continuing Operation Net Minority Interest": 19192000.0,
        "Reconciled Depreciation": 14155000.0,
        "Reconciled Cost Of Revenue": 127624000.0,
        "EBITDA": 49209000.0,
        "EBIT": 35054000.0,
        "Net Interest Income": -8079000.0,
        "Normalized Income": 21331192.0,
        "Net Income From Continuing And Discontinued Operation": 19192000.0,
        "Total Expenses": 209351000.0,
        "Total Operating Income As Reported": 32555000.0,
        "Diluted Average Shares": 36129000.0,
        "Basic Average Shares": 35959000.0,
        "Diluted EPS": 0.53,
        "Basic EPS": 0.53,
        "Diluted NI Availto Com Stockholders": 19192000.0,
        "Net Income Common Stockholders": 19192000.0,
        "Net Income": 19192000.0,
        "Net Income Including Noncontrolling Interests": 19192000.0,
        "Net Income Continuous Operations": 19192000.0,
        "Tax Provision": 5033000.0,
        "Pretax Income": 24225000.0,
        "Other Income Expense": -2750000.0,
        "Other Non Operating Income Expenses": -49000.0,
        "Special Income Charges": -2499000.0,
        "Restructuring And Mergern Acquisition": 2499000.0,
        "Gain On Sale Of Security": -202000.0,
        "Net Non Operating Interest Income Expense": -8079000.0,
        "Total Other Finance Cost": 8079000.0,
        "Operating Income": 35054000.0,
        "Operating Expense": 74161000.0,
        "Depreciation Amortization Depletion Income Statement": 6589000.0,
        "Depreciation And Amortization In Income Statement": 6589000.0,
        "Amortization": 6589000.0,
        "Amortization Of Intangibles Income Statement": 6589000.0,
        "Research And Development": 23253000.0,
        "Selling General And Administration": 44319000.0,
        "Gross Profit": 109215000.0,
        "Cost Of Revenue": 135190000.0,
        "Total Revenue": 244405000.0,
        "Operating Revenue": 244405000.0
    },
    "2024-12-31": {
        "Tax Effect Of Unusual Items": -1079677.999519,
        "Tax Rate For Calcs": 0.208271,
        "Normalized EBITDA": 52638000.0,
        "Total Unusual Items": -5184000.0,
        "Total Unusual Items Excluding Goodwill": -5184000.0,
        "Net Income From Continuing Operation Net Minority Interest": 16464000.0,
        "Reconciled Depreciation": 14363000.0,
        "Reconciled Cost Of Revenue": 122020000.0,
        "EBITDA": 47454000.0,
        "EBIT": 33091000.0,
        "Net Interest Income": -6890000.0,
        "Normalized Income": 20568322.000481,
        "Net Income From Continuing And Discontinued Operation": 16464000.0,
        "Total Expenses": 204969000.0,
        "Total Operating Income As Reported": 26707000.0,
        "Diluted Average Shares": 36148000.0,
        "Basic Average Shares": 35980000.0,
        "Diluted EPS": 0.46,
        "Basic EPS": 0.46,
        "Diluted NI Availto Com Stockholders": 16464000.0,
        "Net Income Common Stockholders": 16464000.0,
        "Net Income": 16464000.0,
        "Net Income Including Noncontrolling Interests": 16464000.0,
        "Net Income Continuous Operations": 16464000.0,
        "Tax Provision": 4331000.0,
        "Pretax Income": 20795000.0,
        "Other Income Expense": -5406000.0,
        "Other Non Operating Income Expenses": -222000.0,
        "Special Income Charges": -6384000.0,
        "Restructuring And Mergern Acquisition": 6384000.0,
        "Gain On Sale Of Security": 1200000.0,
        "Net Non Operating Interest Income Expense": -6890000.0,
        "Total Other Finance Cost": 6890000.0,
        "Operating Income": 33091000.0,
        "Operating Expense": 75134000.0,
        "Depreciation Amortization Depletion Income Statement": 6548000.0,
        "Depreciation And Amortization In Income Statement": 6548000.0,
        "Amortization": 6548000.0,
        "Amortization Of Intangibles Income Statement": 6548000.0,
        "Research And Development": 25285000.0,
        "Selling General And Administration": 43301000.0,
        "Gross Profit": 108225000.0,
        "Cost Of Revenue": 129835000.0,
        "Total Revenue": 238060000.0,
        "Operating Revenue": 238060000.0
    }
}