{
    "2023-06-30": {
        "Tax Effect Of Unusual Items": 0.0,
        "Tax Rate For Calcs": 0.21,
        "Normalized EBITDA": 316000000.0,
        "Net Income From Continuing Operation Net Minority Interest": 1044000000.0,
        "Reconciled Depreciation": 136000000.0,
        "Reconciled Cost Of Revenue": 471000000.0,
        "EBITDA": 316000000.0,
        "EBIT": 180000000.0,
        "Net Interest Income": 68000000.0,
        "Interest Expense": 6000000.0,
        "Interest Income": 74000000.0,
        "Normalized Income": 1044000000.0,
        "Net Income From Continuing And Discontinued Operation": 1044000000.0,
        "Total Expenses": 2033000000.0,
        "Total Operating Income As Reported": 117000000.0,
        "Diluted Average Shares": 205000000.0,
        "Basic Average Shares": 204000000.0,
        "Diluted EPS": 5.08,
        "Basic EPS": 5.12,
        "Diluted NI Availto Com Stockholders": 1044000000.0,
        "Net Income Common Stockholders": 1044000000.0,
        "Net Income": 1044000000.0,
        "Net Income Including Noncontrolling Interests": 1044000000.0,
        "Net Income Continuous Operations": 1044000000.0,
        "Tax Provision": -870000000.0,
        "Pretax Income": 174000000.0,
        "Other Income Expense": -11000000.0,
        "Other Non Operating Income Expenses": -11000000.0,
        "Net Non Operating Interest Income Expense": 68000000.0,
        "Interest Expense Non Operating": 6000000.0,
        "Interest Income Non Operating": 74000000.0,
        "Operating Income": 117000000.0,
        "Operating Expense": 1562000000.0,
        "Research And Development": 521000000.0,
        "Selling General And Administration": 1041000000.0,
        "Selling And Marketing Expense": 832000000.0,
        "General And Administrative Expense": 209000000.0,
        "Other Gand A": 209000000.0,
        "Salaries And Wages": NaN,
        "Gross Profit": 1679000000.0,
        "Cost Of Revenue": 471000000.0,
        "Total Revenue": 2150000000.0,
        "Operating Revenue": 2150000000.0
    },
    "2023-03-31": {
        "Tax Effect Of Unusual Items": NaN,
        "Tax Rate For Calcs": NaN,
        "Normalized EBITDA": NaN,
        "Net Income From Continuing Operation Net Minority Interest": NaN,
        "Reconciled Depreciation": NaN,
        "Reconciled Cost Of Revenue": NaN,
        "EBITDA": NaN,
        "EBIT": NaN,
        "Net Interest Income": NaN,
        "Interest Expense": NaN,
        "Interest Income": NaN,
        "Normalized Income": NaN,
        "Net Income From Continuing And Discontinued Operation": NaN,
        "Total Expenses": NaN,
        "Total Operating Income As Reported": NaN,
        "Diluted Average Shares": NaN,
        "Basic Average Shares": NaN,
        "Diluted EPS": NaN,
        "Basic EPS": NaN,
        "Diluted NI Availto Com Stockholders": NaN,
        "Net Income Common Stockholders": NaN,
        "Net Income": NaN,
        "Net Income Including Noncontrolling Interests": NaN,
        "Net Income Continuous Operations": NaN,
        "Tax Provision": NaN,
        "Pretax Income": NaN,
        "Other Income Expense": NaN,
        "Other Non Operating Income Expenses": NaN,
        "Net Non Operating Interest Income Expense": NaN,
        "Interest Expense Non Operating": NaN,
        "Interest Income Non Operating": NaN,
        "Operating Income": NaN,
        "Operating Expense": NaN,
        "Research And Development": NaN,
        "Selling General And Administration": NaN,
        "Selling And Marketing Expense": NaN,
        "General And Administrative Expense": NaN,
        "Other Gand A": NaN,
        "Salaries And Wages": 186000000.0,
        "Gross Profit": NaN,
        "Cost Of Revenue": NaN,
        "Total Revenue": NaN,
        "Operating Revenue": NaN
    },
    "2022-12-31": {
        "Tax Effect Of Unusual Items": 0.0,
        "Tax Rate For Calcs": 0.180328,
        "Normalized EBITDA": 308000000.0,
        "Net Income From Continuing Operation Net Minority Interest": 150000000.0,
        "Reconciled Depreciation": 118000000.0,
        "Reconciled Cost Of Revenue": 415000000.0,
        "EBITDA": 308000000.0,
        "EBIT": 190000000.0,
        "Net Interest Income": 32000000.0,
        "Interest Expense": 7000000.0,
        "Interest Income": 39000000.0,
        "Normalized Income": 150000000.0,
        "Net Income From Continuing And Discontinued Operation": 150000000.0,
        "Total Expenses": 1785000000.0,
        "Total Operating Income As Reported": 155000000.0,
        "Diluted Average Shares": 203000000.0,
        "Basic Average Shares": 203000000.0,
        "Diluted EPS": 0.74,
        "Basic EPS": 0.74,
        "Diluted NI Availto Com Stockholders": 150000000.0,
        "Net Income Common Stockholders": 150000000.0,
        "Net Income": 150000000.0,
        "Net Income Including Noncontrolling Interests": 150000000.0,
        "Net Income Continuous Operations": 150000000.0,
        "Tax Provision": 33000000.0,
        "Pretax Income": 183000000.0,
        "Other Income Expense": -4000000.0,
        "Other Non Operating Income Expenses": -4000000.0,
        "Net Non Operating Interest Income Expense": 32000000.0,
        "Interest Expense Non Operating": 7000000.0,
        "Interest Income Non Operating": 39000000.0,
        "Operating Income": 155000000.0,
        "Operating Expense": 1370000000.0,
        "Research And Development": 454000000.0,
        "Selling General And Administration": 916000000.0,
        "Selling And Marketing Expense": 722000000.0,
        "General And Administrative Expense": 194000000.0,
        "Other Gand A": 194000000.0,
        "Salaries And Wages": NaN,
        "Gross Profit": 1525000000.0,
        "Cost Of Revenue": 415000000.0,
        "Total Revenue": 1940000000.0,
        "Operating Revenue": 1940000000.0
    },
    "2022-09-30": {
        "Tax Effect Of Unusual Items": 0.0,
        "Tax Rate For Calcs": 0.215686,
        "Normalized EBITDA": 219000000.0,
        "Net Income From Continuing Operation Net Minority Interest": 80000000.0,
        "Reconciled Depreciation": 109000000.0,
        "Reconciled Cost Of Revenue": 400000000.0,
        "EBITDA": 219000000.0,
        "EBIT": 110000000.0,
        "Net Interest Income": -8000000.0,
        "Interest Expense": 8000000.0,
        "Interest Income": 26000000.0,
        "Normalized Income": 80000000.0,
        "Net Income From Continuing And Discontinued Operation": 80000000.0,
        "Total Expenses": 1740000000.0,
        "Total Operating Income As Reported": 91000000.0,
        "Diluted Average Shares": 203000000.0,
        "Basic Average Shares": 202000000.0,
        "Diluted EPS": 0.39,
        "Basic EPS": 0.39,
        "Diluted NI Availto Com Stockholders": 80000000.0,
        "Net Income Common Stockholders": 80000000.0,
        "Net Income": 80000000.0,
        "Net Income Including Noncontrolling Interests": 80000000.0,
        "Net Income Continuous Operations": 80000000.0,
        "Tax Provision": 22000000.0,
        "Pretax Income": 102000000.0,
        "Other Income Expense": 19000000.0,
        "Other Non Operating Income Expenses": 19000000.0,
        "Net Non Operating Interest Income Expense": -8000000.0,
        "Interest Expense Non Operating": 8000000.0,
        "Interest Income Non Operating": 26000000.0,
        "Operating Income": 91000000.0,
        "Operating Expense": 1340000000.0,
        "Research And Development": 456000000.0,
        "Selling General And Administration": 884000000.0,
        "Selling And Marketing Expense": 697000000.0,
        "General And Administrative Expense": 187000000.0,
        "Other Gand A": 187000000.0,
        "Salaries And Wages": NaN,
        "Gross Profit": 1431000000.0,
        "Cost Of Revenue": 400000000.0,
        "Total Revenue": 1831000000.0,
        "Operating Revenue": 1831000000.0
    },
    "2022-06-30": {
        "Tax Effect Of Unusual Items": 0.0,
        "Tax Rate For Calcs": 0.310345,
        "Normalized EBITDA": 140000000.0,
        "Net Income From Continuing Operation Net Minority Interest": 20000000.0,
        "Reconciled Depreciation": 105000000.0,
        "Reconciled Cost Of Revenue": 389000000.0,
        "EBITDA": 140000000.0,
        "EBIT": 35000000.0,
        "Net Interest Income": -6000000.0,
        "Interest Expense": 6000000.0,
        "Interest Income": 12000000.0,
        "Normalized Income": 20000000.0,
        "Net Income From Continuing And Discontinued Operation": 20000000.0,
        "Total Expenses": 1730000000.0,
        "Total Operating Income As Reported": 22000000.0,
        "Diluted Average Shares": 203000000.0,
        "Basic Average Shares": 201000000.0,
        "Diluted EPS": 0.1,
        "Basic EPS": 0.1,
        "Diluted NI Availto Com Stockholders": 20000000.0,
        "Net Income Common Stockholders": 20000000.0,
        "Net Income": 20000000.0,
        "Net Income Including Noncontrolling Interests": 20000000.0,
        "Net Income Continuous Operations": 20000000.0,
        "Tax Provision": 9000000.0,
        "Pretax Income": 29000000.0,
        "Other Income Expense": 13000000.0,
        "Other Non Operating Income Expenses": 13000000.0,
        "Net Non Operating Interest Income Expense": -6000000.0,
        "Interest Expense Non Operating": 6000000.0,
        "Interest Income Non Operating": 12000000.0,
        "Operating Income": 22000000.0,
        "Operating Expense": 1341000000.0,
        "Research And Development": 444000000.0,
        "Selling General And Administration": 897000000.0,
        "Selling And Marketing Expense": 722000000.0,
        "General And Administrative Expense": 175000000.0,
        "Other Gand A": 175000000.0,
        "Salaries And Wages": NaN,
        "Gross Profit": 1363000000.0,
        "Cost Of Revenue": 389000000.0,
        "Total Revenue": 1752000000.0,
        "Operating Revenue": 1752000000.0
    },
    "2022-03-31": {
        "Diluted EPS": 0.37,
        "Total Revenue": NaN,
        "Gross Profit": NaN,
        "Operating Income": 87,
        "EBIT": 271,
        "Net Income": 75
    },
    "2021-12-31": {
        "Diluted EPS": 0.12,
        "Total Revenue": NaN,
        "Gross Profit": NaN,
        "Operating Income": 35,
        "EBIT": 251,
        "Net Income": 26
    },
    "2021-09-30": {
        "Diluted EPS": 0.31,
        "Total Revenue": NaN,
        "Gross Profit": NaN,
        "Operating Income": 74,
        "EBIT": 274,
        "Net Income": 63
    },
    "2021-06-30": {
        "Diluted EPS": 0.29,
        "Total Revenue": NaN,
        "Gross Profit": NaN,
        "Operating Income": 51,
        "EBIT": 236,
        "Net Income": 59
    },
    "2021-03-31": {
        "Diluted EPS": 0.41,
        "Total Revenue": NaN,
        "Gross Profit": NaN,
        "Operating Income": 97,
        "EBIT": 269,
        "Net Income": 82
    },
    "2020-12-31": {
        "Diluted EPS": 0.09,
        "Total Revenue": NaN,
        "Gross Profit": 971,
        "Operating Income": 18,
        "EBIT": 196,
        "Net Income": 17
    },
    "2020-09-30": {
        "Diluted EPS": 0.06,
        "Total Revenue": NaN,
        "Gross Profit": 900,
        "Operating Income": 69,
        "EBIT": 209,
        "Net Income": 13
    },
    "2020-06-30": {
        "Diluted EPS": 0.2,
        "Total Revenue": NaN,
        "Gross Profit": 838,
        "Operating Income": 63,
        "EBIT": 189,
        "Net Income": 41
    },
    "2020-03-31": {
        "Diluted EPS": 0.24,
        "Total Revenue": NaN,
        "Gross Profit": 823,
        "Operating Income": 49,
        "EBIT": 183,
        "Net Income": 48
    },
    "2019-12-31": {
        "Diluted EPS": 3.04,
        "Total Revenue": 951,
        "Gross Profit": 741,
        "Operating Income": 28,
        "EBIT": 155,
        "Net Income": 599
    },
    "2019-09-30": {
        "Diluted EPS": 0.21,
        "Total Revenue": 886,
        "Gross Profit": 685,
        "Operating Income": 56,
        "EBIT": 171,
        "Net Income": 41
    },
    "2019-06-30": {
        "Diluted EPS": -0.06,
        "Total Revenue": 834,
        "Gross Profit": 636,
        "Operating Income": -27,
        "EBIT": 82,
        "Net Income": -11
    },
    "2019-03-31": {
        "Diluted EPS": -0.01,
        "Total Revenue": 789,
        "Gross Profit": 603,
        "Operating Income": -16,
        "EBIT": 87,
        "Net Income": -2
    },
    "2018-12-31": {
        "Diluted EPS": 0.05,
        "Total Revenue": 715,
        "Gross Profit": 547,
        "Operating Income": 0,
        "EBIT": 88,
        "Net Income": 7
    },
    "2018-09-30": {
        "Diluted EPS": 0.04,
        "Total Revenue": 673,
        "Gross Profit": 515,
        "Operating Income": 10,
        "EBIT": 102,
        "Net Income": 8
    },
    "2018-06-30": {
        "Diluted EPS": -0.3,
        "Total Revenue": 631,
        "Gross Profit": 478,
        "Operating Income": -32,
        "EBIT": 53,
        "Net Income": -53
    },
    "2018-03-31": {
        "Diluted EPS": 0.06,
        "Total Revenue": 589,
        "Gross Profit": 446,
        "Operating Income": -20,
        "EBIT": 61,
        "Net Income": 11
    },
    "2017-12-31": {
        "Diluted EPS": -0.09,
        "Total Revenue": 549,
        "Gross Profit": 415,
        "Operating Income": -1,
        "EBIT": 79,
        "Net Income": -17
    },
    "2017-09-30": {
        "Diluted EPS": -0.13,
        "Total Revenue": 492,
        "Gross Profit": 365,
        "Operating Income": -4,
        "EBIT": 67,
        "Net Income": -22
    },
    "2017-06-30": {
        "Diluted EPS": -0.33,
        "Total Revenue": 448,
        "Gross Profit": 326,
        "Operating Income": -38,
        "EBIT": 22,
        "Net Income": -56
    },
    "2017-03-31": {
        "Diluted EPS": -0.13,
        "Total Revenue": 429,
        "Gross Profit": 313,
        "Operating Income": -22,
        "EBIT": 34,
        "Net Income": -22
    },
    "2016-12-31": {
        "Diluted EPS": 0.06,
        "Total Revenue": 386,
        "Gross Profit": 281,
        "Operating Income": 17,
        "EBIT": 57,
        "Net Income": 5
    },
    "2016-09-30": {
        "Diluted EPS": -0.22,
        "Total Revenue": 358,
        "Gross Profit": 255,
        "Operating Income": -27,
        "EBIT": 26,
        "Net Income": -36
    },
    "2016-06-30": {
        "Diluted EPS": -0.3,
        "Total Revenue": 341,
        "Gross Profit": 245,
        "Operating Income": -48,
        "EBIT": 0,
        "Net Income": -50
    },
    "2016-03-31": {
        "Diluted EPS": -2.06,
        "Total Revenue": 306,
        "Gross Profit": 212,
        "Operating Income": -324,
        "EBIT": -279,
        "Net Income": -333
    },
    "2015-12-31": {
        "Diluted EPS": -0.23,
        "Total Revenue": 286,
        "Gross Profit": 195,
        "Operating Income": -31,
        "EBIT": 13,
        "Net Income": -37
    },
    "2015-09-30": {
        "Diluted EPS": -0.26,
        "Total Revenue": 261,
        "Gross Profit": 179,
        "Operating Income": -28,
        "EBIT": 13,
        "Net Income": -41
    },
    "2015-06-30": {
        "Diluted EPS": -0.4,
        "Total Revenue": 247,
        "Gross Profit": 167,
        "Operating Income": -53,
        "EBIT": -13,
        "Net Income": -62
    },
    "2015-03-31": {
        "Diluted EPS": -0.38,
        "Total Revenue": 212,
        "Gross Profit": 135,
        "Operating Income": -54,
        "EBIT": -15,
        "Net Income": -58
    },
    "2014-12-31": {
        "Diluted EPS": -0.3,
        "Total Revenue": 198,
        "Gross Profit": 127,
        "Operating Income": -37,
        "EBIT": 1,
        "Net Income": -45
    },
    "2014-09-30": {
        "Diluted EPS": -0.28,
        "Total Revenue": 179,
        "Gross Profit": 113,
        "Operating Income": -34,
        "EBIT": 0,
        "Net Income": -41
    },
    "2014-06-30": {
        "Diluted EPS": -0.35,
        "Total Revenue": 167,
        "Gross Profit": 108,
        "Operating Income": -44,
        "EBIT": -14,
        "Net Income": -50
    },
    "2014-03-31": {
        "Diluted EPS": -0.3,
        "Total Revenue": 139,
        "Gross Profit": 86,
        "Operating Income": -36,
        "EBIT": -8,
        "Net Income": -43
    },
    "2013-12-31": {
        "Diluted EPS": -0.17,
        "Total Revenue": 125,
        "Gross Profit": 80,
        "Operating Income": -19,
        "EBIT": 3,
        "Net Income": -24
    },
    "2013-09-30": {
        "Diluted EPS": -0.11,
        "Total Revenue": 111,
        "Gross Profit": 70,
        "Operating Income": -15,
        "EBIT": 1,
        "Net Income": -15
    },
    "2013-06-30": {
        "Diluted EPS": -0.16,
        "Total Revenue": 102,
        "Gross Profit": 66,
        "Operating Income": -19,
        "EBIT": -6,
        "Net Income": -21
    },
    "2013-03-31": {
        "Diluted EPS": -0.1,
        "Total Revenue": 86,
        "Gross Profit": 54,
        "Operating Income": -13,
        "EBIT": -2,
        "Net Income": -13
    },
    "2012-12-31": {
        "Diluted EPS": 0.15,
        "Total Revenue": 75,
        "Gross Profit": 43,
        "Operating Income": -10,
        "EBIT": 0,
        "Net Income": -10
    },
    "2012-09-30": {
        "Diluted EPS": -0.11,
        "Total Revenue": 64,
        "Gross Profit": 37,
        "Operating Income": -13,
        "EBIT": -5,
        "Net Income": -13
    },
    "2012-06-30": {
        "Diluted EPS": -0.32,
        "Total Revenue": 57,
        "Gross Profit": 34,
        "Operating Income": -9,
        "EBIT": -3,
        "Net Income": -9
    },
    "2012-03-31": {
        "Diluted EPS": -0.23,
        "Total Revenue": 47,
        "Gross Profit": 26,
        "Operating Income": -6,
        "EBIT": -1,
        "Net Income": -6
    },
    "2011-12-31": {
        "Diluted EPS": -0.32,
        "Total Revenue": 39,
        "Gross Profit": 39,
        "Operating Income": 39,
        "EBIT": 33,
        "Net Income": -7
    },
    "2011-09-30": {
        "Diluted EPS": -0.0,
        "Total Revenue": 34,
        "Gross Profit": 22,
        "Operating Income": 1,
        "EBIT": 3,
        "Net Income": 0
    },
    "2011-06-30": {
        "Diluted EPS": 0.02,
        "Total Revenue": 29,
        "Gross Profit": 20,
        "Operating Income": 2,
        "EBIT": -3,
        "Net Income": 0
    },
    "2011-03-31": {
        "Diluted EPS": 0.11,
        "Total Revenue": 85,
        "Gross Profit": 85,
        "Operating Income": 85,
        "EBIT": 85,
        "Net Income": 7
    },
    "2010-06-30": {
        "Diluted EPS": 0.0,
        "Total Revenue": NaN,
        "Gross Profit": NaN,
        "Operating Income": NaN,
        "EBIT": NaN,
        "Net Income": NaN
    },
    "2009-06-30": {
        "Diluted EPS": 0.0,
        "Total Revenue": NaN,
        "Gross Profit": NaN,
        "Operating Income": NaN,
        "EBIT": NaN,
        "Net Income": NaN
    },
    "2023-09-30": {
        "Tax Effect Of Unusual Items": NaN,
        "Tax Rate For Calcs": NaN,
        "Normalized EBITDA": NaN,
        "Net Income From Continuing Operation Net Minority Interest": NaN,
        "Reconciled Depreciation": NaN,
        "Reconciled Cost Of Revenue": NaN,
        "EBITDA": NaN,
        "EBIT": NaN,
        "Net Interest Income": NaN,
        "Interest Expense": NaN,
        "Interest Income": NaN,
        "Normalized Income": NaN,
        "Net Income From Continuing And Discontinued Operation": NaN,
        "Total Expenses": NaN,
        "Total Operating Income As Reported": NaN,
        "Diluted Average Shares": 206000000.0,
        "Basic Average Shares": 204000000.0,
        "Diluted EPS": 1.17,
        "Basic EPS": 1.18,
        "Diluted NI Availto Com Stockholders": NaN,
        "Net Income Common Stockholders": NaN,
        "Net Income": NaN,
        "Net Income Including Noncontrolling Interests": NaN,
        "Net Income Continuous Operations": NaN,
        "Tax Provision": NaN,
        "Pretax Income": NaN,
        "Other Income Expense": NaN,
        "Other Non Operating Income Expenses": NaN,
        "Net Non Operating Interest Income Expense": NaN,
        "Interest Expense Non Operating": NaN,
        "Interest Income Non Operating": NaN,
        "Operating Income": NaN,
        "Operating Expense": NaN,
        "Research And Development": NaN,
        "Selling General And Administration": NaN,
        "Selling And Marketing Expense": NaN,
        "General And Administrative Expense": NaN,
        "Other Gand A": NaN,
        "Gross Profit": NaN,
        "Cost Of Revenue": NaN,
        "Total Revenue": NaN,
        "Operating Revenue": NaN
    },
    "2023-12-31": {
        "Tax Effect Of Unusual Items": 0.0,
        "Tax Rate For Calcs": 0.149856,
        "Normalized EBITDA": 507000000.0,
        "Net Income From Continuing Operation Net Minority Interest": 295000000.0,
        "Reconciled Depreciation": 154000000.0,
        "Reconciled Cost Of Revenue": 516000000.0,
        "EBITDA": 507000000.0,
        "EBIT": 353000000.0,
        "Net Interest Income": 80000000.0,
        "Interest Expense": 6000000.0,
        "Interest Income": 86000000.0,
        "Normalized Income": 295000000.0,
        "Net Income From Continuing And Discontinued Operation": 295000000.0,
        "Total Expenses": 2167000000.0,
        "Total Operating Income As Reported": 270000000.0,
        "Diluted Average Shares": 207000000.0,
        "Basic Average Shares": 205000000.0,
        "Diluted EPS": 1.43,
        "Basic EPS": 1.44,
        "Diluted NI Availto Com Stockholders": 295000000.0,
        "Net Income Common Stockholders": 295000000.0,
        "Net Income": 295000000.0,
        "Net Income Including Noncontrolling Interests": 295000000.0,
        "Net Income Continuous Operations": 295000000.0,
        "Tax Provision": 52000000.0,
        "Pretax Income": 347000000.0,
        "Other Income Expense": -3000000.0,
        "Other Non Operating Income Expenses": -3000000.0,
        "Net Non Operating Interest Income Expense": 80000000.0,
        "Interest Expense Non Operating": 6000000.0,
        "Interest Income Non Operating": 86000000.0,
        "Operating Income": 270000000.0,
        "Operating Expense": 1651000000.0,
        "Research And Development": 562000000.0,
        "Selling General And Administration": 1089000000.0,
        "Selling And Marketing Expense": 847000000.0,
        "General And Administrative Expense": 242000000.0,
        "Other Gand A": 242000000.0,
        "Gross Profit": 1921000000.0,
        "Cost Of Revenue": 516000000.0,
        "Total Revenue": 2437000000.0,
        "Operating Revenue": 2437000000.0
    },
    "2024-03-31": {
        "Tax Effect Of Unusual Items": 0.0,
        "Tax Rate For Calcs": 0.18,
        "Normalized EBITDA": 561000000.0,
        "Net Income From Continuing Operation Net Minority Interest": 347000000.0,
        "Reconciled Depreciation": 130000000.0,
        "Reconciled Cost Of Revenue": 520000000.0,
        "EBITDA": 561000000.0,
        "EBIT": 431000000.0,
        "Net Interest Income": 95000000.0,
        "Interest Expense": 6000000.0,
        "Interest Income": 101000000.0,
        "Normalized Income": 347000000.0,
        "Net Income From Continuing And Discontinued Operation": 347000000.0,
        "Total Expenses": 2271000000.0,
        "Total Operating Income As Reported": 332000000.0,
        "Diluted Average Shares": 208000000.0,
        "Basic Average Shares": 205000000.0,
        "Diluted EPS": 1.67,
        "Basic EPS": 1.69,
        "Diluted NI Availto Com Stockholders": 347000000.0,
        "Net Income Common Stockholders": 347000000.0,
        "Net Income": 347000000.0,
        "Net Income Including Noncontrolling Interests": 347000000.0,
        "Net Income Continuous Operations": 347000000.0,
        "Tax Provision": 78000000.0,
        "Pretax Income": 425000000.0,
        "Other Income Expense": -2000000.0,
        "Other Non Operating Income Expenses": -2000000.0,
        "Net Non Operating Interest Income Expense": 95000000.0,
        "Interest Expense Non Operating": 6000000.0,
        "Interest Income Non Operating": 101000000.0,
        "Operating Income": 332000000.0,
        "Operating Expense": 1751000000.0,
        "Research And Development": 606000000.0,
        "Selling General And Administration": 1145000000.0,
        "Selling And Marketing Expense": 923000000.0,
        "General And Administrative Expense": 222000000.0,
        "Other Gand A": 222000000.0,
        "Gross Profit": 2083000000.0,
        "Cost Of Revenue": 520000000.0,
        "Total Revenue": 2603000000.0,
        "Operating Revenue": 2603000000.0
    },
    "2024-06-30": {
        "Tax Effect Of Unusual Items": 0.0,
        "Tax Rate For Calcs": 0.22,
        "Normalized EBITDA": 476000000.0,
        "Net Income From Continuing Operation Net Minority Interest": 262000000.0,
        "Reconciled Depreciation": 136000000.0,
        "Reconciled Cost Of Revenue": 552000000.0,
        "EBITDA": 476000000.0,
        "EBIT": 340000000.0,
        "Net Interest Income": 98000000.0,
        "Interest Expense": 6000000.0,
        "Interest Income": 104000000.0,
        "Normalized Income": 262000000.0,
        "Net Income From Continuing And Discontinued Operation": 262000000.0,
        "Total Expenses": 2387000000.0,
        "Total Operating Income As Reported": 240000000.0,
        "Diluted Average Shares": 208000000.0,
        "Basic Average Shares": 206000000.0,
        "Diluted EPS": 1.26,
        "Basic EPS": 1.27,
        "Diluted NI Availto Com Stockholders": 262000000.0,
        "Net Income Common Stockholders": 262000000.0,
        "Net Income": 262000000.0,
        "Net Income Including Noncontrolling Interests": 262000000.0,
        "Net Income Continuous Operations": 262000000.0,
        "Tax Provision": 72000000.0,
        "Pretax Income": 334000000.0,
        "Other Income Expense": -4000000.0,
        "Other Non Operating Income Expenses": -4000000.0,
        "Net Non Operating Interest Income Expense": 98000000.0,
        "Interest Expense Non Operating": 6000000.0,
        "Interest Income Non Operating": 104000000.0,
        "Operating Income": 240000000.0,
        "Operating Expense": 1835000000.0,
        "Research And Development": 643000000.0,
        "Selling General And Administration": 1192000000.0,
        "Selling And Marketing Expense": 960000000.0,
        "General And Administrative Expense": 232000000.0,
        "Other Gand A": 232000000.0,
        "Gross Profit": 2075000000.0,
        "Cost Of Revenue": 552000000.0,
        "Total Revenue": 2627000000.0,
        "Operating Revenue": 2627000000.0
    },
    "2024-09-30": {
        "Tax Effect Of Unusual Items": 0.0,
        "Tax Rate For Calcs": 0.16,
        "Normalized EBITDA": 666000000.0,
        "Net Income From Continuing Operation Net Minority Interest": 432000000.0,
        "Reconciled Depreciation": 144000000.0,
        "Reconciled Cost Of Revenue": 584000000.0,
        "EBITDA": 666000000.0,
        "EBIT": 522000000.0,
        "Net Interest Income": 102000000.0,
        "Interest Expense": 6000000.0,
        "Interest Income": 108000000.0,
        "Normalized Income": 432000000.0,
        "Net Income From Continuing And Discontinued Operation": 432000000.0,
        "Total Expenses": 2379000000.0,
        "Total Operating Income As Reported": 418000000.0,
        "Diluted Average Shares": 209000000.0,
        "Basic Average Shares": 206000000.0,
        "Diluted EPS": 2.07,
        "Basic EPS": 2.09,
        "Diluted NI Availto Com Stockholders": 432000000.0,
        "Net Income Common Stockholders": 432000000.0,
        "Net Income": 432000000.0,
        "Net Income Including Noncontrolling Interests": 432000000.0,
        "Net Income Continuous Operations": 432000000.0,
        "Tax Provision": 84000000.0,
        "Pretax Income": 516000000.0,
        "Other Income Expense": -4000000.0,
        "Other Non Operating Income Expenses": -4000000.0,
        "Net Non Operating Interest Income Expense": 102000000.0,
        "Interest Expense Non Operating": 6000000.0,
        "Interest Income Non Operating": 108000000.0,
        "Operating Income": 418000000.0,
        "Operating Expense": 1795000000.0,
        "Research And Development": 626000000.0,
        "Selling General And Administration": 1169000000.0,
        "Selling And Marketing Expense": 944000000.0,
        "General And Administrative Expense": 225000000.0,
        "Other Gand A": 225000000.0,
        "Gross Profit": 2213000000.0,
        "Cost Of Revenue": 584000000.0,
        "Total Revenue": 2797000000.0,
        "Operating Revenue": 2797000000.0
    },
    "2024-12-31": {
        "Tax Effect Of Unusual Items": 0.0,
        "Tax Rate For Calcs": 0.170626,
        "Normalized EBITDA": 622000000.0,
        "Net Income From Continuing Operation Net Minority Interest": 384000000.0,
        "Reconciled Depreciation": 154000000.0,
        "Reconciled Cost Of Revenue": 631000000.0,
        "EBITDA": 622000000.0,
        "EBIT": 468000000.0,
        "Net Interest Income": 101000000.0,
        "Interest Expense": 5000000.0,
        "Interest Income": 106000000.0,
        "Normalized Income": 384000000.0,
        "Net Income From Continuing And Discontinued Operation": 384000000.0,
        "Total Expenses": 2583000000.0,
        "Total Operating Income As Reported": 374000000.0,
        "Diluted Average Shares": 209000000.0,
        "Basic Average Shares": 206000000.0,
        "Diluted EPS": 1.83,
        "Basic EPS": 1.86,
        "Diluted NI Availto Com Stockholders": 384000000.0,
        "Net Income Common Stockholders": 384000000.0,
        "Net Income": 384000000.0,
        "Net Income Including Noncontrolling Interests": 384000000.0,
        "Net Income Continuous Operations": 384000000.0,
        "Tax Provision": 79000000.0,
        "Pretax Income": 463000000.0,
        "Other Income Expense": -12000000.0,
        "Other Non Operating Income Expenses": -12000000.0,
        "Net Non Operating Interest Income Expense": 101000000.0,
        "Interest Expense Non Operating": 5000000.0,
        "Interest Income Non Operating": 106000000.0,
        "Operating Income": 374000000.0,
        "Operating Expense": 1952000000.0,
        "Research And Development": 668000000.0,
        "Selling General And Administration": 1284000000.0,
        "Selling And Marketing Expense": 1027000000.0,
        "General And Administrative Expense": 257000000.0,
        "Other Gand A": 257000000.0,
        "Gross Profit": 2326000000.0,
        "Cost Of Revenue": 631000000.0,
        "Total Revenue": 2957000000.0,
        "Operating Revenue": 2957000000.0
    },
    "2025-03-31": {
        "Tax Effect Of Unusual Items": 0.0,
        "Tax Rate For Calcs": 0.17,
        "Normalized EBITDA": 721000000.0,
        "Net Income From Continuing Operation Net Minority Interest": 460000000.0,
        "Reconciled Depreciation": 160000000.0,
        "Reconciled Cost Of Revenue": 651000000.0,
        "EBITDA": 721000000.0,
        "EBIT": 561000000.0,
        "Net Interest Income": 109000000.0,
        "Interest Expense": 6000000.0,
        "Interest Income": 115000000.0,
        "Normalized Income": 460000000.0,
        "Net Income From Continuing And Discontinued Operation": 460000000.0,
        "Total Expenses": 2637000000.0,
        "Total Operating Income As Reported": 451000000.0,
        "Diluted Average Shares": 209000000.0,
        "Basic Average Shares": 207000000.0,
        "Diluted EPS": 2.2,
        "Basic EPS": 2.22,
        "Diluted NI Availto Com Stockholders": 460000000.0,
        "Net Income Common Stockholders": 460000000.0,
        "Net Income": 460000000.0,
        "Net Income Including Noncontrolling Interests": 460000000.0,
        "Net Income Continuous Operations": 460000000.0,
        "Tax Provision": 95000000.0,
        "Pretax Income": 555000000.0,
        "Other Income Expense": -5000000.0,
        "Other Non Operating Income Expenses": -5000000.0,
        "Net Non Operating Interest Income Expense": 109000000.0,
        "Interest Expense Non Operating": 6000000.0,
        "Interest Income Non Operating": 115000000.0,
        "Operating Income": 451000000.0,
        "Operating Expense": 1986000000.0,
        "Research And Development": 703000000.0,
        "Selling General And Administration": 1283000000.0,
        "Selling And Marketing Expense": 1054000000.0,
        "General And Administrative Expense": 229000000.0,
        "Other Gand A": 229000000.0,
        "Gross Profit": 2437000000.0,
        "Cost Of Revenue": 651000000.0,
        "Total Revenue": 3088000000.0,
        "Operating Revenue": 3088000000.0
    },
    "2025-06-30": {
        "Tax Effect Of Unusual Items": 0.0,
        "Tax Rate For Calcs": 0.18,
        "Normalized EBITDA": 649000000.0,
        "Net Income From Continuing Operation Net Minority Interest": 385000000.0,
        "Reconciled Depreciation": 172000000.0,
        "Reconciled Cost Of Revenue": 724000000.0,
        "EBITDA": 649000000.0,
        "EBIT": 477000000.0,
        "Net Interest Income": 110000000.0,
        "Interest Expense": 6000000.0,
        "Interest Income": 116000000.0,
        "Normalized Income": 385000000.0,
        "Net Income From Continuing And Discontinued Operation": 385000000.0,
        "Total Expenses": 2857000000.0,
        "Total Operating Income As Reported": 358000000.0,
        "Diluted Average Shares": 209000000.0,
        "Basic Average Shares": 207000000.0,
        "Diluted EPS": 1.84,
        "Basic EPS": 1.86,
        "Diluted NI Availto Com Stockholders": 385000000.0,
        "Net Income Common Stockholders": 385000000.0,
        "Net Income": 385000000.0,
        "Net Income Including Noncontrolling Interests": 385000000.0,
        "Net Income Continuous Operations": 385000000.0,
        "Tax Provision": 86000000.0,
        "Pretax Income": 471000000.0,
        "Other Income Expense": 3000000.0,
        "Other Non Operating Income Expenses": 3000000.0,
        "Net Non Operating Interest Income Expense": 110000000.0,
        "Interest Expense Non Operating": 6000000.0,
        "Interest Income Non Operating": 116000000.0,
        "Operating Income": 358000000.0,
        "Operating Expense": 2133000000.0,
        "Research And Development": 734000000.0,
        "Selling General And Administration": 1399000000.0,
        "Selling And Marketing Expense": 1128000000.0,
        "General And Administrative Expense": 271000000.0,
        "Other Gand A": 271000000.0,
        "Gross Profit": 2491000000.0,
        "Cost Of Revenue": 724000000.0,
        "Total Revenue": 3215000000.0,
        "Operating Revenue": 3215000000.0
    }
}