{
    "2023-12-31": {
        "Tax Effect Of Unusual Items": NaN,
        "Tax Rate For Calcs": NaN,
        "Total Unusual Items": -136000.0,
        "Total Unusual Items Excluding Goodwill": -136000.0,
        "Net Income From Continuing Operation Net Minority Interest": NaN,
        "Reconciled Depreciation": NaN,
        "Net Interest Income": NaN,
        "Interest Expense": NaN,
        "Interest Income": NaN,
        "Normalized Income": NaN,
        "Net Income From Continuing And Discontinued Operation": NaN,
        "Diluted Average Shares": NaN,
        "Basic Average Shares": NaN,
        "Diluted EPS": NaN,
        "Basic EPS": NaN,
        "Diluted NI Availto Com Stockholders": NaN,
        "Net Income Common Stockholders": NaN,
        "Preferred Stock Dividends": NaN,
        "Net Income": NaN,
        "Net Income Including Noncontrolling Interests": NaN,
        "Net Income Continuous Operations": NaN,
        "Tax Provision": NaN,
        "Pretax Income": NaN,
        "Gain On Sale Of Security": 58000.0,
        "Selling General And Administration": NaN,
        "General And Administrative Expense": NaN,
        "Salaries And Wages": NaN,
        "Total Revenue": NaN,
        "Operating Revenue": NaN,
        "Occupancy And Equipment": NaN,
        "Professional Expense And Contract Services Expense": NaN,
        "Other Non Interest Expense": NaN
    },
    "2024-12-31": {
        "Tax Effect Of Unusual Items": 0.0,
        "Tax Rate For Calcs": 0.249624,
        "Net Income From Continuing Operation Net Minority Interest": 10990000.0,
        "Reconciled Depreciation": 922000.0,
        "Net Interest Income": 30022000.0,
        "Interest Expense": 52679000.0,
        "Interest Income": 82701000.0,
        "Normalized Income": 10990000.0,
        "Net Income From Continuing And Discontinued Operation": 10990000.0,
        "Diluted Average Shares": NaN,
        "Basic Average Shares": NaN,
        "Diluted EPS": NaN,
        "Basic EPS": NaN,
        "Diluted NI Availto Com Stockholders": 8846000.0,
        "Net Income Common Stockholders": 8846000.0,
        "Preferred Stock Dividends": 2144000.0,
        "Net Income": 10990000.0,
        "Net Income Including Noncontrolling Interests": 10990000.0,
        "Net Income Continuous Operations": 10990000.0,
        "Tax Provision": 3656000.0,
        "Pretax Income": 14646000.0,
        "Selling General And Administration": 18974000.0,
        "General And Administrative Expense": 18974000.0,
        "Salaries And Wages": 18974000.0,
        "Total Revenue": 43635000.0,
        "Operating Revenue": 43635000.0,
        "Occupancy And Equipment": 998000.0,
        "Professional Expense And Contract Services Expense": 798000.0,
        "Other Non Interest Expense": 8665000.0
    },
    "2025-03-31": {
        "Tax Effect Of Unusual Items": 0.0,
        "Tax Rate For Calcs": 0.2367,
        "Net Income From Continuing Operation Net Minority Interest": 17247000.0,
        "Reconciled Depreciation": 808000.0,
        "Net Interest Income": 30389000.0,
        "Interest Expense": 48761000.0,
        "Interest Income": 79150000.0,
        "Normalized Income": 17247000.0,
        "Net Income From Continuing And Discontinued Operation": 17247000.0,
        "Diluted Average Shares": 30448848.0,
        "Basic Average Shares": 29871001.0,
        "Diluted EPS": 0.49,
        "Basic EPS": 0.5,
        "Diluted NI Availto Com Stockholders": 15041000.0,
        "Net Income Common Stockholders": 15041000.0,
        "Preferred Stock Dividends": 2206000.0,
        "Net Income": 17247000.0,
        "Net Income Including Noncontrolling Interests": 17247000.0,
        "Net Income Continuous Operations": 17247000.0,
        "Tax Provision": 5348000.0,
        "Pretax Income": 22595000.0,
        "Selling General And Administration": 20443000.0,
        "General And Administrative Expense": 20443000.0,
        "Salaries And Wages": 20443000.0,
        "Total Revenue": 53262000.0,
        "Operating Revenue": 53262000.0,
        "Occupancy And Equipment": 972000.0,
        "Professional Expense And Contract Services Expense": 1228000.0,
        "Other Non Interest Expense": 6729000.0
    },
    "2024-03-31": {
        "Tax Effect Of Unusual Items": NaN,
        "Tax Rate For Calcs": NaN,
        "Net Income From Continuing Operation Net Minority Interest": NaN,
        "Reconciled Depreciation": NaN,
        "Net Interest Income": NaN,
        "Interest Expense": NaN,
        "Interest Income": NaN,
        "Normalized Income": NaN,
        "Net Income From Continuing And Discontinued Operation": NaN,
        "Diluted Average Shares": 34309560.0,
        "Basic Average Shares": 34309560.0,
        "Diluted EPS": 0.286742,
        "Basic EPS": 0.286742,
        "Diluted NI Availto Com Stockholders": NaN,
        "Net Income Common Stockholders": NaN,
        "Preferred Stock Dividends": NaN,
        "Net Income": NaN,
        "Net Income Including Noncontrolling Interests": NaN,
        "Net Income Continuous Operations": NaN,
        "Tax Provision": NaN,
        "Pretax Income": NaN,
        "Selling General And Administration": NaN,
        "General And Administrative Expense": NaN,
        "Salaries And Wages": NaN,
        "Total Revenue": NaN,
        "Operating Revenue": NaN,
        "Occupancy And Equipment": NaN,
        "Professional Expense And Contract Services Expense": NaN,
        "Other Non Interest Expense": NaN
    },
    "2025-06-30": {
        "Tax Effect Of Unusual Items": 0.0,
        "Tax Rate For Calcs": 0.236709,
        "Net Income From Continuing Operation Net Minority Interest": 20344000.0,
        "Reconciled Depreciation": 761000.0,
        "Net Interest Income": 36520000.0,
        "Interest Expense": 56573000.0,
        "Interest Income": 93093000.0,
        "Normalized Income": 20344000.0,
        "Net Income From Continuing And Discontinued Operation": 20344000.0,
        "Diluted Average Shares": 35218962.0,
        "Basic Average Shares": 34574086.0,
        "Diluted EPS": 0.51,
        "Basic EPS": 0.52,
        "Diluted NI Availto Com Stockholders": 18048000.0,
        "Net Income Common Stockholders": 18048000.0,
        "Preferred Stock Dividends": 2296000.0,
        "Net Income": 20344000.0,
        "Net Income Including Noncontrolling Interests": 20344000.0,
        "Net Income Continuous Operations": 20344000.0,
        "Tax Provision": 6309000.0,
        "Pretax Income": 26653000.0,
        "Selling General And Administration": 22234000.0,
        "General And Administrative Expense": 22234000.0,
        "Salaries And Wages": 22234000.0,
        "Total Revenue": 58958000.0,
        "Operating Revenue": 58958000.0,
        "Occupancy And Equipment": 918000.0,
        "Professional Expense And Contract Services Expense": 1793000.0,
        "Other Non Interest Expense": 6777000.0
    },
    "2024-09-30": {
        "Tax Effect Of Unusual Items": 0.0,
        "Tax Rate For Calcs": 0.2402,
        "Net Income From Continuing Operation Net Minority Interest": 18700000.0,
        "Reconciled Depreciation": 941000.0,
        "Net Interest Income": 28403000.0,
        "Interest Expense": 54948000.0,
        "Interest Income": 83351000.0,
        "Normalized Income": 18700000.0,
        "Net Income From Continuing And Discontinued Operation": 18700000.0,
        "Diluted Average Shares": 34309560.0,
        "Basic Average Shares": 34309560.0,
        "Diluted EPS": 0.498374,
        "Basic EPS": 0.498374,
        "Diluted NI Availto Com Stockholders": 17099000.0,
        "Net Income Common Stockholders": 17099000.0,
        "Preferred Stock Dividends": 1601000.0,
        "Net Income": 18700000.0,
        "Net Income Including Noncontrolling Interests": 18700000.0,
        "Net Income Continuous Operations": 18700000.0,
        "Tax Provision": 5913000.0,
        "Pretax Income": 24613000.0,
        "Selling General And Administration": 20779000.0,
        "General And Administrative Expense": 20779000.0,
        "Salaries And Wages": 20779000.0,
        "Total Revenue": 54161000.0,
        "Operating Revenue": 54161000.0,
        "Occupancy And Equipment": 1014000.0,
        "Professional Expense And Contract Services Expense": 1140000.0,
        "Other Non Interest Expense": 6437000.0
    },
    "2024-06-30": {
        "Tax Effect Of Unusual Items": NaN,
        "Tax Rate For Calcs": NaN,
        "Net Income From Continuing Operation Net Minority Interest": NaN,
        "Reconciled Depreciation": NaN,
        "Net Interest Income": NaN,
        "Interest Expense": NaN,
        "Interest Income": NaN,
        "Normalized Income": NaN,
        "Net Income From Continuing And Discontinued Operation": NaN,
        "Diluted Average Shares": 34309560.0,
        "Basic Average Shares": 34309560.0,
        "Diluted EPS": 0.331744,
        "Basic EPS": 0.331744,
        "Diluted NI Availto Com Stockholders": NaN,
        "Net Income Common Stockholders": NaN,
        "Preferred Stock Dividends": NaN,
        "Net Income": NaN,
        "Net Income Including Noncontrolling Interests": NaN,
        "Net Income Continuous Operations": NaN,
        "Tax Provision": NaN,
        "Pretax Income": NaN,
        "Selling General And Administration": NaN,
        "General And Administrative Expense": NaN,
        "Salaries And Wages": NaN,
        "Total Revenue": NaN,
        "Operating Revenue": NaN,
        "Occupancy And Equipment": NaN,
        "Professional Expense And Contract Services Expense": NaN,
        "Other Non Interest Expense": NaN
    },
    "2025-09-30": {
        "Tax Effect Of Unusual Items": 0.0,
        "Tax Rate For Calcs": 0.24,
        "Net Income From Continuing Operation Net Minority Interest": 22173000.0,
        "Reconciled Depreciation": 761000.0,
        "Net Interest Income": 40331000.0,
        "Interest Expense": 61505000.0,
        "Interest Income": 101836000.0,
        "Normalized Income": 22173000.0,
        "Net Income From Continuing And Discontinued Operation": 22173000.0,
        "Diluted Average Shares": NaN,
        "Basic Average Shares": NaN,
        "Diluted EPS": NaN,
        "Basic EPS": NaN,
        "Diluted NI Availto Com Stockholders": 20132000.0,
        "Net Income Common Stockholders": 20132000.0,
        "Preferred Stock Dividends": 2041000.0,
        "Net Income": 22173000.0,
        "Net Income Including Noncontrolling Interests": 22173000.0,
        "Net Income Continuous Operations": 22173000.0,
        "Tax Provision": 7001000.0,
        "Pretax Income": 29174000.0,
        "Selling General And Administration": 24336000.0,
        "General And Administrative Expense": 24336000.0,
        "Salaries And Wages": 24336000.0,
        "Total Revenue": 64360000.0,
        "Operating Revenue": 64360000.0,
        "Occupancy And Equipment": 811000.0,
        "Professional Expense And Contract Services Expense": 1701000.0,
        "Other Non Interest Expense": 7510000.0
    },
    "2025-12-31": {
        "Tax Effect Of Unusual Items": NaN,
        "Tax Rate For Calcs": NaN,
        "Net Income From Continuing Operation Net Minority Interest": NaN,
        "Reconciled Depreciation": NaN,
        "Net Interest Income": NaN,
        "Interest Expense": NaN,
        "Interest Income": NaN,
        "Normalized Income": NaN,
        "Net Income From Continuing And Discontinued Operation": NaN,
        "Diluted Average Shares": 35092153.0,
        "Basic Average Shares": 34619175.0,
        "Diluted EPS": 0.52,
        "Basic EPS": 0.53,
        "Diluted NI Availto Com Stockholders": NaN,
        "Net Income Common Stockholders": NaN,
        "Preferred Stock Dividends": NaN,
        "Net Income": NaN,
        "Net Income Including Noncontrolling Interests": NaN,
        "Net Income Continuous Operations": NaN,
        "Tax Provision": NaN,
        "Pretax Income": NaN,
        "Selling General And Administration": NaN,
        "General And Administrative Expense": NaN,
        "Salaries And Wages": NaN,
        "Total Revenue": NaN,
        "Operating Revenue": NaN,
        "Occupancy And Equipment": NaN,
        "Professional Expense And Contract Services Expense": NaN,
        "Other Non Interest Expense": NaN
    }
}