{
    "2023-03-31": {
        "Tax Effect Of Unusual Items": NaN,
        "Tax Rate For Calcs": NaN,
        "Normalized EBITDA": NaN,
        "Net Income From Continuing Operation Net Minority Interest": NaN,
        "Reconciled Depreciation": NaN,
        "Reconciled Cost Of Revenue": NaN,
        "EBITDA": NaN,
        "EBIT": NaN,
        "Normalized Income": NaN,
        "Net Income From Continuing And Discontinued Operation": NaN,
        "Total Expenses": NaN,
        "Total Operating Income As Reported": NaN,
        "Diluted Average Shares": 7097000.0,
        "Basic Average Shares": 7097000.0,
        "Diluted EPS": 1.25,
        "Basic EPS": 1.25,
        "Diluted NI Availto Com Stockholders": NaN,
        "Net Income Common Stockholders": NaN,
        "Net Income": NaN,
        "Net Income Including Noncontrolling Interests": NaN,
        "Net Income Continuous Operations": NaN,
        "Tax Provision": NaN,
        "Pretax Income": NaN,
        "Other Income Expense": NaN,
        "Other Non Operating Income Expenses": NaN,
        "Operating Income": NaN,
        "Operating Expense": NaN,
        "Depreciation Amortization Depletion Income Statement": NaN,
        "Depreciation And Amortization In Income Statement": NaN,
        "Amortization": NaN,
        "Amortization Of Intangibles Income Statement": NaN,
        "Selling General And Administration": NaN,
        "Gross Profit": NaN,
        "Cost Of Revenue": NaN,
        "Total Revenue": NaN,
        "Operating Revenue": NaN
    },
    "2022-12-31": {
        "Tax Effect Of Unusual Items": 0.0,
        "Tax Rate For Calcs": 0.21,
        "Normalized EBITDA": 7165000.0,
        "Net Income From Continuing Operation Net Minority Interest": 2173000.0,
        "Reconciled Depreciation": 1187000.0,
        "Reconciled Cost Of Revenue": 99943000.0,
        "EBITDA": 7165000.0,
        "EBIT": 5978000.0,
        "Normalized Income": 2173000.0,
        "Net Income From Continuing And Discontinued Operation": 773000.0,
        "Total Expenses": 108070000.0,
        "Total Operating Income As Reported": 683000.0,
        "Diluted Average Shares": NaN,
        "Basic Average Shares": NaN,
        "Diluted EPS": NaN,
        "Basic EPS": NaN,
        "Diluted NI Availto Com Stockholders": 773000.0,
        "Net Income Common Stockholders": 773000.0,
        "Net Income": 773000.0,
        "Net Income Including Noncontrolling Interests": 773000.0,
        "Net Income Continuous Operations": 2173000.0,
        "Tax Provision": -202000.0,
        "Pretax Income": 1971000.0,
        "Other Income Expense": -4007000.0,
        "Other Non Operating Income Expenses": 1288000.0,
        "Operating Income": 5978000.0,
        "Operating Expense": 7336000.0,
        "Depreciation Amortization Depletion Income Statement": 396000.0,
        "Depreciation And Amortization In Income Statement": 396000.0,
        "Amortization": 396000.0,
        "Amortization Of Intangibles Income Statement": 396000.0,
        "Selling General And Administration": 6940000.0,
        "Gross Profit": 13314000.0,
        "Cost Of Revenue": 100734000.0,
        "Total Revenue": 114048000.0,
        "Operating Revenue": 114048000.0
    },
    "2022-09-30": {
        "Tax Effect Of Unusual Items": NaN,
        "Tax Rate For Calcs": NaN,
        "Normalized EBITDA": NaN,
        "Net Income From Continuing Operation Net Minority Interest": NaN,
        "Reconciled Depreciation": NaN,
        "Reconciled Cost Of Revenue": NaN,
        "EBITDA": NaN,
        "EBIT": NaN,
        "Normalized Income": NaN,
        "Net Income From Continuing And Discontinued Operation": NaN,
        "Total Expenses": NaN,
        "Total Operating Income As Reported": NaN,
        "Diluted Average Shares": 7083000.0,
        "Basic Average Shares": 7083000.0,
        "Diluted EPS": 1.26,
        "Basic EPS": 1.26,
        "Diluted NI Availto Com Stockholders": NaN,
        "Net Income Common Stockholders": NaN,
        "Net Income": NaN,
        "Net Income Including Noncontrolling Interests": NaN,
        "Net Income Continuous Operations": NaN,
        "Tax Provision": NaN,
        "Pretax Income": NaN,
        "Other Income Expense": NaN,
        "Other Non Operating Income Expenses": NaN,
        "Operating Income": NaN,
        "Operating Expense": NaN,
        "Depreciation Amortization Depletion Income Statement": NaN,
        "Depreciation And Amortization In Income Statement": NaN,
        "Amortization": NaN,
        "Amortization Of Intangibles Income Statement": NaN,
        "Selling General And Administration": NaN,
        "Gross Profit": NaN,
        "Cost Of Revenue": NaN,
        "Total Revenue": NaN,
        "Operating Revenue": NaN
    },
    "2022-06-30": {
        "Tax Effect Of Unusual Items": 0.0,
        "Tax Rate For Calcs": 0.23,
        "Normalized EBITDA": 8566000.0,
        "Net Income From Continuing Operation Net Minority Interest": 6684000.0,
        "Reconciled Depreciation": 707000.0,
        "Reconciled Cost Of Revenue": 61447000.0,
        "EBITDA": 8566000.0,
        "EBIT": 7859000.0,
        "Normalized Income": 6684000.0,
        "Net Income From Continuing And Discontinued Operation": 6684000.0,
        "Total Expenses": 69279000.0,
        "Total Operating Income As Reported": 7859000.0,
        "Diluted Average Shares": 7081000.0,
        "Basic Average Shares": 7081000.0,
        "Diluted EPS": 0.94,
        "Basic EPS": 0.94,
        "Diluted NI Availto Com Stockholders": 6684000.0,
        "Net Income Common Stockholders": 6684000.0,
        "Net Income": 6684000.0,
        "Net Income Including Noncontrolling Interests": 6684000.0,
        "Net Income Continuous Operations": 6684000.0,
        "Tax Provision": 1950000.0,
        "Pretax Income": 8634000.0,
        "Other Income Expense": 775000.0,
        "Other Non Operating Income Expenses": 775000.0,
        "Operating Income": 7859000.0,
        "Operating Expense": 7179000.0,
        "Depreciation Amortization Depletion Income Statement": 54000.0,
        "Depreciation And Amortization In Income Statement": 54000.0,
        "Amortization": 54000.0,
        "Amortization Of Intangibles Income Statement": 54000.0,
        "Selling General And Administration": 7125000.0,
        "Gross Profit": 15038000.0,
        "Cost Of Revenue": 62100000.0,
        "Total Revenue": 77138000.0,
        "Operating Revenue": 77138000.0
    },
    "2022-03-31": {
        "Diluted EPS": 0.41,
        "Total Revenue": 61,
        "Gross Profit": 10,
        "Operating Income": 3,
        "EBIT": 4,
        "Net Income": 3
    },
    "2021-12-31": {
        "Diluted EPS": 0.45,
        "Total Revenue": 100,
        "Gross Profit": 17,
        "Operating Income": 3,
        "EBIT": 4,
        "Net Income": 3
    },
    "2021-09-30": {
        "Diluted EPS": 0.58,
        "Total Revenue": 87,
        "Gross Profit": 11,
        "Operating Income": 5,
        "EBIT": 5,
        "Net Income": 4
    },
    "2021-06-30": {
        "Diluted EPS": 1.32,
        "Total Revenue": 87,
        "Gross Profit": 18,
        "Operating Income": 11,
        "EBIT": 12,
        "Net Income": 9
    },
    "2021-03-31": {
        "Diluted EPS": 1.28,
        "Total Revenue": 81,
        "Gross Profit": 18,
        "Operating Income": 11,
        "EBIT": 12,
        "Net Income": 9
    },
    "2020-12-31": {
        "Diluted EPS": 1.98,
        "Total Revenue": 106,
        "Gross Profit": 26,
        "Operating Income": 17,
        "EBIT": 18,
        "Net Income": 14
    },
    "2020-09-30": {
        "Diluted EPS": 1.72,
        "Total Revenue": 94,
        "Gross Profit": 21,
        "Operating Income": 14,
        "EBIT": 15,
        "Net Income": 12
    },
    "2020-06-30": {
        "Diluted EPS": 1.8,
        "Total Revenue": 87,
        "Gross Profit": 22,
        "Operating Income": 15,
        "EBIT": 16,
        "Net Income": 13
    },
    "2020-03-31": {
        "Diluted EPS": 1.17,
        "Total Revenue": 66,
        "Gross Profit": 16,
        "Operating Income": 9,
        "EBIT": 10,
        "Net Income": 8
    },
    "2019-12-31": {
        "Diluted EPS": 1.68,
        "Total Revenue": 95,
        "Gross Profit": 21,
        "Operating Income": 14,
        "EBIT": 15,
        "Net Income": 12
    },
    "2019-09-30": {
        "Diluted EPS": 2.33,
        "Total Revenue": 78,
        "Gross Profit": 24,
        "Operating Income": 17,
        "EBIT": 18,
        "Net Income": 16
    },
    "2019-06-30": {
        "Diluted EPS": 1.16,
        "Total Revenue": 72,
        "Gross Profit": 15,
        "Operating Income": 9,
        "EBIT": 10,
        "Net Income": 8
    },
    "2019-03-31": {
        "Diluted EPS": 0.85,
        "Total Revenue": 64,
        "Gross Profit": 12,
        "Operating Income": 6,
        "EBIT": 7,
        "Net Income": 6
    },
    "2018-12-31": {
        "Diluted EPS": 1.68,
        "Total Revenue": 86,
        "Gross Profit": 20,
        "Operating Income": 15,
        "EBIT": 16,
        "Net Income": 12
    },
    "2018-09-30": {
        "Diluted EPS": 0.91,
        "Total Revenue": 82,
        "Gross Profit": 16,
        "Operating Income": 7,
        "EBIT": 8,
        "Net Income": 6
    },
    "2018-06-30": {
        "Diluted EPS": 1.54,
        "Total Revenue": 79,
        "Gross Profit": 19,
        "Operating Income": 12,
        "EBIT": 15,
        "Net Income": 11
    },
    "2018-03-31": {
        "Diluted EPS": 1.57,
        "Total Revenue": 77,
        "Gross Profit": 20,
        "Operating Income": 13,
        "EBIT": 15,
        "Net Income": 11
    },
    "2017-12-31": {
        "Diluted EPS": 2.4,
        "Total Revenue": 116,
        "Gross Profit": 31,
        "Operating Income": 24,
        "EBIT": 27,
        "Net Income": 17
    },
    "2017-09-30": {
        "Diluted EPS": 1.19,
        "Total Revenue": 71,
        "Gross Profit": 19,
        "Operating Income": 12,
        "EBIT": 14,
        "Net Income": 8
    },
    "2017-06-30": {
        "Diluted EPS": 1.39,
        "Total Revenue": 75,
        "Gross Profit": 18,
        "Operating Income": 12,
        "EBIT": 14,
        "Net Income": 10
    },
    "2017-03-31": {
        "Diluted EPS": 2.6,
        "Total Revenue": 73,
        "Gross Profit": 20,
        "Operating Income": 14,
        "EBIT": 16,
        "Net Income": 18
    },
    "2016-12-31": {
        "Diluted EPS": 2.97,
        "Total Revenue": 132,
        "Gross Profit": 35,
        "Operating Income": 30,
        "EBIT": 35,
        "Net Income": 21
    },
    "2016-09-30": {
        "Diluted EPS": 1.19,
        "Total Revenue": 75,
        "Gross Profit": 17,
        "Operating Income": 11,
        "EBIT": 15,
        "Net Income": 8
    },
    "2016-06-30": {
        "Diluted EPS": 1.19,
        "Total Revenue": 70,
        "Gross Profit": 17,
        "Operating Income": 12,
        "EBIT": 15,
        "Net Income": 8
    },
    "2016-03-31": {
        "Diluted EPS": 1.04,
        "Total Revenue": 66,
        "Gross Profit": 16,
        "Operating Income": 10,
        "EBIT": 13,
        "Net Income": 7
    },
    "2015-12-31": {
        "Diluted EPS": 2.18,
        "Total Revenue": 61,
        "Gross Profit": 29,
        "Operating Income": 24,
        "EBIT": 29,
        "Net Income": 15
    },
    "2015-09-30": {
        "Diluted EPS": 1.17,
        "Total Revenue": 91,
        "Gross Profit": 19,
        "Operating Income": 12,
        "EBIT": 15,
        "Net Income": 8
    },
    "2015-06-30": {
        "Diluted EPS": 1.31,
        "Total Revenue": 102,
        "Gross Profit": 20,
        "Operating Income": 14,
        "EBIT": 17,
        "Net Income": 9
    },
    "2015-03-31": {
        "Diluted EPS": 1.17,
        "Total Revenue": 101,
        "Gross Profit": 21,
        "Operating Income": 12,
        "EBIT": 17,
        "Net Income": 8
    },
    "2014-12-31": {
        "Diluted EPS": 1.8,
        "Total Revenue": 77,
        "Gross Profit": 33,
        "Operating Income": 25,
        "EBIT": 33,
        "Net Income": 12
    },
    "2014-09-30": {
        "Diluted EPS": 0.74,
        "Total Revenue": 95,
        "Gross Profit": 16,
        "Operating Income": 8,
        "EBIT": 13,
        "Net Income": 5
    },
    "2014-06-30": {
        "Diluted EPS": 0.6,
        "Total Revenue": 88,
        "Gross Profit": 16,
        "Operating Income": 6,
        "EBIT": 12,
        "Net Income": 4
    },
    "2014-03-31": {
        "Diluted EPS": 0.68,
        "Total Revenue": 87,
        "Gross Profit": 16,
        "Operating Income": 7,
        "EBIT": 12,
        "Net Income": 5
    },
    "2013-12-31": {
        "Diluted EPS": 2.47,
        "Total Revenue": 135,
        "Gross Profit": 25,
        "Operating Income": 21,
        "EBIT": 26,
        "Net Income": 17
    },
    "2013-09-30": {
        "Diluted EPS": 1.31,
        "Total Revenue": 101,
        "Gross Profit": 20,
        "Operating Income": 14,
        "EBIT": 16,
        "Net Income": 9
    },
    "2013-06-30": {
        "Diluted EPS": 1.2,
        "Total Revenue": 101,
        "Gross Profit": 18,
        "Operating Income": 13,
        "EBIT": 15,
        "Net Income": 8
    },
    "2013-03-31": {
        "Diluted EPS": 0.99,
        "Total Revenue": 83,
        "Gross Profit": 16,
        "Operating Income": 10,
        "EBIT": 13,
        "Net Income": 7
    },
    "2012-12-31": {
        "Diluted EPS": 1.66,
        "Total Revenue": 142,
        "Gross Profit": 32,
        "Operating Income": 17,
        "EBIT": 21,
        "Net Income": 11
    },
    "2012-09-30": {
        "Diluted EPS": 1.36,
        "Total Revenue": 117,
        "Gross Profit": 23,
        "Operating Income": 15,
        "EBIT": 17,
        "Net Income": 9
    },
    "2012-06-30": {
        "Diluted EPS": 1.26,
        "Total Revenue": 117,
        "Gross Profit": 20,
        "Operating Income": 13,
        "EBIT": 16,
        "Net Income": 9
    },
    "2012-03-31": {
        "Diluted EPS": 1.36,
        "Total Revenue": 97,
        "Gross Profit": 20,
        "Operating Income": 14,
        "EBIT": 17,
        "Net Income": 9
    },
    "2011-12-31": {
        "Diluted EPS": 1.96,
        "Total Revenue": 119,
        "Gross Profit": 27,
        "Operating Income": 21,
        "EBIT": 23,
        "Net Income": 13
    },
    "2011-09-30": {
        "Diluted EPS": 1.8,
        "Total Revenue": 105,
        "Gross Profit": 24,
        "Operating Income": 19,
        "EBIT": 22,
        "Net Income": 12
    },
    "2011-06-30": {
        "Diluted EPS": 1.57,
        "Total Revenue": 98,
        "Gross Profit": 21,
        "Operating Income": 16,
        "EBIT": 19,
        "Net Income": 11
    },
    "2011-03-31": {
        "Diluted EPS": 1.65,
        "Total Revenue": 109,
        "Gross Profit": 22,
        "Operating Income": 17,
        "EBIT": 19,
        "Net Income": 11
    },
    "2010-12-31": {
        "Diluted EPS": 3.24,
        "Total Revenue": 142,
        "Gross Profit": 38,
        "Operating Income": 34,
        "EBIT": 36,
        "Net Income": 22
    },
    "2010-09-30": {
        "Diluted EPS": 1.92,
        "Total Revenue": 114,
        "Gross Profit": 24,
        "Operating Income": 20,
        "EBIT": 22,
        "Net Income": 13
    },
    "2010-06-30": {
        "Diluted EPS": 2.18,
        "Total Revenue": 117,
        "Gross Profit": 27,
        "Operating Income": 23,
        "EBIT": 25,
        "Net Income": 15
    },
    "2010-03-31": {
        "Diluted EPS": 1.92,
        "Total Revenue": 106,
        "Gross Profit": 25,
        "Operating Income": 20,
        "EBIT": 22,
        "Net Income": 13
    },
    "2009-12-31": {
        "Diluted EPS": 3.16,
        "Total Revenue": 151,
        "Gross Profit": 37,
        "Operating Income": 32,
        "EBIT": 34,
        "Net Income": 22
    },
    "2009-09-30": {
        "Diluted EPS": 2.44,
        "Total Revenue": 116,
        "Gross Profit": 29,
        "Operating Income": 25,
        "EBIT": 27,
        "Net Income": 17
    },
    "2009-06-30": {
        "Diluted EPS": 1.95,
        "Total Revenue": 103,
        "Gross Profit": 24,
        "Operating Income": 19,
        "EBIT": 22,
        "Net Income": 13
    },
    "2009-03-31": {
        "Diluted EPS": 1.58,
        "Total Revenue": 108,
        "Gross Profit": 20,
        "Operating Income": 16,
        "EBIT": 18,
        "Net Income": 11
    },
    "2023-06-30": {
        "Tax Effect Of Unusual Items": NaN,
        "Tax Rate For Calcs": NaN,
        "Normalized EBITDA": NaN,
        "Net Income From Continuing Operation Net Minority Interest": NaN,
        "Reconciled Depreciation": NaN,
        "Reconciled Cost Of Revenue": NaN,
        "EBITDA": NaN,
        "EBIT": NaN,
        "Normalized Income": NaN,
        "Net Income From Continuing And Discontinued Operation": NaN,
        "Total Expenses": NaN,
        "Total Operating Income As Reported": NaN,
        "Diluted Average Shares": 7106000.0,
        "Basic Average Shares": 7106000.0,
        "Diluted EPS": 0.77,
        "Basic EPS": 0.77,
        "Diluted NI Availto Com Stockholders": NaN,
        "Net Income Common Stockholders": NaN,
        "Net Income": NaN,
        "Net Income Including Noncontrolling Interests": NaN,
        "Net Income Continuous Operations": NaN,
        "Tax Provision": NaN,
        "Pretax Income": NaN,
        "Other Income Expense": NaN,
        "Other Non Operating Income Expenses": NaN,
        "Operating Income": NaN,
        "Operating Expense": NaN,
        "Depreciation Amortization Depletion Income Statement": NaN,
        "Depreciation And Amortization In Income Statement": NaN,
        "Amortization": NaN,
        "Amortization Of Intangibles Income Statement": NaN,
        "Selling General And Administration": NaN,
        "Gross Profit": NaN,
        "Cost Of Revenue": NaN,
        "Total Revenue": NaN,
        "Operating Revenue": NaN
    },
    "2023-09-30": {
        "Tax Effect Of Unusual Items": NaN,
        "Tax Rate For Calcs": NaN,
        "Normalized EBITDA": NaN,
        "Net Income From Continuing Operation Net Minority Interest": NaN,
        "Reconciled Depreciation": NaN,
        "Reconciled Cost Of Revenue": NaN,
        "EBITDA": NaN,
        "EBIT": NaN,
        "Normalized Income": NaN,
        "Net Income From Continuing And Discontinued Operation": NaN,
        "Total Expenses": NaN,
        "Total Operating Income As Reported": NaN,
        "Diluted Average Shares": 7108000.0,
        "Basic Average Shares": 7108000.0,
        "Diluted EPS": 0.99,
        "Basic EPS": 0.99,
        "Diluted NI Availto Com Stockholders": NaN,
        "Net Income Common Stockholders": NaN,
        "Net Income": NaN,
        "Net Income Including Noncontrolling Interests": NaN,
        "Net Income Continuous Operations": NaN,
        "Tax Provision": NaN,
        "Pretax Income": NaN,
        "Other Income Expense": NaN,
        "Other Non Operating Income Expenses": NaN,
        "Operating Income": NaN,
        "Operating Expense": NaN,
        "Depreciation Amortization Depletion Income Statement": NaN,
        "Depreciation And Amortization In Income Statement": NaN,
        "Amortization": NaN,
        "Amortization Of Intangibles Income Statement": NaN,
        "Selling General And Administration": NaN,
        "Gross Profit": NaN,
        "Cost Of Revenue": NaN,
        "Total Revenue": NaN,
        "Operating Revenue": NaN
    },
    "2023-12-31": {
        "Tax Effect Of Unusual Items": 0.0,
        "Tax Rate For Calcs": 0.133763,
        "Normalized EBITDA": 15158000.0,
        "Net Income From Continuing Operation Net Minority Interest": 13159000.0,
        "Reconciled Depreciation": 1863000.0,
        "Reconciled Cost Of Revenue": 76278000.0,
        "EBITDA": 15158000.0,
        "EBIT": 13295000.0,
        "Normalized Income": 13159000.0,
        "Net Income From Continuing And Discontinued Operation": 13159000.0,
        "Total Expenses": 85121000.0,
        "Total Operating Income As Reported": 13295000.0,
        "Diluted Average Shares": NaN,
        "Basic Average Shares": NaN,
        "Diluted EPS": NaN,
        "Basic EPS": NaN,
        "Diluted NI Availto Com Stockholders": 13159000.0,
        "Net Income Common Stockholders": 13159000.0,
        "Net Income": 13159000.0,
        "Net Income Including Noncontrolling Interests": 13159000.0,
        "Net Income Continuous Operations": 13159000.0,
        "Tax Provision": 2032000.0,
        "Pretax Income": 15191000.0,
        "Other Income Expense": 1896000.0,
        "Other Non Operating Income Expenses": 1896000.0,
        "Operating Income": 13295000.0,
        "Operating Expense": 7358000.0,
        "Depreciation Amortization Depletion Income Statement": 378000.0,
        "Depreciation And Amortization In Income Statement": 378000.0,
        "Amortization": 378000.0,
        "Amortization Of Intangibles Income Statement": 378000.0,
        "Selling General And Administration": 6980000.0,
        "Gross Profit": 20653000.0,
        "Cost Of Revenue": 77763000.0,
        "Total Revenue": 98416000.0,
        "Operating Revenue": 98416000.0
    },
    "2024-03-31": {
        "Tax Effect Of Unusual Items": NaN,
        "Tax Rate For Calcs": NaN,
        "Normalized EBITDA": NaN,
        "Total Unusual Items": NaN,
        "Total Unusual Items Excluding Goodwill": NaN,
        "Net Income From Continuing Operation Net Minority Interest": NaN,
        "Reconciled Depreciation": NaN,
        "Reconciled Cost Of Revenue": NaN,
        "EBITDA": NaN,
        "EBIT": NaN,
        "Normalized Income": NaN,
        "Net Income From Continuing And Discontinued Operation": NaN,
        "Total Expenses": NaN,
        "Total Operating Income As Reported": NaN,
        "Diluted Average Shares": 7117000.0,
        "Basic Average Shares": 7117000.0,
        "Diluted EPS": 0.92,
        "Basic EPS": 0.92,
        "Diluted NI Availto Com Stockholders": NaN,
        "Net Income Common Stockholders": NaN,
        "Net Income": NaN,
        "Net Income Including Noncontrolling Interests": NaN,
        "Net Income Continuous Operations": NaN,
        "Tax Provision": NaN,
        "Pretax Income": NaN,
        "Other Income Expense": NaN,
        "Other Non Operating Income Expenses": NaN,
        "Special Income Charges": NaN,
        "Impairment Of Capital Assets": NaN,
        "Operating Income": NaN,
        "Operating Expense": NaN,
        "Depreciation Amortization Depletion Income Statement": NaN,
        "Depreciation And Amortization In Income Statement": NaN,
        "Amortization": NaN,
        "Amortization Of Intangibles Income Statement": NaN,
        "Selling General And Administration": NaN,
        "Gross Profit": NaN,
        "Cost Of Revenue": NaN,
        "Total Revenue": NaN,
        "Operating Revenue": NaN
    },
    "2024-06-30": {
        "Tax Effect Of Unusual Items": 0.0,
        "Tax Rate For Calcs": 0.225465,
        "Normalized EBITDA": 7571000.0,
        "Total Unusual Items": 0.0,
        "Total Unusual Items Excluding Goodwill": 0.0,
        "Net Income From Continuing Operation Net Minority Interest": 6077000.0,
        "Reconciled Depreciation": 1210000.0,
        "Reconciled Cost Of Revenue": 69530000.0,
        "EBITDA": 7571000.0,
        "EBIT": 6361000.0,
        "Normalized Income": 6077000.0,
        "Net Income From Continuing And Discontinued Operation": 6077000.0,
        "Total Expenses": 78699000.0,
        "Total Operating Income As Reported": 6361000.0,
        "Diluted Average Shares": 7128000.0,
        "Basic Average Shares": 7128000.0,
        "Diluted EPS": 0.85,
        "Basic EPS": 0.85,
        "Diluted NI Availto Com Stockholders": 6077000.0,
        "Net Income Common Stockholders": 6077000.0,
        "Net Income": 6077000.0,
        "Net Income Including Noncontrolling Interests": 6077000.0,
        "Net Income Continuous Operations": 6077000.0,
        "Tax Provision": 1769000.0,
        "Pretax Income": 7846000.0,
        "Other Income Expense": 1485000.0,
        "Other Non Operating Income Expenses": 1485000.0,
        "Special Income Charges": 0.0,
        "Impairment Of Capital Assets": 0.0,
        "Operating Income": 6361000.0,
        "Operating Expense": 8338000.0,
        "Depreciation Amortization Depletion Income Statement": 379000.0,
        "Depreciation And Amortization In Income Statement": 379000.0,
        "Amortization": 379000.0,
        "Amortization Of Intangibles Income Statement": 379000.0,
        "Selling General And Administration": 7959000.0,
        "Gross Profit": 14699000.0,
        "Cost Of Revenue": 70361000.0,
        "Total Revenue": 85060000.0,
        "Operating Revenue": 85060000.0
    },
    "2024-09-30": {
        "Tax Effect Of Unusual Items": 0.0,
        "Tax Rate For Calcs": 0.22,
        "Normalized EBITDA": 10416000.0,
        "Total Unusual Items": NaN,
        "Total Unusual Items Excluding Goodwill": NaN,
        "Net Income From Continuing Operation Net Minority Interest": 8083000.0,
        "Reconciled Depreciation": 1193000.0,
        "Reconciled Cost Of Revenue": 73786000.0,
        "EBITDA": 10416000.0,
        "EBIT": 9223000.0,
        "Normalized Income": 8083000.0,
        "Net Income From Continuing And Discontinued Operation": 8083000.0,
        "Total Expenses": 82600000.0,
        "Total Operating Income As Reported": 9223000.0,
        "Diluted Average Shares": 7131000.0,
        "Basic Average Shares": 7131000.0,
        "Diluted EPS": 1.13,
        "Basic EPS": 1.13,
        "Diluted NI Availto Com Stockholders": 8083000.0,
        "Net Income Common Stockholders": 8083000.0,
        "Net Income": 8083000.0,
        "Net Income Including Noncontrolling Interests": 8083000.0,
        "Net Income Continuous Operations": 8083000.0,
        "Tax Provision": 2290000.0,
        "Pretax Income": 10373000.0,
        "Other Income Expense": 1150000.0,
        "Other Non Operating Income Expenses": 1150000.0,
        "Special Income Charges": NaN,
        "Impairment Of Capital Assets": NaN,
        "Operating Income": 9223000.0,
        "Operating Expense": 8000000.0,
        "Depreciation Amortization Depletion Income Statement": 379000.0,
        "Depreciation And Amortization In Income Statement": 379000.0,
        "Amortization": 379000.0,
        "Amortization Of Intangibles Income Statement": 379000.0,
        "Selling General And Administration": 7621000.0,
        "Gross Profit": 17223000.0,
        "Cost Of Revenue": 74600000.0,
        "Total Revenue": 91823000.0,
        "Operating Revenue": 91823000.0
    },
    "2024-12-31": {
        "Tax Effect Of Unusual Items": 0.0,
        "Tax Rate For Calcs": 0.139715,
        "Normalized EBITDA": 24521000.0,
        "Total Unusual Items": NaN,
        "Total Unusual Items Excluding Goodwill": NaN,
        "Net Income From Continuing Operation Net Minority Interest": 20732000.0,
        "Reconciled Depreciation": 1169000.0,
        "Reconciled Cost Of Revenue": 101110000.0,
        "EBITDA": 24521000.0,
        "EBIT": 23352000.0,
        "Normalized Income": 20732000.0,
        "Net Income From Continuing And Discontinued Operation": 20732000.0,
        "Total Expenses": 111340000.0,
        "Total Operating Income As Reported": 23352000.0,
        "Diluted Average Shares": NaN,
        "Basic Average Shares": NaN,
        "Diluted EPS": NaN,
        "Basic EPS": NaN,
        "Diluted NI Availto Com Stockholders": 20732000.0,
        "Net Income Common Stockholders": 20732000.0,
        "Net Income": 20732000.0,
        "Net Income Including Noncontrolling Interests": 20732000.0,
        "Net Income Continuous Operations": 20732000.0,
        "Tax Provision": 3367000.0,
        "Pretax Income": 24099000.0,
        "Other Income Expense": 747000.0,
        "Other Non Operating Income Expenses": 747000.0,
        "Special Income Charges": NaN,
        "Impairment Of Capital Assets": NaN,
        "Operating Income": 23352000.0,
        "Operating Expense": 9439000.0,
        "Depreciation Amortization Depletion Income Statement": 378000.0,
        "Depreciation And Amortization In Income Statement": 378000.0,
        "Amortization": 378000.0,
        "Amortization Of Intangibles Income Statement": 378000.0,
        "Selling General And Administration": 9061000.0,
        "Gross Profit": 32791000.0,
        "Cost Of Revenue": 101901000.0,
        "Total Revenue": 134692000.0,
        "Operating Revenue": 134692000.0
    },
    "2025-03-31": {
        "Tax Effect Of Unusual Items": 0.0,
        "Tax Rate For Calcs": 0.22,
        "Normalized EBITDA": 10290000.0,
        "Total Unusual Items": NaN,
        "Total Unusual Items Excluding Goodwill": NaN,
        "Net Income From Continuing Operation Net Minority Interest": 7610000.0,
        "Reconciled Depreciation": 1220000.0,
        "Reconciled Cost Of Revenue": 84687000.0,
        "EBITDA": 10290000.0,
        "EBIT": 9070000.0,
        "Normalized Income": 7610000.0,
        "Net Income From Continuing And Discontinued Operation": 7610000.0,
        "Total Expenses": 94569000.0,
        "Total Operating Income As Reported": 9070000.0,
        "Diluted Average Shares": 7137000.0,
        "Basic Average Shares": 7137000.0,
        "Diluted EPS": 1.07,
        "Basic EPS": 1.07,
        "Diluted NI Availto Com Stockholders": 7610000.0,
        "Net Income Common Stockholders": 7610000.0,
        "Net Income": 7610000.0,
        "Net Income Including Noncontrolling Interests": 7610000.0,
        "Net Income Continuous Operations": 7610000.0,
        "Tax Provision": 2198000.0,
        "Pretax Income": 9808000.0,
        "Other Income Expense": 738000.0,
        "Other Non Operating Income Expenses": 738000.0,
        "Special Income Charges": NaN,
        "Impairment Of Capital Assets": NaN,
        "Operating Income": 9070000.0,
        "Operating Expense": 9041000.0,
        "Depreciation Amortization Depletion Income Statement": 379000.0,
        "Depreciation And Amortization In Income Statement": 379000.0,
        "Amortization": 379000.0,
        "Amortization Of Intangibles Income Statement": 379000.0,
        "Selling General And Administration": 8662000.0,
        "Gross Profit": 18111000.0,
        "Cost Of Revenue": 85528000.0,
        "Total Revenue": 103639000.0,
        "Operating Revenue": 103639000.0
    },
    "2025-06-30": {
        "Tax Effect Of Unusual Items": -596727.808861,
        "Tax Rate For Calcs": 0.220928,
        "Normalized EBITDA": 12738000.0,
        "Total Unusual Items": -2701000.0,
        "Total Unusual Items Excluding Goodwill": -2701000.0,
        "Net Income From Continuing Operation Net Minority Interest": 5152000.0,
        "Reconciled Depreciation": 1240000.0,
        "Reconciled Cost Of Revenue": 101042000.0,
        "EBITDA": 10037000.0,
        "EBIT": 8797000.0,
        "Normalized Income": 7256272.191139,
        "Net Income From Continuing And Discontinued Operation": 5152000.0,
        "Total Expenses": 111652000.0,
        "Total Operating Income As Reported": 6096000.0,
        "Diluted Average Shares": 7147000.0,
        "Basic Average Shares": 7147000.0,
        "Diluted EPS": 0.72,
        "Basic EPS": 0.72,
        "Diluted NI Availto Com Stockholders": 5152000.0,
        "Net Income Common Stockholders": 5152000.0,
        "Net Income": 5152000.0,
        "Net Income Including Noncontrolling Interests": 5152000.0,
        "Net Income Continuous Operations": 5152000.0,
        "Tax Provision": 1461000.0,
        "Pretax Income": 6613000.0,
        "Other Income Expense": -2184000.0,
        "Other Non Operating Income Expenses": 517000.0,
        "Special Income Charges": -2701000.0,
        "Impairment Of Capital Assets": 2701000.0,
        "Operating Income": 8797000.0,
        "Operating Expense": 9749000.0,
        "Depreciation Amortization Depletion Income Statement": 379000.0,
        "Depreciation And Amortization In Income Statement": 379000.0,
        "Amortization": 379000.0,
        "Amortization Of Intangibles Income Statement": 379000.0,
        "Selling General And Administration": 9370000.0,
        "Gross Profit": 18546000.0,
        "Cost Of Revenue": 101903000.0,
        "Total Revenue": 120449000.0,
        "Operating Revenue": 120449000.0
    }
}