{
    "2023-03-31": {
        "Tax Effect Of Unusual Items": NaN,
        "Tax Rate For Calcs": NaN,
        "Normalized EBITDA": NaN,
        "Total Unusual Items": NaN,
        "Total Unusual Items Excluding Goodwill": NaN,
        "Net Income From Continuing Operation Net Minority Interest": NaN,
        "Reconciled Depreciation": NaN,
        "Reconciled Cost Of Revenue": NaN,
        "EBITDA": NaN,
        "EBIT": NaN,
        "Net Interest Income": NaN,
        "Interest Expense": NaN,
        "Interest Income": NaN,
        "Normalized Income": NaN,
        "Net Income From Continuing And Discontinued Operation": NaN,
        "Total Expenses": NaN,
        "Total Operating Income As Reported": NaN,
        "Diluted Average Shares": NaN,
        "Basic Average Shares": NaN,
        "Diluted EPS": NaN,
        "Basic EPS": NaN,
        "Diluted NI Availto Com Stockholders": NaN,
        "Net Income Common Stockholders": NaN,
        "Net Income": NaN,
        "Minority Interests": 0.0,
        "Net Income Including Noncontrolling Interests": NaN,
        "Net Income Discontinuous Operations": NaN,
        "Net Income Continuous Operations": NaN,
        "Tax Provision": NaN,
        "Pretax Income": NaN,
        "Other Income Expense": NaN,
        "Other Non Operating Income Expenses": NaN,
        "Special Income Charges": NaN,
        "Impairment Of Capital Assets": NaN,
        "Net Non Operating Interest Income Expense": NaN,
        "Interest Expense Non Operating": NaN,
        "Interest Income Non Operating": NaN,
        "Operating Income": NaN,
        "Operating Expense": NaN,
        "Other Operating Expenses": NaN,
        "Selling General And Administration": NaN,
        "Gross Profit": NaN,
        "Cost Of Revenue": NaN,
        "Total Revenue": NaN,
        "Operating Revenue": NaN
    },
    "2022-12-31": {
        "Tax Effect Of Unusual Items": NaN,
        "Tax Rate For Calcs": NaN,
        "Normalized EBITDA": NaN,
        "Total Unusual Items": NaN,
        "Total Unusual Items Excluding Goodwill": NaN,
        "Net Income From Continuing Operation Net Minority Interest": NaN,
        "Reconciled Depreciation": NaN,
        "Reconciled Cost Of Revenue": NaN,
        "EBITDA": NaN,
        "EBIT": NaN,
        "Net Interest Income": NaN,
        "Interest Expense": NaN,
        "Interest Income": NaN,
        "Normalized Income": NaN,
        "Net Income From Continuing And Discontinued Operation": NaN,
        "Total Expenses": NaN,
        "Total Operating Income As Reported": NaN,
        "Diluted Average Shares": NaN,
        "Basic Average Shares": NaN,
        "Diluted EPS": NaN,
        "Basic EPS": NaN,
        "Diluted NI Availto Com Stockholders": NaN,
        "Net Income Common Stockholders": NaN,
        "Net Income": NaN,
        "Minority Interests": 3600000.0,
        "Net Income Including Noncontrolling Interests": NaN,
        "Net Income Discontinuous Operations": NaN,
        "Net Income Continuous Operations": NaN,
        "Tax Provision": NaN,
        "Pretax Income": NaN,
        "Other Income Expense": NaN,
        "Other Non Operating Income Expenses": NaN,
        "Special Income Charges": NaN,
        "Impairment Of Capital Assets": NaN,
        "Net Non Operating Interest Income Expense": NaN,
        "Interest Expense Non Operating": NaN,
        "Interest Income Non Operating": NaN,
        "Operating Income": NaN,
        "Operating Expense": NaN,
        "Other Operating Expenses": NaN,
        "Selling General And Administration": NaN,
        "Gross Profit": NaN,
        "Cost Of Revenue": NaN,
        "Total Revenue": NaN,
        "Operating Revenue": NaN
    },
    "2022-09-30": {
        "Tax Effect Of Unusual Items": NaN,
        "Tax Rate For Calcs": NaN,
        "Normalized EBITDA": NaN,
        "Total Unusual Items": 0.0,
        "Total Unusual Items Excluding Goodwill": 0.0,
        "Net Income From Continuing Operation Net Minority Interest": NaN,
        "Reconciled Depreciation": NaN,
        "Reconciled Cost Of Revenue": NaN,
        "EBITDA": NaN,
        "EBIT": NaN,
        "Net Interest Income": NaN,
        "Interest Expense": NaN,
        "Interest Income": NaN,
        "Normalized Income": NaN,
        "Net Income From Continuing And Discontinued Operation": NaN,
        "Total Expenses": NaN,
        "Total Operating Income As Reported": NaN,
        "Diluted Average Shares": NaN,
        "Basic Average Shares": NaN,
        "Diluted EPS": NaN,
        "Basic EPS": NaN,
        "Diluted NI Availto Com Stockholders": NaN,
        "Net Income Common Stockholders": NaN,
        "Net Income": NaN,
        "Minority Interests": NaN,
        "Net Income Including Noncontrolling Interests": NaN,
        "Net Income Discontinuous Operations": NaN,
        "Net Income Continuous Operations": NaN,
        "Tax Provision": NaN,
        "Pretax Income": NaN,
        "Other Income Expense": NaN,
        "Other Non Operating Income Expenses": NaN,
        "Special Income Charges": 0.0,
        "Impairment Of Capital Assets": 0.0,
        "Net Non Operating Interest Income Expense": NaN,
        "Interest Expense Non Operating": NaN,
        "Interest Income Non Operating": NaN,
        "Operating Income": NaN,
        "Operating Expense": NaN,
        "Other Operating Expenses": NaN,
        "Selling General And Administration": NaN,
        "Gross Profit": NaN,
        "Cost Of Revenue": NaN,
        "Total Revenue": NaN,
        "Operating Revenue": NaN
    },
    "2022-06-30": {
        "Tax Effect Of Unusual Items": 0.0,
        "Tax Rate For Calcs": 0.160305,
        "Normalized EBITDA": 75100000.0,
        "Total Unusual Items": NaN,
        "Total Unusual Items Excluding Goodwill": NaN,
        "Net Income From Continuing Operation Net Minority Interest": 33100000.0,
        "Reconciled Depreciation": 28100000.0,
        "Reconciled Cost Of Revenue": 202800000.0,
        "EBITDA": 75100000.0,
        "EBIT": 47000000.0,
        "Net Interest Income": -7700000.0,
        "Interest Expense": 7700000.0,
        "Interest Income": 0.0,
        "Normalized Income": 33100000.0,
        "Net Income From Continuing And Discontinued Operation": 33100000.0,
        "Total Expenses": 283600000.0,
        "Total Operating Income As Reported": 49700000.0,
        "Diluted Average Shares": 20800000.0,
        "Basic Average Shares": 20800000.0,
        "Diluted EPS": 1.65,
        "Basic EPS": 1.67,
        "Diluted NI Availto Com Stockholders": 33100000.0,
        "Net Income Common Stockholders": 33100000.0,
        "Net Income": 33100000.0,
        "Minority Interests": 100000.0,
        "Net Income Including Noncontrolling Interests": 33000000.0,
        "Net Income Discontinuous Operations": NaN,
        "Net Income Continuous Operations": 33000000.0,
        "Tax Provision": 6300000.0,
        "Pretax Income": 39300000.0,
        "Other Income Expense": -2700000.0,
        "Other Non Operating Income Expenses": -2700000.0,
        "Special Income Charges": NaN,
        "Impairment Of Capital Assets": NaN,
        "Net Non Operating Interest Income Expense": -7700000.0,
        "Interest Expense Non Operating": 7700000.0,
        "Interest Income Non Operating": 0.0,
        "Operating Income": 49700000.0,
        "Operating Expense": 80800000.0,
        "Other Operating Expenses": 900000.0,
        "Selling General And Administration": 79900000.0,
        "Gross Profit": 130500000.0,
        "Cost Of Revenue": 202800000.0,
        "Total Revenue": 333300000.0,
        "Operating Revenue": 333300000.0
    },
    "2022-03-31": {
        "Diluted EPS": 0.81,
        "Total Revenue": 270,
        "Gross Profit": 95,
        "Operating Income": 22,
        "EBIT": 48,
        "Net Income": 17
    },
    "2021-12-31": {
        "Diluted EPS": 4.94,
        "Total Revenue": 53,
        "Gross Profit": 18,
        "Operating Income": -17,
        "EBIT": 0,
        "Net Income": 103
    },
    "2021-09-30": {
        "Diluted EPS": 1.35,
        "Total Revenue": 210,
        "Gross Profit": 84,
        "Operating Income": 24,
        "EBIT": 33,
        "Net Income": 28
    },
    "2021-06-30": {
        "Diluted EPS": 1.41,
        "Total Revenue": 299,
        "Gross Profit": 117,
        "Operating Income": 32,
        "EBIT": 51,
        "Net Income": 29
    },
    "2021-03-31": {
        "Diluted EPS": 0.87,
        "Total Revenue": 279,
        "Gross Profit": 109,
        "Operating Income": 27,
        "EBIT": 46,
        "Net Income": 18
    },
    "2020-12-31": {
        "Diluted EPS": -0.68,
        "Total Revenue": 2,
        "Gross Profit": 13,
        "Operating Income": 14,
        "EBIT": 19,
        "Net Income": -15
    },
    "2020-09-30": {
        "Diluted EPS": -0.96,
        "Total Revenue": 268,
        "Gross Profit": 95,
        "Operating Income": -8,
        "EBIT": 10,
        "Net Income": -20
    },
    "2020-06-30": {
        "Diluted EPS": -0.31,
        "Total Revenue": 247,
        "Gross Profit": 83,
        "Operating Income": 2,
        "EBIT": 19,
        "Net Income": -7
    },
    "2020-03-31": {
        "Diluted EPS": 10.59,
        "Total Revenue": 283,
        "Gross Profit": 95,
        "Operating Income": 21,
        "EBIT": 38,
        "Net Income": 219
    },
    "2019-12-31": {
        "Diluted EPS": 0.15,
        "Total Revenue": 287,
        "Gross Profit": 98,
        "Operating Income": -10,
        "EBIT": 10,
        "Net Income": 3
    },
    "2019-09-30": {
        "Diluted EPS": -0.08,
        "Total Revenue": 299,
        "Gross Profit": 98,
        "Operating Income": 19,
        "EBIT": 35,
        "Net Income": -2
    },
    "2019-06-30": {
        "Diluted EPS": 1.15,
        "Total Revenue": 317,
        "Gross Profit": 109,
        "Operating Income": 31,
        "EBIT": 47,
        "Net Income": 24
    },
    "2019-03-31": {
        "Diluted EPS": 0.63,
        "Total Revenue": 303,
        "Gross Profit": 100,
        "Operating Income": 17,
        "EBIT": 32,
        "Net Income": 13
    },
    "2018-12-31": {
        "Diluted EPS": -1.27,
        "Total Revenue": 124,
        "Gross Profit": 54,
        "Operating Income": -13,
        "EBIT": -1,
        "Net Income": -27
    },
    "2018-09-30": {
        "Diluted EPS": 1.16,
        "Total Revenue": 388,
        "Gross Profit": 124,
        "Operating Income": 44,
        "EBIT": 62,
        "Net Income": 24
    },
    "2018-06-30": {
        "Diluted EPS": 0.47,
        "Total Revenue": 394,
        "Gross Profit": 116,
        "Operating Income": 22,
        "EBIT": 41,
        "Net Income": 10
    },
    "2018-03-31": {
        "Diluted EPS": 0.58,
        "Total Revenue": 369,
        "Gross Profit": 125,
        "Operating Income": 32,
        "EBIT": 50,
        "Net Income": 13
    },
    "2017-12-31": {
        "Diluted EPS": 1.56,
        "Total Revenue": 154,
        "Gross Profit": 64,
        "Operating Income": -3,
        "EBIT": 10,
        "Net Income": 34
    },
    "2017-09-30": {
        "Diluted EPS": 22.49,
        "Total Revenue": 344,
        "Gross Profit": 115,
        "Operating Income": 18,
        "EBIT": 36,
        "Net Income": 490
    },
    "2017-06-30": {
        "Diluted EPS": 0.41,
        "Total Revenue": 308,
        "Gross Profit": 105,
        "Operating Income": 28,
        "EBIT": 42,
        "Net Income": 9
    },
    "2017-03-31": {
        "Diluted EPS": 0.3,
        "Total Revenue": 296,
        "Gross Profit": 102,
        "Operating Income": 28,
        "EBIT": 42,
        "Net Income": 6
    },
    "2016-12-31": {
        "Diluted EPS": -0.16,
        "Total Revenue": 287,
        "Gross Profit": 92,
        "Operating Income": 16,
        "EBIT": 30,
        "Net Income": -3
    },
    "2016-09-30": {
        "Diluted EPS": 0.28,
        "Total Revenue": 293,
        "Gross Profit": 99,
        "Operating Income": 25,
        "EBIT": 40,
        "Net Income": 6
    },
    "2016-06-30": {
        "Diluted EPS": 0.17,
        "Total Revenue": 313,
        "Gross Profit": 108,
        "Operating Income": 29,
        "EBIT": 43,
        "Net Income": 4
    },
    "2016-03-31": {
        "Diluted EPS": -2.15,
        "Total Revenue": 295,
        "Gross Profit": 98,
        "Operating Income": -72,
        "EBIT": -59,
        "Net Income": -47
    },
    "2015-12-31": {
        "Diluted EPS": 0.29,
        "Total Revenue": 322,
        "Gross Profit": 103,
        "Operating Income": 22,
        "EBIT": -11,
        "Net Income": 7
    },
    "2015-09-30": {
        "Diluted EPS": 0.51,
        "Total Revenue": 307,
        "Gross Profit": 101,
        "Operating Income": 25,
        "EBIT": 39,
        "Net Income": 11
    },
    "2015-06-30": {
        "Diluted EPS": -1.66,
        "Total Revenue": 298,
        "Gross Profit": 101,
        "Operating Income": -20,
        "EBIT": 42,
        "Net Income": -37
    },
    "2015-03-31": {
        "Diluted EPS": -0.07,
        "Total Revenue": 278,
        "Gross Profit": 90,
        "Operating Income": 11,
        "EBIT": 26,
        "Net Income": -2
    },
    "2014-12-31": {
        "Diluted EPS": 0.15,
        "Total Revenue": 316,
        "Gross Profit": 106,
        "Operating Income": -6,
        "EBIT": 9,
        "Net Income": 4
    },
    "2014-09-30": {
        "Diluted EPS": 0.33,
        "Total Revenue": 303,
        "Gross Profit": 106,
        "Operating Income": 28,
        "EBIT": 42,
        "Net Income": 9
    },
    "2014-06-30": {
        "Diluted EPS": 0.32,
        "Total Revenue": 313,
        "Gross Profit": 108,
        "Operating Income": 24,
        "EBIT": 37,
        "Net Income": 8
    },
    "2014-03-31": {
        "Diluted EPS": 0.05,
        "Total Revenue": 287,
        "Gross Profit": 97,
        "Operating Income": 17,
        "EBIT": 33,
        "Net Income": 1
    },
    "2013-12-31": {
        "Diluted EPS": 0.2,
        "Total Revenue": 276,
        "Gross Profit": 86,
        "Operating Income": 17,
        "EBIT": 25,
        "Net Income": 5
    },
    "2013-09-30": {
        "Diluted EPS": 0.23,
        "Total Revenue": 276,
        "Gross Profit": 92,
        "Operating Income": 18,
        "EBIT": 35,
        "Net Income": 6
    },
    "2013-06-30": {
        "Diluted EPS": 0.35,
        "Total Revenue": 306,
        "Gross Profit": 109,
        "Operating Income": 31,
        "EBIT": 47,
        "Net Income": 8
    },
    "2013-03-31": {
        "Diluted EPS": 0.39,
        "Total Revenue": 287,
        "Gross Profit": 94,
        "Operating Income": 21,
        "EBIT": 37,
        "Net Income": 9
    },
    "2012-12-31": {
        "Diluted EPS": 0.26,
        "Total Revenue": 279,
        "Gross Profit": 91,
        "Operating Income": 20,
        "EBIT": 37,
        "Net Income": 6
    },
    "2012-09-30": {
        "Diluted EPS": 0.53,
        "Total Revenue": 292,
        "Gross Profit": 99,
        "Operating Income": 29,
        "EBIT": 45,
        "Net Income": 11
    },
    "2012-06-30": {
        "Diluted EPS": 0.47,
        "Total Revenue": 302,
        "Gross Profit": 103,
        "Operating Income": 26,
        "EBIT": 42,
        "Net Income": 10
    },
    "2012-03-31": {
        "Diluted EPS": 0.64,
        "Total Revenue": 312,
        "Gross Profit": 107,
        "Operating Income": 32,
        "EBIT": 46,
        "Net Income": 14
    },
    "2011-12-31": {
        "Diluted EPS": 0.13,
        "Total Revenue": 271,
        "Gross Profit": 89,
        "Operating Income": 13,
        "EBIT": 28,
        "Net Income": 3
    },
    "2011-09-30": {
        "Diluted EPS": 0.66,
        "Total Revenue": 301,
        "Gross Profit": 97,
        "Operating Income": 30,
        "EBIT": 44,
        "Net Income": 14
    },
    "2011-06-30": {
        "Diluted EPS": 0.56,
        "Total Revenue": 264,
        "Gross Profit": 99,
        "Operating Income": 28,
        "EBIT": 41,
        "Net Income": 12
    },
    "2011-03-31": {
        "Diluted EPS": 0.71,
        "Total Revenue": 270,
        "Gross Profit": 94,
        "Operating Income": 31,
        "EBIT": 44,
        "Net Income": 15
    },
    "2010-12-31": {
        "Diluted EPS": 0.24,
        "Total Revenue": 192,
        "Gross Profit": 71,
        "Operating Income": 6,
        "EBIT": 17,
        "Net Income": 6
    },
    "2010-09-30": {
        "Diluted EPS": 0.24,
        "Total Revenue": 195,
        "Gross Profit": 73,
        "Operating Income": 17,
        "EBIT": 27,
        "Net Income": 5
    },
    "2010-06-30": {
        "Diluted EPS": 2.2,
        "Total Revenue": 251,
        "Gross Profit": 92,
        "Operating Income": 21,
        "EBIT": 32,
        "Net Income": 45
    },
    "2010-03-31": {
        "Diluted EPS": 4.83,
        "Total Revenue": 228,
        "Gross Profit": 89,
        "Operating Income": 11,
        "EBIT": 23,
        "Net Income": 99
    },
    "2009-12-31": {
        "Diluted EPS": -1.92,
        "Total Revenue": 223,
        "Gross Profit": 80,
        "Operating Income": -77,
        "EBIT": -65,
        "Net Income": -39
    },
    "2009-09-30": {
        "Diluted EPS": 0.09,
        "Total Revenue": 189,
        "Gross Profit": 67,
        "Operating Income": 0,
        "EBIT": 11,
        "Net Income": 2
    },
    "2009-06-30": {
        "Diluted EPS": -5.3,
        "Total Revenue": 205,
        "Gross Profit": 68,
        "Operating Income": -119,
        "EBIT": 5,
        "Net Income": -106
    },
    "2009-03-31": {
        "Diluted EPS": 0.16,
        "Total Revenue": 185,
        "Gross Profit": 64,
        "Operating Income": -8,
        "EBIT": 3,
        "Net Income": 3
    },
    "2023-06-30": {
        "Tax Effect Of Unusual Items": NaN,
        "Tax Rate For Calcs": NaN,
        "Normalized EBITDA": NaN,
        "Total Unusual Items": -60800000.0,
        "Total Unusual Items Excluding Goodwill": -60800000.0,
        "Net Income From Continuing Operation Net Minority Interest": NaN,
        "Reconciled Depreciation": NaN,
        "Reconciled Cost Of Revenue": NaN,
        "EBITDA": NaN,
        "EBIT": NaN,
        "Net Interest Income": NaN,
        "Interest Expense": NaN,
        "Interest Income": NaN,
        "Normalized Income": NaN,
        "Net Income From Continuing And Discontinued Operation": NaN,
        "Total Expenses": NaN,
        "Total Operating Income As Reported": NaN,
        "Diluted Average Shares": NaN,
        "Basic Average Shares": NaN,
        "Diluted EPS": NaN,
        "Basic EPS": NaN,
        "Diluted NI Availto Com Stockholders": NaN,
        "Net Income Common Stockholders": NaN,
        "Net Income": NaN,
        "Minority Interests": 4200000.0,
        "Net Income Including Noncontrolling Interests": NaN,
        "Net Income Discontinuous Operations": NaN,
        "Net Income Continuous Operations": NaN,
        "Tax Provision": NaN,
        "Pretax Income": NaN,
        "Other Income Expense": NaN,
        "Other Non Operating Income Expenses": NaN,
        "Special Income Charges": -60800000.0,
        "Impairment Of Capital Assets": 60800000.0,
        "Net Non Operating Interest Income Expense": NaN,
        "Interest Expense Non Operating": NaN,
        "Interest Income Non Operating": NaN,
        "Operating Income": NaN,
        "Operating Expense": NaN,
        "Other Operating Expenses": NaN,
        "Selling General And Administration": NaN,
        "Gross Profit": NaN,
        "Cost Of Revenue": NaN,
        "Total Revenue": NaN,
        "Operating Revenue": NaN
    },
    "2023-09-30": {
        "Tax Effect Of Unusual Items": NaN,
        "Tax Rate For Calcs": NaN,
        "Normalized EBITDA": NaN,
        "Total Unusual Items": 0.0,
        "Total Unusual Items Excluding Goodwill": 0.0,
        "Net Income From Continuing Operation Net Minority Interest": NaN,
        "Reconciled Depreciation": NaN,
        "Reconciled Cost Of Revenue": NaN,
        "EBITDA": NaN,
        "EBIT": NaN,
        "Net Interest Income": NaN,
        "Interest Expense": NaN,
        "Interest Income": NaN,
        "Normalized Income": NaN,
        "Net Income From Continuing And Discontinued Operation": NaN,
        "Total Expenses": NaN,
        "Total Operating Income As Reported": NaN,
        "Diluted Average Shares": NaN,
        "Basic Average Shares": NaN,
        "Diluted EPS": NaN,
        "Basic EPS": NaN,
        "Diluted NI Availto Com Stockholders": NaN,
        "Net Income Common Stockholders": NaN,
        "Net Income": NaN,
        "Minority Interests": 100000.0,
        "Net Income Including Noncontrolling Interests": NaN,
        "Net Income Discontinuous Operations": NaN,
        "Net Income Continuous Operations": NaN,
        "Tax Provision": NaN,
        "Pretax Income": NaN,
        "Other Income Expense": NaN,
        "Other Non Operating Income Expenses": NaN,
        "Special Income Charges": 0.0,
        "Impairment Of Capital Assets": 0.0,
        "Net Non Operating Interest Income Expense": NaN,
        "Interest Expense Non Operating": NaN,
        "Interest Income Non Operating": NaN,
        "Operating Income": NaN,
        "Operating Expense": NaN,
        "Other Operating Expenses": NaN,
        "Selling General And Administration": NaN,
        "Gross Profit": NaN,
        "Cost Of Revenue": NaN,
        "Total Revenue": NaN,
        "Operating Revenue": NaN
    },
    "2023-12-31": {
        "Tax Effect Of Unusual Items": NaN,
        "Tax Rate For Calcs": NaN,
        "Normalized EBITDA": NaN,
        "Total Unusual Items": 0.0,
        "Total Unusual Items Excluding Goodwill": 0.0,
        "Net Income From Continuing Operation Net Minority Interest": NaN,
        "Reconciled Depreciation": NaN,
        "Reconciled Cost Of Revenue": NaN,
        "EBITDA": NaN,
        "EBIT": NaN,
        "Net Interest Income": NaN,
        "Interest Expense": NaN,
        "Interest Income": NaN,
        "Normalized Income": NaN,
        "Net Income From Continuing And Discontinued Operation": NaN,
        "Total Expenses": NaN,
        "Total Operating Income As Reported": NaN,
        "Diluted Average Shares": NaN,
        "Basic Average Shares": NaN,
        "Diluted EPS": NaN,
        "Basic EPS": NaN,
        "Diluted NI Availto Com Stockholders": NaN,
        "Net Income Common Stockholders": NaN,
        "Net Income": NaN,
        "Minority Interests": -400000.0,
        "Net Income Including Noncontrolling Interests": NaN,
        "Net Income Discontinuous Operations": 0.0,
        "Net Income Continuous Operations": NaN,
        "Tax Provision": NaN,
        "Pretax Income": NaN,
        "Other Income Expense": NaN,
        "Other Non Operating Income Expenses": NaN,
        "Special Income Charges": 0.0,
        "Impairment Of Capital Assets": 0.0,
        "Net Non Operating Interest Income Expense": NaN,
        "Interest Expense Non Operating": NaN,
        "Interest Income Non Operating": NaN,
        "Operating Income": NaN,
        "Operating Expense": NaN,
        "Other Operating Expenses": 1900000.0,
        "Selling General And Administration": NaN,
        "Gross Profit": NaN,
        "Cost Of Revenue": NaN,
        "Total Revenue": NaN,
        "Operating Revenue": NaN
    },
    "2024-03-31": {
        "Tax Effect Of Unusual Items": 0.0,
        "Tax Rate For Calcs": 0.125874,
        "Normalized EBITDA": 49200000.0,
        "Total Unusual Items": NaN,
        "Total Unusual Items Excluding Goodwill": NaN,
        "Net Income From Continuing Operation Net Minority Interest": 12500000.0,
        "Reconciled Depreciation": 24600000.0,
        "Reconciled Cost Of Revenue": 151300000.0,
        "EBITDA": 49200000.0,
        "EBIT": 24600000.0,
        "Net Interest Income": -8200000.0,
        "Interest Expense": 10300000.0,
        "Interest Income": 2100000.0,
        "Normalized Income": 12500000.0,
        "Net Income From Continuing And Discontinued Operation": 12500000.0,
        "Total Expenses": 229500000.0,
        "Total Operating Income As Reported": 28000000.0,
        "Diluted Average Shares": 21100000.0,
        "Basic Average Shares": 20900000.0,
        "Diluted EPS": 0.59,
        "Basic EPS": 0.6,
        "Diluted NI Availto Com Stockholders": 12500000.0,
        "Net Income Common Stockholders": 12500000.0,
        "Net Income": 12500000.0,
        "Minority Interests": NaN,
        "Net Income Including Noncontrolling Interests": 12500000.0,
        "Net Income Discontinuous Operations": 0.0,
        "Net Income Continuous Operations": 12500000.0,
        "Tax Provision": 1800000.0,
        "Pretax Income": 14300000.0,
        "Other Income Expense": -5500000.0,
        "Other Non Operating Income Expenses": -5500000.0,
        "Special Income Charges": NaN,
        "Impairment Of Capital Assets": NaN,
        "Net Non Operating Interest Income Expense": -8200000.0,
        "Interest Expense Non Operating": 10300000.0,
        "Interest Income Non Operating": 2100000.0,
        "Operating Income": 28000000.0,
        "Operating Expense": 78200000.0,
        "Other Operating Expenses": 800000.0,
        "Selling General And Administration": 77400000.0,
        "Gross Profit": 106200000.0,
        "Cost Of Revenue": 151300000.0,
        "Total Revenue": 257500000.0,
        "Operating Revenue": 257500000.0
    },
    "2024-06-30": {
        "Tax Effect Of Unusual Items": 0.0,
        "Tax Rate For Calcs": 0.267,
        "Normalized EBITDA": 72300000.0,
        "Total Unusual Items": 0.0,
        "Total Unusual Items Excluding Goodwill": 0.0,
        "Net Income From Continuing Operation Net Minority Interest": 26700000.0,
        "Reconciled Depreciation": 25200000.0,
        "Reconciled Cost Of Revenue": 152900000.0,
        "EBITDA": 72300000.0,
        "EBIT": 47100000.0,
        "Net Interest Income": -9500000.0,
        "Interest Expense": 10700000.0,
        "Interest Income": 1200000.0,
        "Normalized Income": 26700000.0,
        "Net Income From Continuing And Discontinued Operation": 26700000.0,
        "Total Expenses": 223900000.0,
        "Total Operating Income As Reported": 48000000.0,
        "Diluted Average Shares": 21100000.0,
        "Basic Average Shares": 21000000.0,
        "Diluted EPS": 1.27,
        "Basic EPS": 1.27,
        "Diluted NI Availto Com Stockholders": 26700000.0,
        "Net Income Common Stockholders": 26700000.0,
        "Net Income": 26700000.0,
        "Minority Interests": 0.0,
        "Net Income Including Noncontrolling Interests": 26700000.0,
        "Net Income Discontinuous Operations": 0.0,
        "Net Income Continuous Operations": 26700000.0,
        "Tax Provision": 9700000.0,
        "Pretax Income": 36400000.0,
        "Other Income Expense": -2100000.0,
        "Other Non Operating Income Expenses": -2100000.0,
        "Special Income Charges": 0.0,
        "Impairment Of Capital Assets": 0.0,
        "Net Non Operating Interest Income Expense": -9500000.0,
        "Interest Expense Non Operating": 10700000.0,
        "Interest Income Non Operating": 1200000.0,
        "Operating Income": 48000000.0,
        "Operating Expense": 71000000.0,
        "Other Operating Expenses": 700000.0,
        "Selling General And Administration": 70300000.0,
        "Gross Profit": 119000000.0,
        "Cost Of Revenue": 152900000.0,
        "Total Revenue": 271900000.0,
        "Operating Revenue": 271900000.0
    },
    "2024-09-30": {
        "Tax Effect Of Unusual Items": 0.0,
        "Tax Rate For Calcs": 0.174,
        "Normalized EBITDA": 59600000.0,
        "Total Unusual Items": 0.0,
        "Total Unusual Items Excluding Goodwill": 0.0,
        "Net Income From Continuing Operation Net Minority Interest": 19800000.0,
        "Reconciled Depreciation": 25200000.0,
        "Reconciled Cost Of Revenue": 150600000.0,
        "EBITDA": 59600000.0,
        "EBIT": 34400000.0,
        "Net Interest Income": -9000000.0,
        "Interest Expense": 10400000.0,
        "Interest Income": 1400000.0,
        "Normalized Income": 19800000.0,
        "Net Income From Continuing And Discontinued Operation": 19800000.0,
        "Total Expenses": 226800000.0,
        "Total Operating Income As Reported": 34100000.0,
        "Diluted Average Shares": 21100000.0,
        "Basic Average Shares": 21000000.0,
        "Diluted EPS": 0.94,
        "Basic EPS": 0.94,
        "Diluted NI Availto Com Stockholders": 19800000.0,
        "Net Income Common Stockholders": 19800000.0,
        "Net Income": 19800000.0,
        "Minority Interests": 0.0,
        "Net Income Including Noncontrolling Interests": 19800000.0,
        "Net Income Discontinuous Operations": 0.0,
        "Net Income Continuous Operations": 19800000.0,
        "Tax Provision": 4200000.0,
        "Pretax Income": 24000000.0,
        "Other Income Expense": -1100000.0,
        "Other Non Operating Income Expenses": -1100000.0,
        "Special Income Charges": 0.0,
        "Impairment Of Capital Assets": 0.0,
        "Net Non Operating Interest Income Expense": -9000000.0,
        "Interest Expense Non Operating": 10400000.0,
        "Interest Income Non Operating": 1400000.0,
        "Operating Income": 34100000.0,
        "Operating Expense": 76200000.0,
        "Other Operating Expenses": 4500000.0,
        "Selling General And Administration": 71700000.0,
        "Gross Profit": 110300000.0,
        "Cost Of Revenue": 150600000.0,
        "Total Revenue": 260900000.0,
        "Operating Revenue": 260900000.0
    },
    "2024-12-31": {
        "Tax Effect Of Unusual Items": -3680203.045685,
        "Tax Rate For Calcs": 0.294416,
        "Normalized EBITDA": 67000000.0,
        "Total Unusual Items": -12500000.0,
        "Total Unusual Items Excluding Goodwill": -12500000.0,
        "Net Income From Continuing Operation Net Minority Interest": 13900000.0,
        "Reconciled Depreciation": 25300000.0,
        "Reconciled Cost Of Revenue": 149100000.0,
        "EBITDA": 54500000.0,
        "EBIT": 29200000.0,
        "Net Interest Income": -7800000.0,
        "Interest Expense": 9500000.0,
        "Interest Income": 1700000.0,
        "Normalized Income": 22719796.954315,
        "Net Income From Continuing And Discontinued Operation": 13900000.0,
        "Total Expenses": 220000000.0,
        "Total Operating Income As Reported": 32200000.0,
        "Diluted Average Shares": 21200000.0,
        "Basic Average Shares": 21000000.0,
        "Diluted EPS": 0.66,
        "Basic EPS": 0.66,
        "Diluted NI Availto Com Stockholders": 13900000.0,
        "Net Income Common Stockholders": 13900000.0,
        "Net Income": 13900000.0,
        "Minority Interests": 0.0,
        "Net Income Including Noncontrolling Interests": 13900000.0,
        "Net Income Discontinuous Operations": 0.0,
        "Net Income Continuous Operations": 13900000.0,
        "Tax Provision": 5800000.0,
        "Pretax Income": 19700000.0,
        "Other Income Expense": -10900000.0,
        "Other Non Operating Income Expenses": 1600000.0,
        "Special Income Charges": -10700000.0,
        "Impairment Of Capital Assets": 3400000.0,
        "Net Non Operating Interest Income Expense": -7800000.0,
        "Interest Expense Non Operating": 9500000.0,
        "Interest Income Non Operating": 1700000.0,
        "Operating Income": 38400000.0,
        "Operating Expense": 70900000.0,
        "Other Operating Expenses": NaN,
        "Selling General And Administration": 76900000.0,
        "Gross Profit": 109300000.0,
        "Cost Of Revenue": 149100000.0,
        "Total Revenue": 258400000.0,
        "Operating Revenue": 258400000.0
    },
    "2025-03-31": {
        "Tax Effect Of Unusual Items": 0.0,
        "Tax Rate For Calcs": 0.241486,
        "Normalized EBITDA": 66700000.0,
        "Total Unusual Items": NaN,
        "Total Unusual Items Excluding Goodwill": NaN,
        "Net Income From Continuing Operation Net Minority Interest": 24500000.0,
        "Reconciled Depreciation": 25200000.0,
        "Reconciled Cost Of Revenue": 155000000.0,
        "EBITDA": 66700000.0,
        "EBIT": 41500000.0,
        "Net Interest Income": -8000000.0,
        "Interest Expense": 9200000.0,
        "Interest Income": 1200000.0,
        "Normalized Income": 24500000.0,
        "Net Income From Continuing And Discontinued Operation": 24500000.0,
        "Total Expenses": 231400000.0,
        "Total Operating Income As Reported": 41800000.0,
        "Diluted Average Shares": 21200000.0,
        "Basic Average Shares": 21000000.0,
        "Diluted EPS": 1.15,
        "Basic EPS": 1.16,
        "Diluted NI Availto Com Stockholders": 24500000.0,
        "Net Income Common Stockholders": 24500000.0,
        "Net Income": 24500000.0,
        "Minority Interests": NaN,
        "Net Income Including Noncontrolling Interests": 24500000.0,
        "Net Income Discontinuous Operations": NaN,
        "Net Income Continuous Operations": 24500000.0,
        "Tax Provision": 7800000.0,
        "Pretax Income": 32300000.0,
        "Other Income Expense": -1500000.0,
        "Other Non Operating Income Expenses": -1500000.0,
        "Special Income Charges": NaN,
        "Impairment Of Capital Assets": NaN,
        "Net Non Operating Interest Income Expense": -8000000.0,
        "Interest Expense Non Operating": 9200000.0,
        "Interest Income Non Operating": 1200000.0,
        "Operating Income": 41800000.0,
        "Operating Expense": 76400000.0,
        "Other Operating Expenses": 600000.0,
        "Selling General And Administration": 75800000.0,
        "Gross Profit": 118200000.0,
        "Cost Of Revenue": 155000000.0,
        "Total Revenue": 273200000.0,
        "Operating Revenue": 273200000.0
    }
}