{
    "2023-03-31": {
        "Tax Effect Of Unusual Items": 0.0,
        "Tax Rate For Calcs": 0.227,
        "Normalized EBITDA": 10646000.0,
        "Net Income From Continuing Operation Net Minority Interest": 6964000.0,
        "Reconciled Depreciation": 1394000.0,
        "Reconciled Cost Of Revenue": 14280000.0,
        "EBITDA": 10646000.0,
        "EBIT": 9252000.0,
        "Net Interest Income": 9000.0,
        "Interest Expense": 241000.0,
        "Interest Income": 250000.0,
        "Normalized Income": 6964000.0,
        "Net Income From Continuing And Discontinued Operation": 6964000.0,
        "Total Expenses": 27457000.0,
        "Total Operating Income As Reported": 9016000.0,
        "Diluted Average Shares": 24738000.0,
        "Basic Average Shares": 24585000.0,
        "Diluted EPS": 0.28,
        "Basic EPS": 0.28,
        "Diluted NI Availto Com Stockholders": 6964000.0,
        "Net Income Common Stockholders": 6964000.0,
        "Otherunder Preferred Stock Dividend": NaN,
        "Net Income": 6964000.0,
        "Net Income Including Noncontrolling Interests": 6964000.0,
        "Net Income Continuous Operations": 6964000.0,
        "Tax Provision": 2047000.0,
        "Pretax Income": 9011000.0,
        "Other Income Expense": -14000.0,
        "Other Non Operating Income Expenses": -14000.0,
        "Net Non Operating Interest Income Expense": 9000.0,
        "Interest Expense Non Operating": 241000.0,
        "Interest Income Non Operating": 250000.0,
        "Operating Income": 9016000.0,
        "Operating Expense": 13177000.0,
        "Depreciation Amortization Depletion Income Statement": 1394000.0,
        "Depreciation And Amortization In Income Statement": 1394000.0,
        "Selling General And Administration": 11783000.0,
        "Gross Profit": 22193000.0,
        "Cost Of Revenue": 14280000.0,
        "Total Revenue": 36473000.0,
        "Operating Revenue": 36473000.0
    },
    "2022-12-31": {
        "Tax Effect Of Unusual Items": NaN,
        "Tax Rate For Calcs": NaN,
        "Normalized EBITDA": NaN,
        "Net Income From Continuing Operation Net Minority Interest": NaN,
        "Reconciled Depreciation": NaN,
        "Reconciled Cost Of Revenue": NaN,
        "EBITDA": NaN,
        "EBIT": NaN,
        "Net Interest Income": NaN,
        "Interest Expense": NaN,
        "Interest Income": NaN,
        "Normalized Income": NaN,
        "Net Income From Continuing And Discontinued Operation": NaN,
        "Total Expenses": NaN,
        "Total Operating Income As Reported": NaN,
        "Diluted Average Shares": NaN,
        "Basic Average Shares": NaN,
        "Diluted EPS": NaN,
        "Basic EPS": NaN,
        "Diluted NI Availto Com Stockholders": NaN,
        "Net Income Common Stockholders": NaN,
        "Otherunder Preferred Stock Dividend": 4000.0,
        "Net Income": NaN,
        "Net Income Including Noncontrolling Interests": NaN,
        "Net Income Continuous Operations": NaN,
        "Tax Provision": NaN,
        "Pretax Income": NaN,
        "Other Income Expense": NaN,
        "Other Non Operating Income Expenses": NaN,
        "Net Non Operating Interest Income Expense": NaN,
        "Interest Expense Non Operating": NaN,
        "Interest Income Non Operating": NaN,
        "Operating Income": NaN,
        "Operating Expense": NaN,
        "Depreciation Amortization Depletion Income Statement": NaN,
        "Depreciation And Amortization In Income Statement": NaN,
        "Selling General And Administration": NaN,
        "Gross Profit": NaN,
        "Cost Of Revenue": NaN,
        "Total Revenue": NaN,
        "Operating Revenue": NaN
    },
    "2022-09-30": {
        "Tax Effect Of Unusual Items": NaN,
        "Tax Rate For Calcs": NaN,
        "Normalized EBITDA": NaN,
        "Net Income From Continuing Operation Net Minority Interest": NaN,
        "Reconciled Depreciation": NaN,
        "Reconciled Cost Of Revenue": NaN,
        "EBITDA": NaN,
        "EBIT": NaN,
        "Net Interest Income": NaN,
        "Interest Expense": NaN,
        "Interest Income": NaN,
        "Normalized Income": NaN,
        "Net Income From Continuing And Discontinued Operation": NaN,
        "Total Expenses": NaN,
        "Total Operating Income As Reported": NaN,
        "Diluted Average Shares": NaN,
        "Basic Average Shares": NaN,
        "Diluted EPS": NaN,
        "Basic EPS": NaN,
        "Diluted NI Availto Com Stockholders": NaN,
        "Net Income Common Stockholders": NaN,
        "Otherunder Preferred Stock Dividend": 4000.0,
        "Net Income": NaN,
        "Net Income Including Noncontrolling Interests": NaN,
        "Net Income Continuous Operations": NaN,
        "Tax Provision": NaN,
        "Pretax Income": NaN,
        "Other Income Expense": NaN,
        "Other Non Operating Income Expenses": NaN,
        "Net Non Operating Interest Income Expense": NaN,
        "Interest Expense Non Operating": NaN,
        "Interest Income Non Operating": NaN,
        "Operating Income": NaN,
        "Operating Expense": NaN,
        "Depreciation Amortization Depletion Income Statement": NaN,
        "Depreciation And Amortization In Income Statement": NaN,
        "Selling General And Administration": NaN,
        "Gross Profit": NaN,
        "Cost Of Revenue": NaN,
        "Total Revenue": NaN,
        "Operating Revenue": NaN
    },
    "2022-06-30": {
        "Tax Effect Of Unusual Items": 0.0,
        "Tax Rate For Calcs": 0.248,
        "Normalized EBITDA": 12672000.0,
        "Total Unusual Items": NaN,
        "Total Unusual Items Excluding Goodwill": NaN,
        "Net Income From Continuing Operation Net Minority Interest": 8322000.0,
        "Reconciled Depreciation": 1290000.0,
        "Reconciled Cost Of Revenue": 13758000.0,
        "EBITDA": 12672000.0,
        "EBIT": 11382000.0,
        "Net Interest Income": -304000.0,
        "Interest Expense": 318000.0,
        "Interest Income": 14000.0,
        "Normalized Income": 8322000.0,
        "Net Income From Continuing And Discontinued Operation": 8322000.0,
        "Total Expenses": 25796000.0,
        "Total Operating Income As Reported": 11496000.0,
        "Diluted Average Shares": 25211000.0,
        "Basic Average Shares": 25083000.0,
        "Diluted EPS": 0.33,
        "Basic EPS": 0.33,
        "Diluted NI Availto Com Stockholders": 8322000.0,
        "Net Income Common Stockholders": 8322000.0,
        "Otherunder Preferred Stock Dividend": NaN,
        "Net Income": 8322000.0,
        "Net Income Including Noncontrolling Interests": 8322000.0,
        "Net Income Continuous Operations": 8322000.0,
        "Tax Provision": 2742000.0,
        "Pretax Income": 11064000.0,
        "Other Income Expense": -128000.0,
        "Other Non Operating Income Expenses": -128000.0,
        "Gain On Sale Of Security": NaN,
        "Net Non Operating Interest Income Expense": -304000.0,
        "Interest Expense Non Operating": 318000.0,
        "Interest Income Non Operating": 14000.0,
        "Operating Income": 11496000.0,
        "Operating Expense": 12038000.0,
        "Depreciation Amortization Depletion Income Statement": 1290000.0,
        "Depreciation And Amortization In Income Statement": 1290000.0,
        "Selling General And Administration": 10748000.0,
        "Gross Profit": 23534000.0,
        "Cost Of Revenue": 13758000.0,
        "Total Revenue": 37292000.0,
        "Operating Revenue": 37292000.0
    },
    "2022-03-31": {
        "Diluted EPS": 0.34,
        "Total Revenue": 38,
        "Gross Profit": 24,
        "Operating Income": 12,
        "EBIT": 13,
        "Net Income": 9
    },
    "2021-12-31": {
        "Diluted EPS": 0.37,
        "Total Revenue": 38,
        "Gross Profit": 24,
        "Operating Income": 13,
        "EBIT": 14,
        "Net Income": 10
    },
    "2021-09-30": {
        "Diluted EPS": 0.38,
        "Total Revenue": 38,
        "Gross Profit": 24,
        "Operating Income": 13,
        "EBIT": 15,
        "Net Income": 10
    },
    "2021-06-30": {
        "Diluted EPS": 0.35,
        "Total Revenue": 36,
        "Gross Profit": 24,
        "Operating Income": 12,
        "EBIT": 14,
        "Net Income": 9
    },
    "2021-03-31": {
        "Diluted EPS": 0.36,
        "Total Revenue": 35,
        "Gross Profit": 24,
        "Operating Income": 12,
        "EBIT": 14,
        "Net Income": 9
    },
    "2020-12-31": {
        "Diluted EPS": 0.32,
        "Total Revenue": 35,
        "Gross Profit": 22,
        "Operating Income": 10,
        "EBIT": 13,
        "Net Income": 8
    },
    "2020-09-30": {
        "Diluted EPS": 0.37,
        "Total Revenue": 34,
        "Gross Profit": 22,
        "Operating Income": 12,
        "EBIT": 14,
        "Net Income": 10
    },
    "2020-06-30": {
        "Diluted EPS": 0.3,
        "Total Revenue": 31,
        "Gross Profit": 20,
        "Operating Income": 9,
        "EBIT": 11,
        "Net Income": 8
    },
    "2020-03-31": {
        "Diluted EPS": 0.46,
        "Total Revenue": 34,
        "Gross Profit": 21,
        "Operating Income": 11,
        "EBIT": 13,
        "Net Income": 12
    },
    "2019-12-31": {
        "Diluted EPS": 0.34,
        "Total Revenue": 33,
        "Gross Profit": 21,
        "Operating Income": 12,
        "EBIT": 13,
        "Net Income": 9
    },
    "2019-09-30": {
        "Diluted EPS": 0.31,
        "Total Revenue": 32,
        "Gross Profit": 20,
        "Operating Income": 10,
        "EBIT": 12,
        "Net Income": 8
    },
    "2019-06-30": {
        "Diluted EPS": 0.29,
        "Total Revenue": 31,
        "Gross Profit": 20,
        "Operating Income": 10,
        "EBIT": 12,
        "Net Income": 7
    },
    "2019-03-31": {
        "Diluted EPS": 0.32,
        "Total Revenue": 31,
        "Gross Profit": 20,
        "Operating Income": 11,
        "EBIT": 12,
        "Net Income": 8
    },
    "2018-12-31": {
        "Diluted EPS": 0.23,
        "Total Revenue": 31,
        "Gross Profit": 19,
        "Operating Income": 9,
        "EBIT": 11,
        "Net Income": 8
    },
    "2018-09-30": {
        "Diluted EPS": 0.27,
        "Total Revenue": 30,
        "Gross Profit": 18,
        "Operating Income": 9,
        "EBIT": 11,
        "Net Income": 7
    },
    "2018-06-30": {
        "Diluted EPS": 0.28,
        "Total Revenue": 28,
        "Gross Profit": 17,
        "Operating Income": 8,
        "EBIT": 9,
        "Net Income": 8
    },
    "2018-03-31": {
        "Diluted EPS": 0.29,
        "Total Revenue": 31,
        "Gross Profit": 18,
        "Operating Income": 9,
        "EBIT": 10,
        "Net Income": 7
    },
    "2017-12-31": {
        "Diluted EPS": 0.26,
        "Total Revenue": 30,
        "Gross Profit": 18,
        "Operating Income": 9,
        "EBIT": 10,
        "Net Income": 7
    },
    "2017-09-30": {
        "Diluted EPS": 0.16,
        "Total Revenue": 29,
        "Gross Profit": 17,
        "Operating Income": 7,
        "EBIT": 8,
        "Net Income": 4
    },
    "2017-06-30": {
        "Diluted EPS": 0.23,
        "Total Revenue": 28,
        "Gross Profit": 16,
        "Operating Income": 8,
        "EBIT": 10,
        "Net Income": 6
    },
    "2017-03-31": {
        "Diluted EPS": 0.26,
        "Total Revenue": 30,
        "Gross Profit": 18,
        "Operating Income": 10,
        "EBIT": 11,
        "Net Income": 7
    },
    "2016-12-31": {
        "Diluted EPS": 0.23,
        "Total Revenue": 28,
        "Gross Profit": 17,
        "Operating Income": 9,
        "EBIT": 10,
        "Net Income": 6
    },
    "2016-09-30": {
        "Diluted EPS": 0.19,
        "Total Revenue": 27,
        "Gross Profit": 16,
        "Operating Income": 7,
        "EBIT": 8,
        "Net Income": 5
    },
    "2016-06-30": {
        "Diluted EPS": 0.19,
        "Total Revenue": 26,
        "Gross Profit": 15,
        "Operating Income": 7,
        "EBIT": 8,
        "Net Income": 5
    },
    "2016-03-31": {
        "Diluted EPS": 0.22,
        "Total Revenue": 28,
        "Gross Profit": 16,
        "Operating Income": 8,
        "EBIT": 9,
        "Net Income": 6
    },
    "2015-12-31": {
        "Diluted EPS": 0.24,
        "Total Revenue": 26,
        "Gross Profit": 15,
        "Operating Income": 8,
        "EBIT": 9,
        "Net Income": 6
    },
    "2015-09-30": {
        "Diluted EPS": 0.17,
        "Total Revenue": 25,
        "Gross Profit": 14,
        "Operating Income": 7,
        "EBIT": 8,
        "Net Income": 4
    },
    "2015-06-30": {
        "Diluted EPS": 0.17,
        "Total Revenue": 24,
        "Gross Profit": 14,
        "Operating Income": 6,
        "EBIT": 7,
        "Net Income": 4
    },
    "2015-03-31": {
        "Diluted EPS": 0.14,
        "Total Revenue": 26,
        "Gross Profit": 14,
        "Operating Income": 6,
        "EBIT": 7,
        "Net Income": 3
    },
    "2014-12-31": {
        "Diluted EPS": 0.17,
        "Total Revenue": 25,
        "Gross Profit": 14,
        "Operating Income": 6,
        "EBIT": 7,
        "Net Income": 4
    },
    "2014-09-30": {
        "Diluted EPS": 0.19,
        "Total Revenue": 24,
        "Gross Profit": 14,
        "Operating Income": 7,
        "EBIT": 8,
        "Net Income": 5
    },
    "2014-06-30": {
        "Diluted EPS": 0.16,
        "Total Revenue": 24,
        "Gross Profit": 13,
        "Operating Income": 6,
        "EBIT": 7,
        "Net Income": 4
    },
    "2014-03-31": {
        "Diluted EPS": 0.22,
        "Total Revenue": 26,
        "Gross Profit": 16,
        "Operating Income": 8,
        "EBIT": 9,
        "Net Income": 5
    },
    "2013-12-31": {
        "Diluted EPS": 0.16,
        "Total Revenue": 23,
        "Gross Profit": 13,
        "Operating Income": 6,
        "EBIT": 7,
        "Net Income": 4
    },
    "2013-09-30": {
        "Diluted EPS": 0.15,
        "Total Revenue": 22,
        "Gross Profit": 13,
        "Operating Income": 6,
        "EBIT": 7,
        "Net Income": 4
    },
    "2013-06-30": {
        "Diluted EPS": 0.14,
        "Total Revenue": 22,
        "Gross Profit": 13,
        "Operating Income": 6,
        "EBIT": 6,
        "Net Income": 3
    },
    "2013-03-31": {
        "Diluted EPS": 0.18,
        "Total Revenue": 25,
        "Gross Profit": 15,
        "Operating Income": 7,
        "EBIT": 8,
        "Net Income": 4
    },
    "2012-12-31": {
        "Diluted EPS": -0.25,
        "Total Revenue": 22,
        "Gross Profit": 13,
        "Operating Income": 6,
        "EBIT": 7,
        "Net Income": 4
    },
    "2012-09-30": {
        "Diluted EPS": 0.15,
        "Total Revenue": 21,
        "Gross Profit": 13,
        "Operating Income": 6,
        "EBIT": 7,
        "Net Income": 4
    },
    "2012-06-30": {
        "Diluted EPS": 0.16,
        "Total Revenue": 21,
        "Gross Profit": 12,
        "Operating Income": 5,
        "EBIT": 6,
        "Net Income": 4
    },
    "2012-03-31": {
        "Diluted EPS": 0.56,
        "Total Revenue": 22,
        "Gross Profit": 13,
        "Operating Income": 6,
        "EBIT": 7,
        "Net Income": 4
    },
    "2011-12-31": {
        "Diluted EPS": -0.76,
        "Total Revenue": 19,
        "Gross Profit": 12,
        "Operating Income": 5,
        "EBIT": 6,
        "Net Income": 3
    },
    "2011-09-30": {
        "Diluted EPS": 0.39,
        "Total Revenue": 19,
        "Gross Profit": 11,
        "Operating Income": 4,
        "EBIT": 6,
        "Net Income": 3
    },
    "2011-06-30": {
        "Diluted EPS": 0.34,
        "Total Revenue": 18,
        "Gross Profit": 11,
        "Operating Income": 4,
        "EBIT": 5,
        "Net Income": 2
    },
    "2011-03-31": {
        "Diluted EPS": 0.51,
        "Total Revenue": 20,
        "Gross Profit": 13,
        "Operating Income": 6,
        "EBIT": 7,
        "Net Income": 3
    },
    "2010-12-31": {
        "Diluted EPS": 0.22,
        "Total Revenue": 16,
        "Gross Profit": 10,
        "Operating Income": 2,
        "EBIT": 4,
        "Net Income": 2
    },
    "2010-09-30": {
        "Diluted EPS": 0.32,
        "Total Revenue": 16,
        "Gross Profit": 10,
        "Operating Income": 3,
        "EBIT": 5,
        "Net Income": 2
    },
    "2010-06-30": {
        "Diluted EPS": 0.25,
        "Total Revenue": 14,
        "Gross Profit": 8,
        "Operating Income": 3,
        "EBIT": 4,
        "Net Income": 2
    },
    "2010-03-31": {
        "Diluted EPS": 0.47,
        "Total Revenue": 17,
        "Gross Profit": 11,
        "Operating Income": 5,
        "EBIT": 6,
        "Net Income": 3
    },
    "2009-12-31": {
        "Diluted EPS": 0.33,
        "Total Revenue": 14,
        "Gross Profit": 9,
        "Operating Income": 3,
        "EBIT": 4,
        "Net Income": 2
    },
    "2009-09-30": {
        "Diluted EPS": 0.3,
        "Total Revenue": 14,
        "Gross Profit": 8,
        "Operating Income": 3,
        "EBIT": 4,
        "Net Income": 2
    },
    "2009-06-30": {
        "Diluted EPS": 0.24,
        "Total Revenue": 14,
        "Gross Profit": 7,
        "Operating Income": 3,
        "EBIT": 4,
        "Net Income": 2
    },
    "2009-03-31": {
        "Diluted EPS": 0.39,
        "Total Revenue": 17,
        "Gross Profit": 9,
        "Operating Income": 4,
        "EBIT": 5,
        "Net Income": 3
    },
    "2023-06-30": {
        "Tax Effect Of Unusual Items": 0.0,
        "Tax Rate For Calcs": 0.229881,
        "Normalized EBITDA": 11157000.0,
        "Net Income From Continuing Operation Net Minority Interest": 7273000.0,
        "Reconciled Depreciation": 1521000.0,
        "Reconciled Cost Of Revenue": 13309000.0,
        "EBITDA": 11157000.0,
        "EBIT": 9636000.0,
        "Net Interest Income": 81000.0,
        "Interest Expense": 192000.0,
        "Interest Income": 273000.0,
        "Normalized Income": 7273000.0,
        "Net Income From Continuing And Discontinued Operation": 7273000.0,
        "Total Expenses": 26796000.0,
        "Total Operating Income As Reported": 9365000.0,
        "Diluted Average Shares": 24716000.0,
        "Basic Average Shares": 24578000.0,
        "Diluted EPS": 0.29,
        "Basic EPS": 0.3,
        "Diluted NI Availto Com Stockholders": 7273000.0,
        "Net Income Common Stockholders": 7273000.0,
        "Otherunder Preferred Stock Dividend": NaN,
        "Net Income": 7273000.0,
        "Net Income Including Noncontrolling Interests": 7273000.0,
        "Net Income Continuous Operations": 7273000.0,
        "Tax Provision": 2171000.0,
        "Pretax Income": 9444000.0,
        "Other Income Expense": -2000.0,
        "Other Non Operating Income Expenses": -2000.0,
        "Net Non Operating Interest Income Expense": 81000.0,
        "Interest Expense Non Operating": 192000.0,
        "Interest Income Non Operating": 273000.0,
        "Operating Income": 9365000.0,
        "Operating Expense": 13487000.0,
        "Depreciation Amortization Depletion Income Statement": 1521000.0,
        "Depreciation And Amortization In Income Statement": 1521000.0,
        "Selling General And Administration": 11966000.0,
        "Gross Profit": 22852000.0,
        "Cost Of Revenue": 13309000.0,
        "Total Revenue": 36161000.0,
        "Operating Revenue": 36161000.0
    },
    "2023-09-30": {
        "Tax Effect Of Unusual Items": NaN,
        "Tax Rate For Calcs": NaN,
        "Normalized EBITDA": NaN,
        "Net Income From Continuing Operation Net Minority Interest": NaN,
        "Reconciled Depreciation": NaN,
        "Reconciled Cost Of Revenue": NaN,
        "EBITDA": NaN,
        "EBIT": NaN,
        "Net Interest Income": NaN,
        "Interest Expense": NaN,
        "Interest Income": NaN,
        "Normalized Income": NaN,
        "Net Income From Continuing And Discontinued Operation": NaN,
        "Total Expenses": NaN,
        "Total Operating Income As Reported": NaN,
        "Diluted Average Shares": NaN,
        "Basic Average Shares": NaN,
        "Diluted EPS": NaN,
        "Basic EPS": NaN,
        "Diluted NI Availto Com Stockholders": NaN,
        "Net Income Common Stockholders": NaN,
        "Otherunder Preferred Stock Dividend": 2000.0,
        "Net Income": NaN,
        "Net Income Including Noncontrolling Interests": NaN,
        "Net Income Continuous Operations": NaN,
        "Tax Provision": NaN,
        "Pretax Income": NaN,
        "Other Income Expense": NaN,
        "Other Non Operating Income Expenses": NaN,
        "Net Non Operating Interest Income Expense": NaN,
        "Interest Expense Non Operating": NaN,
        "Interest Income Non Operating": NaN,
        "Operating Income": NaN,
        "Operating Expense": NaN,
        "Depreciation Amortization Depletion Income Statement": NaN,
        "Depreciation And Amortization In Income Statement": NaN,
        "Selling General And Administration": NaN,
        "Gross Profit": NaN,
        "Cost Of Revenue": NaN,
        "Total Revenue": NaN,
        "Operating Revenue": NaN
    },
    "2023-12-31": {
        "Tax Effect Of Unusual Items": NaN,
        "Tax Rate For Calcs": NaN,
        "Normalized EBITDA": NaN,
        "Net Income From Continuing Operation Net Minority Interest": NaN,
        "Reconciled Depreciation": NaN,
        "Reconciled Cost Of Revenue": NaN,
        "EBITDA": NaN,
        "EBIT": NaN,
        "Net Interest Income": NaN,
        "Interest Expense": NaN,
        "Interest Income": NaN,
        "Normalized Income": NaN,
        "Net Income From Continuing And Discontinued Operation": NaN,
        "Total Expenses": NaN,
        "Total Operating Income As Reported": NaN,
        "Diluted Average Shares": NaN,
        "Basic Average Shares": NaN,
        "Diluted EPS": NaN,
        "Basic EPS": NaN,
        "Diluted NI Availto Com Stockholders": NaN,
        "Net Income Common Stockholders": NaN,
        "Otherunder Preferred Stock Dividend": 3000.0,
        "Net Income": NaN,
        "Net Income Including Noncontrolling Interests": NaN,
        "Net Income Continuous Operations": NaN,
        "Tax Provision": NaN,
        "Pretax Income": NaN,
        "Other Income Expense": NaN,
        "Other Non Operating Income Expenses": NaN,
        "Net Non Operating Interest Income Expense": NaN,
        "Interest Expense Non Operating": NaN,
        "Interest Income Non Operating": NaN,
        "Operating Income": NaN,
        "Operating Expense": NaN,
        "Depreciation Amortization Depletion Income Statement": NaN,
        "Depreciation And Amortization In Income Statement": NaN,
        "Selling General And Administration": NaN,
        "Gross Profit": NaN,
        "Cost Of Revenue": NaN,
        "Total Revenue": NaN,
        "Operating Revenue": NaN
    },
    "2024-03-31": {
        "Tax Effect Of Unusual Items": 0.0,
        "Tax Rate For Calcs": 0.223944,
        "Normalized EBITDA": 10246000.0,
        "Net Income From Continuing Operation Net Minority Interest": 6359000.0,
        "Reconciled Depreciation": 1447000.0,
        "Reconciled Cost Of Revenue": 13856000.0,
        "EBITDA": 10246000.0,
        "EBIT": 8799000.0,
        "Net Interest Income": -561000.0,
        "Interest Expense": 605000.0,
        "Interest Income": 44000.0,
        "Normalized Income": 6359000.0,
        "Net Income From Continuing And Discontinued Operation": 6359000.0,
        "Total Expenses": 26553000.0,
        "Total Operating Income As Reported": 8760000.0,
        "Diluted Average Shares": 23963000.0,
        "Basic Average Shares": 23868000.0,
        "Diluted EPS": 0.27,
        "Basic EPS": 0.27,
        "Diluted NI Availto Com Stockholders": 6359000.0,
        "Net Income Common Stockholders": 6359000.0,
        "Otherunder Preferred Stock Dividend": NaN,
        "Net Income": 6359000.0,
        "Net Income Including Noncontrolling Interests": 6359000.0,
        "Net Income Continuous Operations": 6359000.0,
        "Tax Provision": 1835000.0,
        "Pretax Income": 8194000.0,
        "Other Income Expense": -5000.0,
        "Other Non Operating Income Expenses": -5000.0,
        "Net Non Operating Interest Income Expense": -561000.0,
        "Interest Expense Non Operating": 605000.0,
        "Interest Income Non Operating": 44000.0,
        "Operating Income": 8760000.0,
        "Operating Expense": 12697000.0,
        "Depreciation Amortization Depletion Income Statement": 1447000.0,
        "Depreciation And Amortization In Income Statement": 1447000.0,
        "Selling General And Administration": 11250000.0,
        "Gross Profit": 21457000.0,
        "Cost Of Revenue": 13856000.0,
        "Total Revenue": 35313000.0,
        "Operating Revenue": 35313000.0
    },
    "2024-06-30": {
        "Tax Effect Of Unusual Items": 0.0,
        "Tax Rate For Calcs": 0.258169,
        "Normalized EBITDA": 10392000.0,
        "Net Income From Continuing Operation Net Minority Interest": 6175000.0,
        "Reconciled Depreciation": 1513000.0,
        "Reconciled Cost Of Revenue": 13422000.0,
        "EBITDA": 10392000.0,
        "EBIT": 8879000.0,
        "Net Interest Income": -530000.0,
        "Interest Expense": 555000.0,
        "Interest Income": 25000.0,
        "Normalized Income": 6175000.0,
        "Net Income From Continuing And Discontinued Operation": 6175000.0,
        "Total Expenses": 26156000.0,
        "Total Operating Income As Reported": 8865000.0,
        "Diluted Average Shares": NaN,
        "Basic Average Shares": NaN,
        "Diluted EPS": NaN,
        "Basic EPS": NaN,
        "Diluted NI Availto Com Stockholders": 6175000.0,
        "Net Income Common Stockholders": 6175000.0,
        "Net Income": 6175000.0,
        "Net Income Including Noncontrolling Interests": 6175000.0,
        "Net Income Continuous Operations": 6175000.0,
        "Tax Provision": 2149000.0,
        "Pretax Income": 8324000.0,
        "Other Income Expense": -11000.0,
        "Other Non Operating Income Expenses": -11000.0,
        "Net Non Operating Interest Income Expense": -530000.0,
        "Interest Expense Non Operating": 555000.0,
        "Interest Income Non Operating": 25000.0,
        "Operating Income": 8865000.0,
        "Operating Expense": 12734000.0,
        "Depreciation Amortization Depletion Income Statement": 1513000.0,
        "Depreciation And Amortization In Income Statement": 1513000.0,
        "Selling General And Administration": 11221000.0,
        "Gross Profit": 21599000.0,
        "Cost Of Revenue": 13422000.0,
        "Total Revenue": 35021000.0,
        "Operating Revenue": 35021000.0
    },
    "2024-09-30": {
        "Tax Effect Of Unusual Items": 0.0,
        "Tax Rate For Calcs": 0.22,
        "Normalized EBITDA": 9548000.0,
        "Net Income From Continuing Operation Net Minority Interest": 5688000.0,
        "Reconciled Depreciation": 1546000.0,
        "Reconciled Cost Of Revenue": 15305000.0,
        "EBITDA": 9548000.0,
        "EBIT": 8002000.0,
        "Net Interest Income": -672000.0,
        "Interest Expense": 706000.0,
        "Interest Income": 34000.0,
        "Normalized Income": 5688000.0,
        "Net Income From Continuing And Discontinued Operation": 5688000.0,
        "Total Expenses": 27839000.0,
        "Total Operating Income As Reported": 7980000.0,
        "Diluted Average Shares": 23745000.0,
        "Basic Average Shares": 23721000.0,
        "Diluted EPS": 0.24,
        "Basic EPS": 0.24,
        "Diluted NI Availto Com Stockholders": 5688000.0,
        "Net Income Common Stockholders": 5688000.0,
        "Net Income": 5688000.0,
        "Net Income Including Noncontrolling Interests": 5688000.0,
        "Net Income Continuous Operations": 5688000.0,
        "Tax Provision": 1608000.0,
        "Pretax Income": 7296000.0,
        "Other Income Expense": -12000.0,
        "Other Non Operating Income Expenses": -12000.0,
        "Net Non Operating Interest Income Expense": -672000.0,
        "Interest Expense Non Operating": 706000.0,
        "Interest Income Non Operating": 34000.0,
        "Operating Income": 7980000.0,
        "Operating Expense": 12534000.0,
        "Depreciation Amortization Depletion Income Statement": 1546000.0,
        "Depreciation And Amortization In Income Statement": 1546000.0,
        "Selling General And Administration": 10988000.0,
        "Gross Profit": 20514000.0,
        "Cost Of Revenue": 15305000.0,
        "Total Revenue": 35819000.0,
        "Operating Revenue": 35819000.0
    },
    "2024-12-31": {
        "Tax Effect Of Unusual Items": 0.0,
        "Tax Rate For Calcs": 0.260845,
        "Normalized EBITDA": 11120000.0,
        "Net Income From Continuing Operation Net Minority Interest": 6560000.0,
        "Reconciled Depreciation": 1516000.0,
        "Reconciled Cost Of Revenue": 14350000.0,
        "EBITDA": 11120000.0,
        "EBIT": 9604000.0,
        "Net Interest Income": -707000.0,
        "Interest Expense": 729000.0,
        "Interest Income": 22000.0,
        "Normalized Income": 6560000.0,
        "Net Income From Continuing And Discontinued Operation": 6560000.0,
        "Total Expenses": 27318000.0,
        "Total Operating Income As Reported": 9588000.0,
        "Diluted Average Shares": 23366000.0,
        "Basic Average Shares": 23354000.0,
        "Diluted EPS": 0.28,
        "Basic EPS": 0.28,
        "Diluted NI Availto Com Stockholders": 6558000.0,
        "Net Income Common Stockholders": 6558000.0,
        "Net Income": 6560000.0,
        "Net Income Including Noncontrolling Interests": 6560000.0,
        "Net Income Continuous Operations": 6560000.0,
        "Tax Provision": 2315000.0,
        "Pretax Income": 8875000.0,
        "Other Income Expense": -6000.0,
        "Other Non Operating Income Expenses": -6000.0,
        "Net Non Operating Interest Income Expense": -707000.0,
        "Interest Expense Non Operating": 729000.0,
        "Interest Income Non Operating": 22000.0,
        "Operating Income": 9588000.0,
        "Operating Expense": 12968000.0,
        "Depreciation Amortization Depletion Income Statement": 1516000.0,
        "Depreciation And Amortization In Income Statement": 1516000.0,
        "Selling General And Administration": 11452000.0,
        "Gross Profit": 22556000.0,
        "Cost Of Revenue": 14350000.0,
        "Total Revenue": 36906000.0,
        "Operating Revenue": 36906000.0
    },
    "2025-03-31": {
        "Tax Effect Of Unusual Items": 0.0,
        "Tax Rate For Calcs": 0.25,
        "Normalized EBITDA": 10164000.0,
        "Net Income From Continuing Operation Net Minority Interest": 5787000.0,
        "Reconciled Depreciation": 1542000.0,
        "Reconciled Cost Of Revenue": 13057000.0,
        "EBITDA": 10164000.0,
        "EBIT": 8622000.0,
        "Net Interest Income": -880000.0,
        "Interest Expense": 899000.0,
        "Interest Income": 19000.0,
        "Normalized Income": 5787000.0,
        "Net Income From Continuing And Discontinued Operation": 5787000.0,
        "Total Expenses": 24955000.0,
        "Total Operating Income As Reported": 8596000.0,
        "Diluted Average Shares": 22974000.0,
        "Basic Average Shares": 22972000.0,
        "Diluted EPS": 0.25,
        "Basic EPS": 0.25,
        "Diluted NI Availto Com Stockholders": 5787000.0,
        "Net Income Common Stockholders": 5787000.0,
        "Net Income": 5787000.0,
        "Net Income Including Noncontrolling Interests": 5787000.0,
        "Net Income Continuous Operations": 5787000.0,
        "Tax Provision": 1936000.0,
        "Pretax Income": 7723000.0,
        "Other Income Expense": 7000.0,
        "Other Non Operating Income Expenses": 7000.0,
        "Net Non Operating Interest Income Expense": -880000.0,
        "Interest Expense Non Operating": 899000.0,
        "Interest Income Non Operating": 19000.0,
        "Operating Income": 8596000.0,
        "Operating Expense": 11898000.0,
        "Depreciation Amortization Depletion Income Statement": 1542000.0,
        "Depreciation And Amortization In Income Statement": 1542000.0,
        "Selling General And Administration": 10356000.0,
        "Gross Profit": 20494000.0,
        "Cost Of Revenue": 13057000.0,
        "Total Revenue": 33551000.0,
        "Operating Revenue": 33551000.0
    },
    "2025-06-30": {
        "Tax Effect Of Unusual Items": 0.0,
        "Tax Rate For Calcs": 0.21,
        "Normalized EBITDA": 3355000.0,
        "Net Income From Continuing Operation Net Minority Interest": -106000.0,
        "Reconciled Depreciation": 1742000.0,
        "Reconciled Cost Of Revenue": 12974000.0,
        "EBITDA": 3355000.0,
        "EBIT": 1613000.0,
        "Net Interest Income": -1011000.0,
        "Interest Expense": 1032000.0,
        "Interest Income": 21000.0,
        "Normalized Income": -106000.0,
        "Net Income From Continuing And Discontinued Operation": -106000.0,
        "Total Expenses": 32450000.0,
        "Total Operating Income As Reported": 1588000.0,
        "Diluted Average Shares": 22658000.0,
        "Basic Average Shares": 22658000.0,
        "Diluted EPS": -0.01,
        "Basic EPS": -0.01,
        "Diluted NI Availto Com Stockholders": -106000.0,
        "Net Income Common Stockholders": -106000.0,
        "Net Income": -106000.0,
        "Net Income Including Noncontrolling Interests": -106000.0,
        "Net Income Continuous Operations": -106000.0,
        "Tax Provision": 687000.0,
        "Pretax Income": 581000.0,
        "Other Income Expense": 4000.0,
        "Other Non Operating Income Expenses": 4000.0,
        "Net Non Operating Interest Income Expense": -1011000.0,
        "Interest Expense Non Operating": 1032000.0,
        "Interest Income Non Operating": 21000.0,
        "Operating Income": 1588000.0,
        "Operating Expense": 19476000.0,
        "Depreciation Amortization Depletion Income Statement": 1742000.0,
        "Depreciation And Amortization In Income Statement": 1742000.0,
        "Selling General And Administration": 17734000.0,
        "Gross Profit": 21064000.0,
        "Cost Of Revenue": 12974000.0,
        "Total Revenue": 34038000.0,
        "Operating Revenue": 34038000.0
    },
    "2025-09-30": {
        "Tax Effect Of Unusual Items": NaN,
        "Tax Rate For Calcs": NaN,
        "Normalized EBITDA": NaN,
        "Net Income From Continuing Operation Net Minority Interest": NaN,
        "Reconciled Depreciation": NaN,
        "Reconciled Cost Of Revenue": NaN,
        "EBITDA": NaN,
        "EBIT": NaN,
        "Net Interest Income": NaN,
        "Interest Expense": NaN,
        "Interest Income": NaN,
        "Normalized Income": NaN,
        "Net Income From Continuing And Discontinued Operation": NaN,
        "Total Expenses": NaN,
        "Total Operating Income As Reported": NaN,
        "Diluted Average Shares": 22130000.0,
        "Basic Average Shares": 22130000.0,
        "Diluted EPS": 0.18,
        "Basic EPS": 0.18,
        "Diluted NI Availto Com Stockholders": NaN,
        "Net Income Common Stockholders": NaN,
        "Net Income": NaN,
        "Net Income Including Noncontrolling Interests": NaN,
        "Net Income Continuous Operations": NaN,
        "Tax Provision": NaN,
        "Pretax Income": NaN,
        "Other Income Expense": NaN,
        "Other Non Operating Income Expenses": NaN,
        "Net Non Operating Interest Income Expense": NaN,
        "Interest Expense Non Operating": NaN,
        "Interest Income Non Operating": NaN,
        "Operating Income": NaN,
        "Operating Expense": NaN,
        "Depreciation Amortization Depletion Income Statement": NaN,
        "Depreciation And Amortization In Income Statement": NaN,
        "Selling General And Administration": NaN,
        "Gross Profit": NaN,
        "Cost Of Revenue": NaN,
        "Total Revenue": NaN,
        "Operating Revenue": NaN
    }
}