{
    "2023-03-31": {
        "Tax Effect Of Unusual Items": NaN,
        "Tax Rate For Calcs": NaN,
        "Normalized EBITDA": NaN,
        "Total Unusual Items": 0.0,
        "Total Unusual Items Excluding Goodwill": 0.0,
        "Net Income From Continuing Operation Net Minority Interest": NaN,
        "Reconciled Depreciation": NaN,
        "Reconciled Cost Of Revenue": NaN,
        "EBITDA": NaN,
        "EBIT": NaN,
        "Net Interest Income": NaN,
        "Interest Expense": NaN,
        "Interest Income": NaN,
        "Normalized Income": NaN,
        "Net Income From Continuing And Discontinued Operation": NaN,
        "Total Expenses": NaN,
        "Total Operating Income As Reported": NaN,
        "Diluted Average Shares": NaN,
        "Basic Average Shares": NaN,
        "Diluted EPS": NaN,
        "Basic EPS": NaN,
        "Diluted NI Availto Com Stockholders": NaN,
        "Net Income Common Stockholders": NaN,
        "Net Income": NaN,
        "Net Income Including Noncontrolling Interests": NaN,
        "Net Income Continuous Operations": NaN,
        "Tax Provision": NaN,
        "Pretax Income": NaN,
        "Other Income Expense": -100000.0,
        "Other Non Operating Income Expenses": -100000.0,
        "Special Income Charges": 0.0,
        "Restructuring And Mergern Acquisition": 0.0,
        "Net Non Operating Interest Income Expense": NaN,
        "Interest Expense Non Operating": NaN,
        "Interest Income Non Operating": NaN,
        "Operating Income": NaN,
        "Operating Expense": NaN,
        "Research And Development": NaN,
        "Selling General And Administration": NaN,
        "Selling And Marketing Expense": NaN,
        "General And Administrative Expense": NaN,
        "Other Gand A": NaN,
        "Gross Profit": NaN,
        "Cost Of Revenue": NaN,
        "Total Revenue": NaN,
        "Operating Revenue": NaN
    },
    "2022-12-31": {
        "Tax Effect Of Unusual Items": NaN,
        "Tax Rate For Calcs": NaN,
        "Normalized EBITDA": NaN,
        "Net Income From Continuing Operation Net Minority Interest": NaN,
        "Reconciled Depreciation": NaN,
        "Reconciled Cost Of Revenue": NaN,
        "EBITDA": NaN,
        "EBIT": NaN,
        "Net Interest Income": NaN,
        "Interest Expense": NaN,
        "Interest Income": NaN,
        "Normalized Income": NaN,
        "Net Income From Continuing And Discontinued Operation": NaN,
        "Total Expenses": NaN,
        "Total Operating Income As Reported": NaN,
        "Diluted Average Shares": NaN,
        "Basic Average Shares": NaN,
        "Diluted EPS": NaN,
        "Basic EPS": NaN,
        "Diluted NI Availto Com Stockholders": NaN,
        "Net Income Common Stockholders": NaN,
        "Net Income": NaN,
        "Net Income Including Noncontrolling Interests": NaN,
        "Net Income Continuous Operations": NaN,
        "Tax Provision": NaN,
        "Pretax Income": NaN,
        "Other Income Expense": NaN,
        "Other Non Operating Income Expenses": NaN,
        "Net Non Operating Interest Income Expense": NaN,
        "Interest Expense Non Operating": NaN,
        "Interest Income Non Operating": NaN,
        "Operating Income": NaN,
        "Operating Expense": NaN,
        "Other Operating Expenses": 600000.0,
        "Research And Development": NaN,
        "Selling General And Administration": NaN,
        "Selling And Marketing Expense": NaN,
        "General And Administrative Expense": NaN,
        "Other Gand A": NaN,
        "Gross Profit": NaN,
        "Cost Of Revenue": NaN,
        "Total Revenue": NaN,
        "Operating Revenue": NaN
    },
    "2022-09-30": {
        "Tax Effect Of Unusual Items": NaN,
        "Tax Rate For Calcs": NaN,
        "Normalized EBITDA": NaN,
        "Total Unusual Items": -400000.0,
        "Total Unusual Items Excluding Goodwill": -400000.0,
        "Net Income From Continuing Operation Net Minority Interest": NaN,
        "Reconciled Depreciation": NaN,
        "Reconciled Cost Of Revenue": NaN,
        "EBITDA": NaN,
        "EBIT": NaN,
        "Net Interest Income": NaN,
        "Interest Expense": NaN,
        "Interest Income": NaN,
        "Normalized Income": NaN,
        "Net Income From Continuing And Discontinued Operation": NaN,
        "Total Expenses": NaN,
        "Total Operating Income As Reported": NaN,
        "Diluted Average Shares": NaN,
        "Basic Average Shares": NaN,
        "Diluted EPS": NaN,
        "Basic EPS": NaN,
        "Diluted NI Availto Com Stockholders": NaN,
        "Net Income Common Stockholders": NaN,
        "Net Income": NaN,
        "Net Income Including Noncontrolling Interests": NaN,
        "Net Income Continuous Operations": NaN,
        "Tax Provision": NaN,
        "Pretax Income": NaN,
        "Other Income Expense": -400000.0,
        "Other Non Operating Income Expenses": NaN,
        "Special Income Charges": -400000.0,
        "Restructuring And Mergern Acquisition": 400000.0,
        "Net Non Operating Interest Income Expense": NaN,
        "Interest Expense Non Operating": NaN,
        "Interest Income Non Operating": NaN,
        "Operating Income": NaN,
        "Operating Expense": NaN,
        "Other Operating Expenses": 400000.0,
        "Research And Development": NaN,
        "Selling General And Administration": NaN,
        "Selling And Marketing Expense": NaN,
        "General And Administrative Expense": NaN,
        "Other Gand A": NaN,
        "Gross Profit": NaN,
        "Cost Of Revenue": NaN,
        "Total Revenue": NaN,
        "Operating Revenue": NaN
    },
    "2022-06-30": {
        "Tax Effect Of Unusual Items": -720000.0,
        "Tax Rate For Calcs": 0.4,
        "Normalized EBITDA": 500000.0,
        "Total Unusual Items": -1800000.0,
        "Total Unusual Items Excluding Goodwill": -1800000.0,
        "Net Income From Continuing Operation Net Minority Interest": -9300000.0,
        "Reconciled Depreciation": 7600000.0,
        "Reconciled Cost Of Revenue": 8200000.0,
        "EBITDA": -1300000.0,
        "EBIT": -8900000.0,
        "Net Interest Income": -100000.0,
        "Interest Expense": 200000.0,
        "Interest Income": 100000.0,
        "Normalized Income": -8220000.0,
        "Net Income From Continuing And Discontinued Operation": -9300000.0,
        "Total Expenses": 132400000.0,
        "Total Operating Income As Reported": -9000000.0,
        "Diluted Average Shares": 67400000.0,
        "Basic Average Shares": 67400000.0,
        "Diluted EPS": -0.14,
        "Basic EPS": -0.14,
        "Diluted NI Availto Com Stockholders": -9300000.0,
        "Net Income Common Stockholders": -9300000.0,
        "Net Income": -9300000.0,
        "Net Income Including Noncontrolling Interests": -9300000.0,
        "Net Income Continuous Operations": -9300000.0,
        "Tax Provision": 200000.0,
        "Pretax Income": -9100000.0,
        "Other Income Expense": -1800000.0,
        "Other Non Operating Income Expenses": NaN,
        "Special Income Charges": -1800000.0,
        "Restructuring And Mergern Acquisition": 1800000.0,
        "Net Non Operating Interest Income Expense": -100000.0,
        "Interest Expense Non Operating": 200000.0,
        "Interest Income Non Operating": 100000.0,
        "Operating Income": -7200000.0,
        "Operating Expense": 124200000.0,
        "Other Operating Expenses": 1800000.0,
        "Research And Development": 20100000.0,
        "Selling General And Administration": 104100000.0,
        "Selling And Marketing Expense": 88800000.0,
        "General And Administrative Expense": 15300000.0,
        "Other Gand A": 15300000.0,
        "Gross Profit": 117000000.0,
        "Cost Of Revenue": 8200000.0,
        "Total Revenue": 125200000.0,
        "Operating Revenue": 125200000.0
    },
    "2023-06-30": {
        "Tax Effect Of Unusual Items": NaN,
        "Tax Rate For Calcs": NaN,
        "Normalized EBITDA": NaN,
        "Total Unusual Items": 0.0,
        "Total Unusual Items Excluding Goodwill": 0.0,
        "Net Income From Continuing Operation Net Minority Interest": NaN,
        "Reconciled Depreciation": NaN,
        "Reconciled Cost Of Revenue": NaN,
        "EBITDA": NaN,
        "EBIT": NaN,
        "Net Interest Income": NaN,
        "Interest Expense": NaN,
        "Interest Income": NaN,
        "Normalized Income": NaN,
        "Net Income From Continuing And Discontinued Operation": NaN,
        "Total Expenses": NaN,
        "Total Operating Income As Reported": NaN,
        "Diluted Average Shares": NaN,
        "Basic Average Shares": NaN,
        "Diluted EPS": NaN,
        "Basic EPS": NaN,
        "Diluted NI Availto Com Stockholders": NaN,
        "Net Income Common Stockholders": NaN,
        "Net Income": NaN,
        "Net Income Including Noncontrolling Interests": NaN,
        "Net Income Continuous Operations": NaN,
        "Tax Provision": NaN,
        "Pretax Income": NaN,
        "Other Income Expense": NaN,
        "Other Non Operating Income Expenses": NaN,
        "Special Income Charges": 0.0,
        "Restructuring And Mergern Acquisition": 0.0,
        "Net Non Operating Interest Income Expense": NaN,
        "Interest Expense Non Operating": NaN,
        "Interest Income Non Operating": NaN,
        "Operating Income": NaN,
        "Operating Expense": NaN,
        "Research And Development": NaN,
        "Selling General And Administration": NaN,
        "Selling And Marketing Expense": NaN,
        "General And Administrative Expense": NaN,
        "Other Gand A": NaN,
        "Gross Profit": NaN,
        "Cost Of Revenue": NaN,
        "Total Revenue": NaN,
        "Operating Revenue": NaN
    },
    "2022-03-31": {
        "Diluted EPS": -0.16,
        "Total Revenue": 129,
        "Gross Profit": 121,
        "Operating Income": -9,
        "EBIT": -2,
        "Net Income": -11
    },
    "2021-12-31": {
        "Diluted EPS": -0.13,
        "Total Revenue": 100,
        "Gross Profit": 92,
        "Operating Income": -9,
        "EBIT": -2,
        "Net Income": -8
    },
    "2021-09-30": {
        "Diluted EPS": -0.16,
        "Total Revenue": 99,
        "Gross Profit": 91,
        "Operating Income": 6,
        "EBIT": 13,
        "Net Income": -8
    },
    "2021-06-30": {
        "Diluted EPS": -0.28,
        "Total Revenue": 92,
        "Gross Profit": 84,
        "Operating Income": -23,
        "EBIT": -16,
        "Net Income": -14
    },
    "2021-03-31": {
        "Diluted EPS": -0.27,
        "Total Revenue": 90,
        "Gross Profit": 84,
        "Operating Income": -13,
        "EBIT": -7,
        "Net Income": -13
    },
    "2020-12-31": {
        "Diluted EPS": 0.0,
        "Total Revenue": NaN,
        "Gross Profit": NaN,
        "Operating Income": NaN,
        "EBIT": NaN,
        "Net Income": NaN
    },
    "2019-12-31": {
        "Diluted EPS": 0.0,
        "Total Revenue": NaN,
        "Gross Profit": NaN,
        "Operating Income": NaN,
        "EBIT": NaN,
        "Net Income": NaN
    },
    "2023-09-30": {
        "Tax Effect Of Unusual Items": NaN,
        "Tax Rate For Calcs": NaN,
        "Normalized EBITDA": NaN,
        "Total Unusual Items": 0.0,
        "Total Unusual Items Excluding Goodwill": 0.0,
        "Net Income From Continuing Operation Net Minority Interest": NaN,
        "Reconciled Depreciation": NaN,
        "Reconciled Cost Of Revenue": NaN,
        "EBITDA": NaN,
        "EBIT": NaN,
        "Net Interest Income": NaN,
        "Interest Expense": NaN,
        "Interest Income": NaN,
        "Normalized Income": NaN,
        "Net Income From Continuing And Discontinued Operation": NaN,
        "Total Expenses": NaN,
        "Total Operating Income As Reported": NaN,
        "Diluted Average Shares": NaN,
        "Basic Average Shares": NaN,
        "Diluted EPS": NaN,
        "Basic EPS": NaN,
        "Diluted NI Availto Com Stockholders": NaN,
        "Net Income Common Stockholders": NaN,
        "Net Income": NaN,
        "Net Income Including Noncontrolling Interests": NaN,
        "Net Income Continuous Operations": NaN,
        "Tax Provision": NaN,
        "Pretax Income": NaN,
        "Other Income Expense": NaN,
        "Other Non Operating Income Expenses": NaN,
        "Special Income Charges": 0.0,
        "Restructuring And Mergern Acquisition": 0.0,
        "Net Non Operating Interest Income Expense": NaN,
        "Interest Expense Non Operating": NaN,
        "Interest Income Non Operating": NaN,
        "Operating Income": NaN,
        "Operating Expense": NaN,
        "Research And Development": NaN,
        "Selling General And Administration": NaN,
        "Selling And Marketing Expense": NaN,
        "General And Administrative Expense": NaN,
        "Other Gand A": NaN,
        "Gross Profit": NaN,
        "Cost Of Revenue": NaN,
        "Total Revenue": NaN,
        "Operating Revenue": NaN
    },
    "2023-12-31": {
        "Tax Effect Of Unusual Items": NaN,
        "Tax Rate For Calcs": NaN,
        "Normalized EBITDA": NaN,
        "Total Unusual Items": 0.0,
        "Total Unusual Items Excluding Goodwill": 0.0,
        "Net Income From Continuing Operation Net Minority Interest": NaN,
        "Reconciled Depreciation": NaN,
        "Reconciled Cost Of Revenue": NaN,
        "EBITDA": NaN,
        "EBIT": NaN,
        "Net Interest Income": NaN,
        "Interest Expense": NaN,
        "Interest Income": NaN,
        "Normalized Income": NaN,
        "Net Income From Continuing And Discontinued Operation": NaN,
        "Total Expenses": NaN,
        "Total Operating Income As Reported": NaN,
        "Diluted Average Shares": NaN,
        "Basic Average Shares": NaN,
        "Diluted EPS": NaN,
        "Basic EPS": NaN,
        "Diluted NI Availto Com Stockholders": NaN,
        "Net Income Common Stockholders": NaN,
        "Net Income": NaN,
        "Net Income Including Noncontrolling Interests": NaN,
        "Net Income Continuous Operations": NaN,
        "Tax Provision": NaN,
        "Pretax Income": NaN,
        "Other Income Expense": 0.0,
        "Other Non Operating Income Expenses": 0.0,
        "Special Income Charges": 0.0,
        "Restructuring And Mergern Acquisition": 0.0,
        "Net Non Operating Interest Income Expense": NaN,
        "Interest Expense Non Operating": NaN,
        "Interest Income Non Operating": NaN,
        "Operating Income": NaN,
        "Operating Expense": NaN,
        "Research And Development": NaN,
        "Selling General And Administration": NaN,
        "Selling And Marketing Expense": NaN,
        "General And Administrative Expense": NaN,
        "Other Gand A": NaN,
        "Gross Profit": NaN,
        "Cost Of Revenue": NaN,
        "Total Revenue": NaN,
        "Operating Revenue": NaN
    },
    "2024-03-31": {
        "Tax Effect Of Unusual Items": NaN,
        "Tax Rate For Calcs": NaN,
        "Normalized EBITDA": NaN,
        "Total Unusual Items": NaN,
        "Total Unusual Items Excluding Goodwill": NaN,
        "Net Income From Continuing Operation Net Minority Interest": NaN,
        "Reconciled Depreciation": NaN,
        "Reconciled Cost Of Revenue": NaN,
        "EBITDA": NaN,
        "EBIT": NaN,
        "Net Interest Income": NaN,
        "Interest Expense": NaN,
        "Interest Income": NaN,
        "Normalized Income": NaN,
        "Net Income From Continuing And Discontinued Operation": NaN,
        "Total Expenses": NaN,
        "Total Operating Income As Reported": NaN,
        "Diluted Average Shares": NaN,
        "Basic Average Shares": NaN,
        "Diluted EPS": NaN,
        "Basic EPS": NaN,
        "Diluted NI Availto Com Stockholders": NaN,
        "Net Income Common Stockholders": NaN,
        "Net Income": NaN,
        "Net Income Including Noncontrolling Interests": NaN,
        "Net Income Continuous Operations": NaN,
        "Tax Provision": NaN,
        "Pretax Income": NaN,
        "Other Income Expense": -100000.0,
        "Other Non Operating Income Expenses": -100000.0,
        "Special Income Charges": NaN,
        "Restructuring And Mergern Acquisition": NaN,
        "Net Non Operating Interest Income Expense": NaN,
        "Interest Expense Non Operating": NaN,
        "Interest Income Non Operating": NaN,
        "Operating Income": NaN,
        "Operating Expense": NaN,
        "Research And Development": NaN,
        "Selling General And Administration": NaN,
        "Selling And Marketing Expense": NaN,
        "General And Administrative Expense": NaN,
        "Other Gand A": NaN,
        "Gross Profit": NaN,
        "Cost Of Revenue": NaN,
        "Total Revenue": NaN,
        "Operating Revenue": NaN
    },
    "2024-06-30": {
        "Tax Effect Of Unusual Items": 0.0,
        "Tax Rate For Calcs": 0.21,
        "Normalized EBITDA": 4100000.0,
        "Total Unusual Items": NaN,
        "Total Unusual Items Excluding Goodwill": NaN,
        "Net Income From Continuing Operation Net Minority Interest": -9400000.0,
        "Reconciled Depreciation": 12200000.0,
        "Reconciled Cost Of Revenue": 14900000.0,
        "EBITDA": 4100000.0,
        "EBIT": -8100000.0,
        "Net Interest Income": 1300000.0,
        "Interest Expense": 200000.0,
        "Interest Income": 1500000.0,
        "Normalized Income": -9400000.0,
        "Net Income From Continuing And Discontinued Operation": -9400000.0,
        "Total Expenses": 160200000.0,
        "Total Operating Income As Reported": -9600000.0,
        "Diluted Average Shares": 77900000.0,
        "Basic Average Shares": 77900000.0,
        "Diluted EPS": -0.12,
        "Basic EPS": -0.12,
        "Diluted NI Availto Com Stockholders": -9400000.0,
        "Net Income Common Stockholders": -9400000.0,
        "Net Income": -9400000.0,
        "Net Income Including Noncontrolling Interests": -9400000.0,
        "Net Income Continuous Operations": -9400000.0,
        "Tax Provision": 1100000.0,
        "Pretax Income": -8300000.0,
        "Other Income Expense": NaN,
        "Other Non Operating Income Expenses": NaN,
        "Special Income Charges": NaN,
        "Restructuring And Mergern Acquisition": NaN,
        "Net Non Operating Interest Income Expense": 1300000.0,
        "Interest Expense Non Operating": 200000.0,
        "Interest Income Non Operating": 1500000.0,
        "Operating Income": -9600000.0,
        "Operating Expense": 145300000.0,
        "Research And Development": 22700000.0,
        "Selling General And Administration": 122600000.0,
        "Selling And Marketing Expense": 106100000.0,
        "General And Administrative Expense": 16500000.0,
        "Other Gand A": 16500000.0,
        "Gross Profit": 135700000.0,
        "Cost Of Revenue": 14900000.0,
        "Total Revenue": 150600000.0,
        "Operating Revenue": 150600000.0
    },
    "2024-09-30": {
        "Tax Effect Of Unusual Items": 0.0,
        "Tax Rate For Calcs": 0.21,
        "Normalized EBITDA": 20800000.0,
        "Total Unusual Items": NaN,
        "Total Unusual Items Excluding Goodwill": NaN,
        "Net Income From Continuing Operation Net Minority Interest": 100000.0,
        "Reconciled Depreciation": 12900000.0,
        "Reconciled Cost Of Revenue": 17700000.0,
        "EBITDA": 20800000.0,
        "EBIT": 7900000.0,
        "Net Interest Income": 1200000.0,
        "Interest Expense": 100000.0,
        "Interest Income": 1300000.0,
        "Normalized Income": 100000.0,
        "Net Income From Continuing And Discontinued Operation": 100000.0,
        "Total Expenses": 184700000.0,
        "Total Operating Income As Reported": 6600000.0,
        "Diluted Average Shares": 79300000.0,
        "Basic Average Shares": 77400000.0,
        "Diluted EPS": 0.001261,
        "Basic EPS": 0.001292,
        "Diluted NI Availto Com Stockholders": 100000.0,
        "Net Income Common Stockholders": 100000.0,
        "Net Income": 100000.0,
        "Net Income Including Noncontrolling Interests": 100000.0,
        "Net Income Continuous Operations": 100000.0,
        "Tax Provision": 7700000.0,
        "Pretax Income": 7800000.0,
        "Other Income Expense": NaN,
        "Other Non Operating Income Expenses": NaN,
        "Special Income Charges": NaN,
        "Restructuring And Mergern Acquisition": NaN,
        "Net Non Operating Interest Income Expense": 1200000.0,
        "Interest Expense Non Operating": 100000.0,
        "Interest Income Non Operating": 1300000.0,
        "Operating Income": 6600000.0,
        "Operating Expense": 167000000.0,
        "Research And Development": 23000000.0,
        "Selling General And Administration": 144000000.0,
        "Selling And Marketing Expense": 128100000.0,
        "General And Administrative Expense": 15900000.0,
        "Other Gand A": 15900000.0,
        "Gross Profit": 173600000.0,
        "Cost Of Revenue": 17700000.0,
        "Total Revenue": 191300000.0,
        "Operating Revenue": 191300000.0
    },
    "2024-12-31": {
        "Tax Effect Of Unusual Items": 0.0,
        "Tax Rate For Calcs": 0.21,
        "Normalized EBITDA": 12300000.0,
        "Total Unusual Items": NaN,
        "Total Unusual Items Excluding Goodwill": NaN,
        "Net Income From Continuing Operation Net Minority Interest": 38600000.0,
        "Reconciled Depreciation": 11400000.0,
        "Reconciled Cost Of Revenue": 16700000.0,
        "EBITDA": 12300000.0,
        "EBIT": 900000.0,
        "Net Interest Income": 400000.0,
        "Interest Expense": 200000.0,
        "Interest Income": 600000.0,
        "Normalized Income": 38600000.0,
        "Net Income From Continuing And Discontinued Operation": 38600000.0,
        "Total Expenses": 175100000.0,
        "Total Operating Income As Reported": 8700000.0,
        "Diluted Average Shares": 75600000.0,
        "Basic Average Shares": 73700000.0,
        "Diluted EPS": 0.51,
        "Basic EPS": 0.52,
        "Diluted NI Availto Com Stockholders": 38600000.0,
        "Net Income Common Stockholders": 38600000.0,
        "Net Income": 38600000.0,
        "Net Income Including Noncontrolling Interests": 38600000.0,
        "Net Income Continuous Operations": 38600000.0,
        "Tax Provision": -37900000.0,
        "Pretax Income": 700000.0,
        "Other Income Expense": -8400000.0,
        "Other Non Operating Income Expenses": -8400000.0,
        "Special Income Charges": NaN,
        "Restructuring And Mergern Acquisition": NaN,
        "Net Non Operating Interest Income Expense": 400000.0,
        "Interest Expense Non Operating": 200000.0,
        "Interest Income Non Operating": 600000.0,
        "Operating Income": 8700000.0,
        "Operating Expense": 158400000.0,
        "Research And Development": 16100000.0,
        "Selling General And Administration": 142300000.0,
        "Selling And Marketing Expense": 128500000.0,
        "General And Administrative Expense": 13800000.0,
        "Other Gand A": 13800000.0,
        "Gross Profit": 167100000.0,
        "Cost Of Revenue": 16700000.0,
        "Total Revenue": 183800000.0,
        "Operating Revenue": 183800000.0
    },
    "2025-03-31": {
        "Tax Effect Of Unusual Items": 0.0,
        "Tax Rate For Calcs": 0.21,
        "Normalized EBITDA": 14000000.0,
        "Total Unusual Items": NaN,
        "Total Unusual Items Excluding Goodwill": NaN,
        "Net Income From Continuing Operation Net Minority Interest": 200000.0,
        "Reconciled Depreciation": 12600000.0,
        "Reconciled Cost Of Revenue": 18200000.0,
        "EBITDA": 14000000.0,
        "EBIT": 1400000.0,
        "Net Interest Income": 600000.0,
        "Interest Expense": 100000.0,
        "Interest Income": 700000.0,
        "Normalized Income": 200000.0,
        "Net Income From Continuing And Discontinued Operation": 200000.0,
        "Total Expenses": 208500000.0,
        "Total Operating Income As Reported": 700000.0,
        "Diluted Average Shares": 76100000.0,
        "Basic Average Shares": 74200000.0,
        "Diluted EPS": 0.0,
        "Basic EPS": 0.0,
        "Diluted NI Availto Com Stockholders": 200000.0,
        "Net Income Common Stockholders": 200000.0,
        "Net Income": 200000.0,
        "Net Income Including Noncontrolling Interests": 200000.0,
        "Net Income Continuous Operations": 200000.0,
        "Tax Provision": 1100000.0,
        "Pretax Income": 1300000.0,
        "Other Income Expense": NaN,
        "Other Non Operating Income Expenses": NaN,
        "Special Income Charges": NaN,
        "Restructuring And Mergern Acquisition": NaN,
        "Net Non Operating Interest Income Expense": 600000.0,
        "Interest Expense Non Operating": 100000.0,
        "Interest Income Non Operating": 700000.0,
        "Operating Income": 700000.0,
        "Operating Expense": 190300000.0,
        "Research And Development": 16800000.0,
        "Selling General And Administration": 173500000.0,
        "Selling And Marketing Expense": 159700000.0,
        "General And Administrative Expense": 13800000.0,
        "Other Gand A": 13800000.0,
        "Gross Profit": 191000000.0,
        "Cost Of Revenue": 18200000.0,
        "Total Revenue": 209200000.0,
        "Operating Revenue": 209200000.0
    },
    "2025-06-30": {
        "Tax Effect Of Unusual Items": 0.0,
        "Tax Rate For Calcs": 0.289,
        "Normalized EBITDA": 24400000.0,
        "Total Unusual Items": NaN,
        "Total Unusual Items Excluding Goodwill": NaN,
        "Net Income From Continuing Operation Net Minority Interest": 8200000.0,
        "Reconciled Depreciation": 12700000.0,
        "Reconciled Cost Of Revenue": 16600000.0,
        "EBITDA": 24400000.0,
        "EBIT": 11700000.0,
        "Net Interest Income": 600000.0,
        "Interest Expense": 200000.0,
        "Interest Income": 800000.0,
        "Normalized Income": 8200000.0,
        "Net Income From Continuing And Discontinued Operation": 8200000.0,
        "Total Expenses": 176200000.0,
        "Total Operating Income As Reported": 10700000.0,
        "Diluted Average Shares": 76600000.0,
        "Basic Average Shares": 74800000.0,
        "Diluted EPS": 0.11,
        "Basic EPS": 0.11,
        "Diluted NI Availto Com Stockholders": 8200000.0,
        "Net Income Common Stockholders": 8200000.0,
        "Net Income": 8200000.0,
        "Net Income Including Noncontrolling Interests": 8200000.0,
        "Net Income Continuous Operations": 8200000.0,
        "Tax Provision": 3300000.0,
        "Pretax Income": 11500000.0,
        "Other Income Expense": 200000.0,
        "Other Non Operating Income Expenses": 200000.0,
        "Special Income Charges": NaN,
        "Restructuring And Mergern Acquisition": NaN,
        "Net Non Operating Interest Income Expense": 600000.0,
        "Interest Expense Non Operating": 200000.0,
        "Interest Income Non Operating": 800000.0,
        "Operating Income": 10700000.0,
        "Operating Expense": 159600000.0,
        "Research And Development": 17900000.0,
        "Selling General And Administration": 141700000.0,
        "Selling And Marketing Expense": 128000000.0,
        "General And Administrative Expense": 13700000.0,
        "Other Gand A": 13700000.0,
        "Gross Profit": 170300000.0,
        "Cost Of Revenue": 16600000.0,
        "Total Revenue": 186900000.0,
        "Operating Revenue": 186900000.0
    }
}