{
    "2023-03-31": {
        "Tax Effect Of Unusual Items": NaN,
        "Tax Rate For Calcs": NaN,
        "Normalized EBITDA": NaN,
        "Total Unusual Items": -21682000.0,
        "Total Unusual Items Excluding Goodwill": -21682000.0,
        "Net Income From Continuing Operation Net Minority Interest": NaN,
        "Reconciled Depreciation": NaN,
        "Reconciled Cost Of Revenue": NaN,
        "EBITDA": NaN,
        "EBIT": NaN,
        "Net Interest Income": NaN,
        "Interest Income": NaN,
        "Normalized Income": NaN,
        "Net Income From Continuing And Discontinued Operation": NaN,
        "Total Expenses": NaN,
        "Total Operating Income As Reported": NaN,
        "Diluted Average Shares": NaN,
        "Basic Average Shares": NaN,
        "Diluted EPS": NaN,
        "Basic EPS": NaN,
        "Diluted NI Availto Com Stockholders": NaN,
        "Net Income Common Stockholders": NaN,
        "Net Income": NaN,
        "Minority Interests": NaN,
        "Net Income Including Noncontrolling Interests": NaN,
        "Net Income Continuous Operations": NaN,
        "Tax Provision": NaN,
        "Pretax Income": NaN,
        "Other Income Expense": NaN,
        "Other Non Operating Income Expenses": NaN,
        "Gain On Sale Of Security": -21682000.0,
        "Net Non Operating Interest Income Expense": NaN,
        "Total Other Finance Cost": -833000.0,
        "Interest Income Non Operating": NaN,
        "Operating Income": NaN,
        "Operating Expense": NaN,
        "Selling General And Administration": NaN,
        "Selling And Marketing Expense": NaN,
        "General And Administrative Expense": NaN,
        "Other Gand A": NaN,
        "Gross Profit": NaN,
        "Cost Of Revenue": NaN,
        "Total Revenue": NaN,
        "Operating Revenue": NaN
    },
    "2022-12-31": {
        "Tax Effect Of Unusual Items": NaN,
        "Tax Rate For Calcs": NaN,
        "Normalized EBITDA": NaN,
        "Total Unusual Items": 4847000.0,
        "Total Unusual Items Excluding Goodwill": 4847000.0,
        "Net Income From Continuing Operation Net Minority Interest": NaN,
        "Reconciled Depreciation": NaN,
        "Reconciled Cost Of Revenue": NaN,
        "EBITDA": NaN,
        "EBIT": NaN,
        "Net Interest Income": NaN,
        "Interest Income": NaN,
        "Normalized Income": NaN,
        "Net Income From Continuing And Discontinued Operation": NaN,
        "Total Expenses": NaN,
        "Total Operating Income As Reported": NaN,
        "Diluted Average Shares": NaN,
        "Basic Average Shares": NaN,
        "Diluted EPS": NaN,
        "Basic EPS": NaN,
        "Diluted NI Availto Com Stockholders": NaN,
        "Net Income Common Stockholders": NaN,
        "Otherunder Preferred Stock Dividend": 0.0,
        "Net Income": NaN,
        "Minority Interests": NaN,
        "Net Income Including Noncontrolling Interests": NaN,
        "Net Income Continuous Operations": NaN,
        "Tax Provision": NaN,
        "Pretax Income": NaN,
        "Other Income Expense": NaN,
        "Other Non Operating Income Expenses": NaN,
        "Special Income Charges": 0.0,
        "Gain On Sale Of Security": 4847000.0,
        "Net Non Operating Interest Income Expense": NaN,
        "Total Other Finance Cost": -464000.0,
        "Interest Income Non Operating": NaN,
        "Operating Income": NaN,
        "Operating Expense": NaN,
        "Selling General And Administration": NaN,
        "Selling And Marketing Expense": NaN,
        "General And Administrative Expense": NaN,
        "Other Gand A": NaN,
        "Gross Profit": NaN,
        "Cost Of Revenue": NaN,
        "Total Revenue": NaN,
        "Operating Revenue": NaN
    },
    "2022-09-30": {
        "Tax Effect Of Unusual Items": NaN,
        "Tax Rate For Calcs": NaN,
        "Normalized EBITDA": NaN,
        "Total Unusual Items": NaN,
        "Total Unusual Items Excluding Goodwill": NaN,
        "Net Income From Continuing Operation Net Minority Interest": NaN,
        "Reconciled Depreciation": NaN,
        "Reconciled Cost Of Revenue": NaN,
        "EBITDA": NaN,
        "EBIT": NaN,
        "Net Interest Income": NaN,
        "Interest Income": 7000.0,
        "Normalized Income": NaN,
        "Net Income From Continuing And Discontinued Operation": NaN,
        "Total Expenses": NaN,
        "Total Operating Income As Reported": NaN,
        "Diluted Average Shares": NaN,
        "Basic Average Shares": NaN,
        "Diluted EPS": NaN,
        "Basic EPS": NaN,
        "Diluted NI Availto Com Stockholders": NaN,
        "Net Income Common Stockholders": NaN,
        "Otherunder Preferred Stock Dividend": 0.0,
        "Net Income": NaN,
        "Minority Interests": NaN,
        "Net Income Including Noncontrolling Interests": NaN,
        "Net Income Continuous Operations": NaN,
        "Tax Provision": NaN,
        "Pretax Income": NaN,
        "Other Income Expense": NaN,
        "Other Non Operating Income Expenses": NaN,
        "Special Income Charges": 0.0,
        "Gain On Sale Of Security": NaN,
        "Net Non Operating Interest Income Expense": NaN,
        "Total Other Finance Cost": -7000.0,
        "Interest Income Non Operating": 7000.0,
        "Operating Income": NaN,
        "Operating Expense": NaN,
        "Selling General And Administration": NaN,
        "Selling And Marketing Expense": NaN,
        "General And Administrative Expense": NaN,
        "Other Gand A": NaN,
        "Gross Profit": NaN,
        "Cost Of Revenue": NaN,
        "Total Revenue": NaN,
        "Operating Revenue": NaN
    },
    "2022-06-30": {
        "Tax Effect Of Unusual Items": 0.0,
        "Tax Rate For Calcs": 0.0,
        "Normalized EBITDA": -57753000.0,
        "Total Unusual Items": 37336000.0,
        "Total Unusual Items Excluding Goodwill": 37336000.0,
        "Net Income From Continuing Operation Net Minority Interest": 8695000.0,
        "Reconciled Depreciation": 1590000.0,
        "Reconciled Cost Of Revenue": 13431000.0,
        "EBITDA": -20417000.0,
        "EBIT": -22007000.0,
        "Net Interest Income": 5000.0,
        "Interest Income": NaN,
        "Normalized Income": -28641000.0,
        "Net Income From Continuing And Discontinued Operation": 8695000.0,
        "Total Expenses": 64193000.0,
        "Total Operating Income As Reported": -22007000.0,
        "Diluted Average Shares": 88600000.0,
        "Basic Average Shares": 86373000.0,
        "Diluted EPS": 0.09,
        "Basic EPS": 0.1,
        "Diluted NI Availto Com Stockholders": 8695000.0,
        "Net Income Common Stockholders": 8695000.0,
        "Otherunder Preferred Stock Dividend": 0.0,
        "Net Income": 8695000.0,
        "Minority Interests": -6582000.0,
        "Net Income Including Noncontrolling Interests": 15277000.0,
        "Net Income Continuous Operations": 15277000.0,
        "Tax Provision": 0.0,
        "Pretax Income": 15277000.0,
        "Other Income Expense": 37279000.0,
        "Other Non Operating Income Expenses": -57000.0,
        "Special Income Charges": 0.0,
        "Impairment Of Capital Assets": NaN,
        "Gain On Sale Of Security": 37336000.0,
        "Net Non Operating Interest Income Expense": 5000.0,
        "Total Other Finance Cost": -5000.0,
        "Interest Income Non Operating": NaN,
        "Operating Income": -22007000.0,
        "Operating Expense": 50762000.0,
        "Selling General And Administration": 50762000.0,
        "Selling And Marketing Expense": 18011000.0,
        "General And Administrative Expense": 32751000.0,
        "Other Gand A": 32751000.0,
        "Gross Profit": 28755000.0,
        "Cost Of Revenue": 13431000.0,
        "Total Revenue": 42186000.0,
        "Operating Revenue": 42186000.0
    },
    "2022-03-31": {
        "Diluted EPS": -0.21,
        "Total Revenue": 47,
        "Gross Profit": 33,
        "Operating Income": -21,
        "EBIT": -19,
        "Net Income": -17
    },
    "2021-12-31": {
        "Diluted EPS": 0.22,
        "Total Revenue": 42,
        "Gross Profit": 29,
        "Operating Income": -27,
        "EBIT": -22,
        "Net Income": 17
    },
    "2021-09-30": {
        "Diluted EPS": -0.27,
        "Total Revenue": 31,
        "Gross Profit": 21,
        "Operating Income": -58,
        "EBIT": -56,
        "Net Income": -21
    },
    "2021-06-30": {
        "Diluted EPS": 0.0,
        "Total Revenue": 33,
        "Gross Profit": 21,
        "Operating Income": -7,
        "EBIT": -6,
        "Net Income": 0
    },
    "2021-03-31": {
        "Diluted EPS": 0.0,
        "Total Revenue": 35,
        "Gross Profit": 23,
        "Operating Income": -4,
        "EBIT": -3,
        "Net Income": 0
    },
    "2020-12-31": {
        "Diluted EPS": 0.0,
        "Total Revenue": NaN,
        "Gross Profit": NaN,
        "Operating Income": NaN,
        "EBIT": NaN,
        "Net Income": NaN
    },
    "2020-09-30": {
        "Diluted EPS": 0.0,
        "Total Revenue": 26,
        "Gross Profit": 18,
        "Operating Income": -5,
        "EBIT": -5,
        "Net Income": 0
    },
    "2020-06-30": {
        "Diluted EPS": 0.0,
        "Total Revenue": NaN,
        "Gross Profit": NaN,
        "Operating Income": 0,
        "EBIT": 0,
        "Net Income": 0
    },
    "2019-12-31": {
        "Diluted EPS": 0.0,
        "Total Revenue": NaN,
        "Gross Profit": NaN,
        "Operating Income": NaN,
        "EBIT": NaN,
        "Net Income": NaN
    },
    "2019-09-30": {
        "Diluted EPS": 0.0,
        "Total Revenue": NaN,
        "Gross Profit": NaN,
        "Operating Income": 0,
        "EBIT": 0,
        "Net Income": 0
    },
    "2023-06-30": {
        "Tax Effect Of Unusual Items": NaN,
        "Tax Rate For Calcs": NaN,
        "Normalized EBITDA": NaN,
        "Total Unusual Items": 4198000.0,
        "Total Unusual Items Excluding Goodwill": 4198000.0,
        "Net Income From Continuing Operation Net Minority Interest": NaN,
        "Reconciled Depreciation": NaN,
        "Reconciled Cost Of Revenue": NaN,
        "EBITDA": NaN,
        "EBIT": NaN,
        "Net Interest Income": NaN,
        "Interest Income": NaN,
        "Normalized Income": NaN,
        "Net Income From Continuing And Discontinued Operation": NaN,
        "Total Expenses": NaN,
        "Total Operating Income As Reported": NaN,
        "Diluted Average Shares": NaN,
        "Basic Average Shares": NaN,
        "Diluted EPS": NaN,
        "Basic EPS": NaN,
        "Diluted NI Availto Com Stockholders": NaN,
        "Net Income Common Stockholders": NaN,
        "Net Income": NaN,
        "Minority Interests": NaN,
        "Net Income Including Noncontrolling Interests": NaN,
        "Net Income Continuous Operations": NaN,
        "Tax Provision": NaN,
        "Pretax Income": NaN,
        "Other Income Expense": NaN,
        "Other Non Operating Income Expenses": NaN,
        "Gain On Sale Of Security": 4198000.0,
        "Net Non Operating Interest Income Expense": NaN,
        "Interest Income Non Operating": NaN,
        "Operating Income": NaN,
        "Operating Expense": NaN,
        "Selling General And Administration": NaN,
        "Selling And Marketing Expense": NaN,
        "General And Administrative Expense": NaN,
        "Other Gand A": NaN,
        "Gross Profit": NaN,
        "Cost Of Revenue": NaN,
        "Total Revenue": NaN,
        "Operating Revenue": NaN
    },
    "2023-09-30": {
        "Tax Effect Of Unusual Items": NaN,
        "Tax Rate For Calcs": NaN,
        "Normalized EBITDA": NaN,
        "Total Unusual Items": 4099000.0,
        "Total Unusual Items Excluding Goodwill": 4099000.0,
        "Net Income From Continuing Operation Net Minority Interest": NaN,
        "Reconciled Depreciation": NaN,
        "Reconciled Cost Of Revenue": NaN,
        "EBITDA": NaN,
        "EBIT": NaN,
        "Net Interest Income": NaN,
        "Interest Income": NaN,
        "Normalized Income": NaN,
        "Net Income From Continuing And Discontinued Operation": NaN,
        "Total Expenses": NaN,
        "Total Operating Income As Reported": NaN,
        "Diluted Average Shares": NaN,
        "Basic Average Shares": NaN,
        "Diluted EPS": NaN,
        "Basic EPS": NaN,
        "Diluted NI Availto Com Stockholders": NaN,
        "Net Income Common Stockholders": NaN,
        "Net Income": NaN,
        "Minority Interests": NaN,
        "Net Income Including Noncontrolling Interests": NaN,
        "Net Income Continuous Operations": NaN,
        "Tax Provision": NaN,
        "Pretax Income": NaN,
        "Other Income Expense": NaN,
        "Other Non Operating Income Expenses": NaN,
        "Gain On Sale Of Security": 4099000.0,
        "Net Non Operating Interest Income Expense": NaN,
        "Interest Income Non Operating": NaN,
        "Operating Income": NaN,
        "Operating Expense": NaN,
        "Selling General And Administration": NaN,
        "Selling And Marketing Expense": NaN,
        "General And Administrative Expense": NaN,
        "Other Gand A": NaN,
        "Gross Profit": NaN,
        "Cost Of Revenue": NaN,
        "Total Revenue": NaN,
        "Operating Revenue": NaN
    },
    "2023-12-31": {
        "Tax Effect Of Unusual Items": NaN,
        "Tax Rate For Calcs": NaN,
        "Normalized EBITDA": NaN,
        "Total Unusual Items": 0.0,
        "Total Unusual Items Excluding Goodwill": 0.0,
        "Net Income From Continuing Operation Net Minority Interest": NaN,
        "Reconciled Depreciation": NaN,
        "Reconciled Cost Of Revenue": NaN,
        "EBITDA": NaN,
        "EBIT": NaN,
        "Net Interest Income": NaN,
        "Interest Income": NaN,
        "Normalized Income": NaN,
        "Net Income From Continuing And Discontinued Operation": NaN,
        "Total Expenses": NaN,
        "Total Operating Income As Reported": NaN,
        "Diluted Average Shares": NaN,
        "Basic Average Shares": NaN,
        "Diluted EPS": NaN,
        "Basic EPS": NaN,
        "Diluted NI Availto Com Stockholders": NaN,
        "Net Income Common Stockholders": NaN,
        "Net Income": NaN,
        "Minority Interests": NaN,
        "Net Income Including Noncontrolling Interests": NaN,
        "Net Income Continuous Operations": NaN,
        "Tax Provision": NaN,
        "Pretax Income": NaN,
        "Other Income Expense": NaN,
        "Other Non Operating Income Expenses": NaN,
        "Gain On Sale Of Security": 0.0,
        "Net Non Operating Interest Income Expense": NaN,
        "Interest Income Non Operating": NaN,
        "Operating Income": NaN,
        "Operating Expense": NaN,
        "Selling General And Administration": NaN,
        "Selling And Marketing Expense": NaN,
        "General And Administrative Expense": NaN,
        "Other Gand A": NaN,
        "Gross Profit": NaN,
        "Cost Of Revenue": NaN,
        "Total Revenue": NaN,
        "Operating Revenue": NaN
    },
    "2024-03-31": {
        "Tax Effect Of Unusual Items": NaN,
        "Tax Rate For Calcs": NaN,
        "Normalized EBITDA": NaN,
        "Net Income From Continuing Operation Net Minority Interest": NaN,
        "Reconciled Depreciation": NaN,
        "Reconciled Cost Of Revenue": NaN,
        "EBITDA": NaN,
        "EBIT": NaN,
        "Net Interest Income": NaN,
        "Interest Income": NaN,
        "Normalized Income": NaN,
        "Net Income From Continuing And Discontinued Operation": NaN,
        "Total Expenses": NaN,
        "Total Operating Income As Reported": NaN,
        "Diluted Average Shares": NaN,
        "Basic Average Shares": NaN,
        "Diluted EPS": NaN,
        "Basic EPS": NaN,
        "Diluted NI Availto Com Stockholders": NaN,
        "Net Income Common Stockholders": NaN,
        "Net Income": NaN,
        "Minority Interests": NaN,
        "Net Income Including Noncontrolling Interests": NaN,
        "Net Income Continuous Operations": NaN,
        "Tax Provision": NaN,
        "Pretax Income": NaN,
        "Other Income Expense": -25000.0,
        "Other Non Operating Income Expenses": -25000.0,
        "Net Non Operating Interest Income Expense": NaN,
        "Interest Income Non Operating": NaN,
        "Operating Income": NaN,
        "Operating Expense": NaN,
        "Selling General And Administration": NaN,
        "Selling And Marketing Expense": NaN,
        "General And Administrative Expense": NaN,
        "Other Gand A": NaN,
        "Gross Profit": NaN,
        "Cost Of Revenue": NaN,
        "Total Revenue": NaN,
        "Operating Revenue": NaN
    },
    "2024-06-30": {
        "Tax Effect Of Unusual Items": 0.0,
        "Tax Rate For Calcs": 0.21,
        "Normalized EBITDA": -13356000.0,
        "Net Income From Continuing Operation Net Minority Interest": -9093000.0,
        "Reconciled Depreciation": 1873000.0,
        "Reconciled Cost Of Revenue": 17497000.0,
        "EBITDA": -13356000.0,
        "EBIT": -15229000.0,
        "Net Interest Income": 879000.0,
        "Interest Income": 879000.0,
        "Normalized Income": -9093000.0,
        "Net Income From Continuing And Discontinued Operation": -9093000.0,
        "Total Expenses": 66213000.0,
        "Total Operating Income As Reported": -15229000.0,
        "Diluted Average Shares": 109924000.0,
        "Basic Average Shares": 109924000.0,
        "Diluted EPS": -0.08,
        "Basic EPS": -0.08,
        "Diluted NI Availto Com Stockholders": -9093000.0,
        "Net Income Common Stockholders": -9093000.0,
        "Net Income": -9093000.0,
        "Minority Interests": 5305000.0,
        "Net Income Including Noncontrolling Interests": -14398000.0,
        "Net Income Continuous Operations": -14398000.0,
        "Tax Provision": 38000.0,
        "Pretax Income": -14360000.0,
        "Other Income Expense": -10000.0,
        "Other Non Operating Income Expenses": -10000.0,
        "Net Non Operating Interest Income Expense": 879000.0,
        "Interest Income Non Operating": 879000.0,
        "Operating Income": -15229000.0,
        "Operating Expense": 48716000.0,
        "Selling General And Administration": 48716000.0,
        "Selling And Marketing Expense": 15537000.0,
        "General And Administrative Expense": 33179000.0,
        "Other Gand A": 33179000.0,
        "Gross Profit": 33487000.0,
        "Cost Of Revenue": 17497000.0,
        "Total Revenue": 50984000.0,
        "Operating Revenue": 50851000.0
    },
    "2024-09-30": {
        "Tax Effect Of Unusual Items": 0.0,
        "Tax Rate For Calcs": 0.21,
        "Normalized EBITDA": -23790000.0,
        "Net Income From Continuing Operation Net Minority Interest": -15900000.0,
        "Reconciled Depreciation": 1934000.0,
        "Reconciled Cost Of Revenue": 11077000.0,
        "EBITDA": -23790000.0,
        "EBIT": -25724000.0,
        "Net Interest Income": 768000.0,
        "Interest Income": 768000.0,
        "Normalized Income": -15900000.0,
        "Net Income From Continuing And Discontinued Operation": -15900000.0,
        "Total Expenses": 63254000.0,
        "Total Operating Income As Reported": -25724000.0,
        "Diluted Average Shares": 113287000.0,
        "Basic Average Shares": 113287000.0,
        "Diluted EPS": -0.14,
        "Basic EPS": -0.14,
        "Diluted NI Availto Com Stockholders": -15900000.0,
        "Net Income Common Stockholders": -15900000.0,
        "Net Income": -15900000.0,
        "Minority Interests": 9058000.0,
        "Net Income Including Noncontrolling Interests": -24958000.0,
        "Net Income Continuous Operations": -24958000.0,
        "Tax Provision": 29000.0,
        "Pretax Income": -24929000.0,
        "Other Income Expense": 27000.0,
        "Other Non Operating Income Expenses": 27000.0,
        "Net Non Operating Interest Income Expense": 768000.0,
        "Interest Income Non Operating": 768000.0,
        "Operating Income": -25724000.0,
        "Operating Expense": 52177000.0,
        "Selling General And Administration": 52177000.0,
        "Selling And Marketing Expense": 20315000.0,
        "General And Administrative Expense": 31862000.0,
        "Other Gand A": 31862000.0,
        "Gross Profit": 26453000.0,
        "Cost Of Revenue": 11077000.0,
        "Total Revenue": 37530000.0,
        "Operating Revenue": 37530000.0
    },
    "2024-12-31": {
        "Tax Effect Of Unusual Items": 0.0,
        "Tax Rate For Calcs": 0.21,
        "Normalized EBITDA": -14329000.0,
        "Net Income From Continuing Operation Net Minority Interest": -10146000.0,
        "Reconciled Depreciation": 1973000.0,
        "Reconciled Cost Of Revenue": 16051000.0,
        "EBITDA": -14329000.0,
        "EBIT": -16302000.0,
        "Net Interest Income": 571000.0,
        "Interest Income": 571000.0,
        "Normalized Income": -10146000.0,
        "Net Income From Continuing And Discontinued Operation": -10146000.0,
        "Total Expenses": 64292000.0,
        "Total Operating Income As Reported": -16302000.0,
        "Diluted Average Shares": 115981000.0,
        "Basic Average Shares": 115981000.0,
        "Diluted EPS": -0.09,
        "Basic EPS": -0.09,
        "Diluted NI Availto Com Stockholders": -10146000.0,
        "Net Income Common Stockholders": -10146000.0,
        "Net Income": -10146000.0,
        "Minority Interests": 5625000.0,
        "Net Income Including Noncontrolling Interests": -15771000.0,
        "Net Income Continuous Operations": -15771000.0,
        "Tax Provision": 25000.0,
        "Pretax Income": -15746000.0,
        "Other Income Expense": -15000.0,
        "Other Non Operating Income Expenses": -15000.0,
        "Net Non Operating Interest Income Expense": 571000.0,
        "Interest Income Non Operating": 571000.0,
        "Operating Income": -16302000.0,
        "Operating Expense": 48241000.0,
        "Selling General And Administration": 48241000.0,
        "Selling And Marketing Expense": 18379000.0,
        "General And Administrative Expense": 29862000.0,
        "Other Gand A": 29862000.0,
        "Gross Profit": 31939000.0,
        "Cost Of Revenue": 16051000.0,
        "Total Revenue": 47990000.0,
        "Operating Revenue": 47990000.0
    },
    "2025-03-31": {
        "Tax Effect Of Unusual Items": 0.0,
        "Tax Rate For Calcs": 0.21,
        "Normalized EBITDA": -14600000.0,
        "Net Income From Continuing Operation Net Minority Interest": -10496000.0,
        "Reconciled Depreciation": 1985000.0,
        "Reconciled Cost Of Revenue": 19984000.0,
        "EBITDA": -14600000.0,
        "EBIT": -16585000.0,
        "Net Interest Income": 462000.0,
        "Interest Income": 462000.0,
        "Normalized Income": -10496000.0,
        "Net Income From Continuing And Discontinued Operation": -10496000.0,
        "Total Expenses": 64180000.0,
        "Total Operating Income As Reported": -16585000.0,
        "Diluted Average Shares": 118456000.0,
        "Basic Average Shares": 118456000.0,
        "Diluted EPS": -0.09,
        "Basic EPS": -0.09,
        "Diluted NI Availto Com Stockholders": -10496000.0,
        "Net Income Common Stockholders": -10496000.0,
        "Net Income": -10496000.0,
        "Minority Interests": 5655000.0,
        "Net Income Including Noncontrolling Interests": -16151000.0,
        "Net Income Continuous Operations": -16151000.0,
        "Tax Provision": 28000.0,
        "Pretax Income": -16123000.0,
        "Other Income Expense": NaN,
        "Other Non Operating Income Expenses": NaN,
        "Net Non Operating Interest Income Expense": 462000.0,
        "Interest Income Non Operating": 462000.0,
        "Operating Income": -16585000.0,
        "Operating Expense": 44196000.0,
        "Selling General And Administration": 44196000.0,
        "Selling And Marketing Expense": 15785000.0,
        "General And Administrative Expense": 28411000.0,
        "Other Gand A": 28411000.0,
        "Gross Profit": 27611000.0,
        "Cost Of Revenue": 19984000.0,
        "Total Revenue": 47595000.0,
        "Operating Revenue": 47595000.0
    },
    "2025-06-30": {
        "Tax Effect Of Unusual Items": 0.0,
        "Tax Rate For Calcs": 0.21,
        "Normalized EBITDA": -10292000.0,
        "Net Income From Continuing Operation Net Minority Interest": -7897000.0,
        "Reconciled Depreciation": 1996000.0,
        "Reconciled Cost Of Revenue": 17421000.0,
        "EBITDA": -10292000.0,
        "EBIT": -12288000.0,
        "Net Interest Income": 365000.0,
        "Interest Income": 365000.0,
        "Normalized Income": -7897000.0,
        "Net Income From Continuing And Discontinued Operation": -7897000.0,
        "Total Expenses": 57551000.0,
        "Total Operating Income As Reported": -12288000.0,
        "Diluted Average Shares": 120151000.0,
        "Basic Average Shares": 120151000.0,
        "Diluted EPS": -0.07,
        "Basic EPS": -0.07,
        "Diluted NI Availto Com Stockholders": -7897000.0,
        "Net Income Common Stockholders": -7897000.0,
        "Net Income": -7897000.0,
        "Minority Interests": 4104000.0,
        "Net Income Including Noncontrolling Interests": -12001000.0,
        "Net Income Continuous Operations": -12001000.0,
        "Tax Provision": 74000.0,
        "Pretax Income": -11927000.0,
        "Other Income Expense": -4000.0,
        "Other Non Operating Income Expenses": -4000.0,
        "Net Non Operating Interest Income Expense": 365000.0,
        "Interest Income Non Operating": 365000.0,
        "Operating Income": -12288000.0,
        "Operating Expense": 40130000.0,
        "Selling General And Administration": 40130000.0,
        "Selling And Marketing Expense": 13558000.0,
        "General And Administrative Expense": 26572000.0,
        "Other Gand A": 26572000.0,
        "Gross Profit": 27842000.0,
        "Cost Of Revenue": 17421000.0,
        "Total Revenue": 45263000.0,
        "Operating Revenue": 45132000.0
    }
}