{
    "2023-06-30": {
        "Tax Effect Of Unusual Items": 0.0,
        "Tax Rate For Calcs": 0.1956,
        "Net Income From Continuing Operation Net Minority Interest": 5577000.0,
        "Reconciled Depreciation": 1079000.0,
        "Net Interest Income": 24932000.0,
        "Interest Expense": 6678000.0,
        "Interest Income": 31610000.0,
        "Normalized Income": 5577000.0,
        "Net Income From Continuing And Discontinued Operation": 5577000.0,
        "Diluted Average Shares": 5677292.0,
        "Basic Average Shares": 5632174.0,
        "Diluted EPS": 0.98,
        "Basic EPS": 0.99,
        "Diluted NI Availto Com Stockholders": 5577000.0,
        "Net Income Common Stockholders": 5577000.0,
        "Net Income": 5577000.0,
        "Net Income Including Noncontrolling Interests": 5577000.0,
        "Net Income Continuous Operations": 5577000.0,
        "Tax Provision": 1356000.0,
        "Pretax Income": 6933000.0,
        "Gain On Sale Of Security": -234000.0,
        "Depreciation Amortization Depletion Income Statement": 3000.0,
        "Depreciation And Amortization In Income Statement": 3000.0,
        "Amortization": 3000.0,
        "Amortization Of Intangibles Income Statement": 3000.0,
        "Selling General And Administration": 16763000.0,
        "Selling And Marketing Expense": 933000.0,
        "General And Administrative Expense": 15830000.0,
        "Insurance And Claims": 647000.0,
        "Salaries And Wages": 15183000.0,
        "Total Revenue": 32122000.0,
        "Operating Revenue": 32122000.0,
        "Occupancy And Equipment": 1811000.0,
        "Professional Expense And Contract Services Expense": 801000.0,
        "Other Non Interest Expense": 4404000.0
    },
    "2023-03-31": {
        "Tax Effect Of Unusual Items": 0.0,
        "Tax Rate For Calcs": 0.2044,
        "Net Income From Continuing Operation Net Minority Interest": 4830000.0,
        "Reconciled Depreciation": 1080000.0,
        "Net Interest Income": 24828000.0,
        "Interest Expense": 4763000.0,
        "Interest Income": 29591000.0,
        "Normalized Income": 4830000.0,
        "Net Income From Continuing And Discontinued Operation": 4830000.0,
        "Diluted Average Shares": 5757458.0,
        "Basic Average Shares": 5691432.0,
        "Diluted EPS": 0.84,
        "Basic EPS": 0.85,
        "Diluted NI Availto Com Stockholders": 4830000.0,
        "Net Income Common Stockholders": 4830000.0,
        "Net Income": 4830000.0,
        "Net Income Including Noncontrolling Interests": 4830000.0,
        "Net Income Continuous Operations": 4830000.0,
        "Tax Provision": 1241000.0,
        "Pretax Income": 6071000.0,
        "Gain On Sale Of Security": -223000.0,
        "Depreciation Amortization Depletion Income Statement": 4000.0,
        "Depreciation And Amortization In Income Statement": 4000.0,
        "Amortization": 4000.0,
        "Amortization Of Intangibles Income Statement": 4000.0,
        "Selling General And Administration": 16605000.0,
        "Selling And Marketing Expense": 564000.0,
        "General And Administrative Expense": 16041000.0,
        "Insurance And Claims": 557000.0,
        "Salaries And Wages": 15484000.0,
        "Total Revenue": 29940000.0,
        "Operating Revenue": 29940000.0,
        "Occupancy And Equipment": 1943000.0,
        "Professional Expense And Contract Services Expense": 722000.0,
        "Other Non Interest Expense": 4235000.0
    },
    "2022-12-31": {
        "Tax Effect Of Unusual Items": 0.0,
        "Tax Rate For Calcs": 0.136181,
        "Net Income From Continuing Operation Net Minority Interest": 8595000.0,
        "Reconciled Depreciation": 1067000.0,
        "Net Interest Income": 27076000.0,
        "Interest Expense": 2431000.0,
        "Interest Income": 29507000.0,
        "Normalized Income": 8595000.0,
        "Net Income From Continuing And Discontinued Operation": 8595000.0,
        "Diluted Average Shares": 5769415.0,
        "Basic Average Shares": 5690354.0,
        "Diluted EPS": 1.48,
        "Basic EPS": 1.51,
        "Diluted NI Availto Com Stockholders": 8595000.0,
        "Net Income Common Stockholders": 8595000.0,
        "Net Income": 8595000.0,
        "Net Income Including Noncontrolling Interests": 8595000.0,
        "Net Income Continuous Operations": 8595000.0,
        "Tax Provision": 1355000.0,
        "Pretax Income": 9950000.0,
        "Gain On Sale Of Security": 237000.0,
        "Depreciation Amortization Depletion Income Statement": 6000.0,
        "Depreciation And Amortization In Income Statement": 6000.0,
        "Amortization": 6000.0,
        "Amortization Of Intangibles Income Statement": 6000.0,
        "Selling General And Administration": 8948000.0,
        "Selling And Marketing Expense": 984000.0,
        "General And Administrative Expense": 7964000.0,
        "Insurance And Claims": 427000.0,
        "Salaries And Wages": 14155000.0,
        "Total Revenue": 34063000.0,
        "Operating Revenue": 34063000.0
    },
    "2022-09-30": {
        "Tax Effect Of Unusual Items": NaN,
        "Tax Rate For Calcs": NaN,
        "Net Income From Continuing Operation Net Minority Interest": NaN,
        "Reconciled Depreciation": NaN,
        "Net Interest Income": NaN,
        "Interest Expense": NaN,
        "Interest Income": NaN,
        "Normalized Income": NaN,
        "Net Income From Continuing And Discontinued Operation": NaN,
        "Diluted Average Shares": NaN,
        "Basic Average Shares": NaN,
        "Diluted EPS": NaN,
        "Basic EPS": NaN,
        "Diluted NI Availto Com Stockholders": NaN,
        "Net Income Common Stockholders": NaN,
        "Net Income": NaN,
        "Net Income Including Noncontrolling Interests": NaN,
        "Net Income Continuous Operations": NaN,
        "Tax Provision": NaN,
        "Pretax Income": NaN,
        "Gain On Sale Of Security": NaN,
        "Depreciation Amortization Depletion Income Statement": NaN,
        "Depreciation And Amortization In Income Statement": NaN,
        "Amortization": NaN,
        "Amortization Of Intangibles Income Statement": NaN,
        "Selling General And Administration": NaN,
        "Selling And Marketing Expense": NaN,
        "General And Administrative Expense": NaN,
        "Other Gand A": 2315000.0,
        "Insurance And Claims": NaN,
        "Salaries And Wages": NaN,
        "Total Revenue": NaN,
        "Operating Revenue": NaN
    },
    "2022-06-30": {
        "Tax Effect Of Unusual Items": 0.0,
        "Tax Rate For Calcs": 0.241,
        "Net Income From Continuing Operation Net Minority Interest": 4795000.0,
        "Reconciled Depreciation": 6000.0,
        "Net Interest Income": 22212000.0,
        "Interest Expense": 780000.0,
        "Interest Income": 22992000.0,
        "Normalized Income": 4795000.0,
        "Net Income From Continuing And Discontinued Operation": 4795000.0,
        "Diluted Average Shares": 5805870.0,
        "Basic Average Shares": 5750873.0,
        "Diluted EPS": 0.83,
        "Basic EPS": 0.83,
        "Diluted NI Availto Com Stockholders": 4795000.0,
        "Net Income Common Stockholders": 4795000.0,
        "Net Income": 4795000.0,
        "Net Income Including Noncontrolling Interests": 4795000.0,
        "Net Income Continuous Operations": 4795000.0,
        "Tax Provision": 1523000.0,
        "Pretax Income": 6318000.0,
        "Gain On Sale Of Security": -810000.0,
        "Depreciation Amortization Depletion Income Statement": 6000.0,
        "Depreciation And Amortization In Income Statement": 6000.0,
        "Amortization": 6000.0,
        "Amortization Of Intangibles Income Statement": 6000.0,
        "Selling General And Administration": 19042000.0,
        "Selling And Marketing Expense": 814000.0,
        "General And Administrative Expense": 18228000.0,
        "Other Gand A": 2311000.0,
        "Insurance And Claims": 516000.0,
        "Salaries And Wages": 15401000.0,
        "Total Revenue": 30019000.0,
        "Operating Revenue": 30019000.0
    },
    "2022-03-31": {
        "Diluted EPS": 1.2,
        "Total Revenue": 31,
        "Gross Profit": 30,
        "Operating Income": 9,
        "EBIT": NaN,
        "Net Income": 7
    },
    "2021-12-31": {
        "Diluted EPS": 1.31,
        "Total Revenue": 32,
        "Gross Profit": 31,
        "Operating Income": 9,
        "EBIT": NaN,
        "Net Income": 8
    },
    "2021-09-30": {
        "Diluted EPS": 1.42,
        "Total Revenue": 34,
        "Gross Profit": 33,
        "Operating Income": 12,
        "EBIT": NaN,
        "Net Income": 9
    },
    "2021-06-30": {
        "Diluted EPS": 1.33,
        "Total Revenue": 34,
        "Gross Profit": 33,
        "Operating Income": 11,
        "EBIT": NaN,
        "Net Income": 8
    },
    "2021-03-31": {
        "Diluted EPS": 1.94,
        "Total Revenue": 36,
        "Gross Profit": 35,
        "Operating Income": 16,
        "EBIT": NaN,
        "Net Income": 12
    },
    "2020-12-31": {
        "Diluted EPS": 1.59,
        "Total Revenue": 38,
        "Gross Profit": 37,
        "Operating Income": 13,
        "EBIT": NaN,
        "Net Income": 10
    },
    "2020-09-30": {
        "Diluted EPS": 1.84,
        "Total Revenue": 41,
        "Gross Profit": 40,
        "Operating Income": 16,
        "EBIT": NaN,
        "Net Income": 12
    },
    "2020-06-30": {
        "Diluted EPS": 1.52,
        "Total Revenue": 37,
        "Gross Profit": 35,
        "Operating Income": 12,
        "EBIT": NaN,
        "Net Income": 10
    },
    "2020-03-31": {
        "Diluted EPS": 0.16,
        "Total Revenue": 24,
        "Gross Profit": 22,
        "Operating Income": 1,
        "EBIT": NaN,
        "Net Income": 1
    },
    "2019-12-31": {
        "Diluted EPS": 0.69,
        "Total Revenue": 28,
        "Gross Profit": 26,
        "Operating Income": 6,
        "EBIT": NaN,
        "Net Income": 5
    },
    "2019-09-30": {
        "Diluted EPS": 1.11,
        "Total Revenue": 28,
        "Gross Profit": 27,
        "Operating Income": 10,
        "EBIT": NaN,
        "Net Income": 8
    },
    "2019-06-30": {
        "Diluted EPS": 0.62,
        "Total Revenue": 27,
        "Gross Profit": 26,
        "Operating Income": 5,
        "EBIT": NaN,
        "Net Income": 4
    },
    "2019-03-31": {
        "Diluted EPS": 0.62,
        "Total Revenue": 24,
        "Gross Profit": 23,
        "Operating Income": 5,
        "EBIT": NaN,
        "Net Income": 4
    },
    "2018-12-31": {
        "Diluted EPS": 0.69,
        "Total Revenue": 25,
        "Gross Profit": 24,
        "Operating Income": 6,
        "EBIT": NaN,
        "Net Income": 5
    },
    "2018-09-30": {
        "Diluted EPS": 0.75,
        "Total Revenue": 25,
        "Gross Profit": 24,
        "Operating Income": 7,
        "EBIT": NaN,
        "Net Income": 5
    },
    "2018-06-30": {
        "Diluted EPS": 0.84,
        "Total Revenue": 24,
        "Gross Profit": 23,
        "Operating Income": 7,
        "EBIT": NaN,
        "Net Income": 6
    },
    "2018-03-31": {
        "Diluted EPS": 0.58,
        "Total Revenue": 22,
        "Gross Profit": 22,
        "Operating Income": 5,
        "EBIT": NaN,
        "Net Income": 4
    },
    "2017-12-31": {
        "Diluted EPS": 0.03,
        "Total Revenue": 23,
        "Gross Profit": 23,
        "Operating Income": 5,
        "EBIT": NaN,
        "Net Income": 0
    },
    "2017-09-30": {
        "Diluted EPS": 0.79,
        "Total Revenue": 29,
        "Gross Profit": 29,
        "Operating Income": 9,
        "EBIT": NaN,
        "Net Income": 6
    },
    "2017-06-30": {
        "Diluted EPS": 0.51,
        "Total Revenue": 25,
        "Gross Profit": 24,
        "Operating Income": 5,
        "EBIT": NaN,
        "Net Income": 4
    },
    "2017-03-31": {
        "Diluted EPS": 0.55,
        "Total Revenue": 23,
        "Gross Profit": 23,
        "Operating Income": 6,
        "EBIT": NaN,
        "Net Income": 4
    },
    "2016-12-31": {
        "Diluted EPS": 0.51,
        "Total Revenue": 25,
        "Gross Profit": 24,
        "Operating Income": 5,
        "EBIT": NaN,
        "Net Income": 4
    },
    "2016-09-30": {
        "Diluted EPS": 0.44,
        "Total Revenue": 27,
        "Gross Profit": 26,
        "Operating Income": 4,
        "EBIT": NaN,
        "Net Income": 3
    },
    "2016-06-30": {
        "Diluted EPS": 0.63,
        "Total Revenue": 27,
        "Gross Profit": 26,
        "Operating Income": 6,
        "EBIT": NaN,
        "Net Income": 4
    },
    "2016-03-31": {
        "Diluted EPS": 0.48,
        "Total Revenue": 24,
        "Gross Profit": 23,
        "Operating Income": 5,
        "EBIT": NaN,
        "Net Income": 3
    },
    "2015-12-31": {
        "Diluted EPS": 0.59,
        "Total Revenue": 25,
        "Gross Profit": 25,
        "Operating Income": 6,
        "EBIT": NaN,
        "Net Income": 4
    },
    "2015-09-30": {
        "Diluted EPS": 0.77,
        "Total Revenue": 28,
        "Gross Profit": 27,
        "Operating Income": 8,
        "EBIT": NaN,
        "Net Income": 5
    },
    "2015-06-30": {
        "Diluted EPS": 0.69,
        "Total Revenue": 27,
        "Gross Profit": 26,
        "Operating Income": 8,
        "EBIT": NaN,
        "Net Income": 5
    },
    "2015-03-31": {
        "Diluted EPS": 0.51,
        "Total Revenue": 25,
        "Gross Profit": 24,
        "Operating Income": 5,
        "EBIT": NaN,
        "Net Income": 4
    },
    "2014-12-31": {
        "Diluted EPS": 0.98,
        "Total Revenue": 23,
        "Gross Profit": 22,
        "Operating Income": 9,
        "EBIT": NaN,
        "Net Income": 7
    },
    "2014-09-30": {
        "Diluted EPS": 0.53,
        "Total Revenue": 19,
        "Gross Profit": 19,
        "Operating Income": 7,
        "EBIT": NaN,
        "Net Income": 4
    },
    "2014-06-30": {
        "Diluted EPS": 0.63,
        "Total Revenue": 18,
        "Gross Profit": 18,
        "Operating Income": 7,
        "EBIT": NaN,
        "Net Income": 4
    },
    "2014-03-31": {
        "Diluted EPS": 0.4,
        "Total Revenue": 14,
        "Gross Profit": 14,
        "Operating Income": 4,
        "EBIT": NaN,
        "Net Income": 3
    },
    "2013-12-31": {
        "Diluted EPS": 0.4,
        "Total Revenue": 15,
        "Gross Profit": 14,
        "Operating Income": 5,
        "EBIT": NaN,
        "Net Income": 3
    },
    "2013-09-30": {
        "Diluted EPS": 0.53,
        "Total Revenue": 15,
        "Gross Profit": 14,
        "Operating Income": 5,
        "EBIT": NaN,
        "Net Income": 3
    },
    "2013-06-30": {
        "Diluted EPS": 0.53,
        "Total Revenue": 15,
        "Gross Profit": 15,
        "Operating Income": 5,
        "EBIT": NaN,
        "Net Income": 3
    },
    "2013-03-31": {
        "Diluted EPS": 0.41,
        "Total Revenue": 14,
        "Gross Profit": 14,
        "Operating Income": 4,
        "EBIT": NaN,
        "Net Income": 3
    },
    "2012-12-31": {
        "Diluted EPS": 0.48,
        "Total Revenue": 16,
        "Gross Profit": 15,
        "Operating Income": 5,
        "EBIT": NaN,
        "Net Income": 3
    },
    "2012-09-30": {
        "Diluted EPS": 0.62,
        "Total Revenue": 15,
        "Gross Profit": 15,
        "Operating Income": 6,
        "EBIT": NaN,
        "Net Income": 4
    },
    "2012-06-30": {
        "Diluted EPS": 0.48,
        "Total Revenue": 15,
        "Gross Profit": 14,
        "Operating Income": 5,
        "EBIT": NaN,
        "Net Income": 3
    },
    "2012-03-31": {
        "Diluted EPS": 0.39,
        "Total Revenue": 14,
        "Gross Profit": 14,
        "Operating Income": 4,
        "EBIT": NaN,
        "Net Income": 3
    },
    "2011-12-31": {
        "Diluted EPS": 0.5,
        "Total Revenue": 15,
        "Gross Profit": 15,
        "Operating Income": 5,
        "EBIT": NaN,
        "Net Income": 3
    },
    "2011-09-30": {
        "Diluted EPS": 0.38,
        "Total Revenue": 15,
        "Gross Profit": 14,
        "Operating Income": 4,
        "EBIT": NaN,
        "Net Income": 3
    },
    "2011-06-30": {
        "Diluted EPS": 0.49,
        "Total Revenue": 15,
        "Gross Profit": 14,
        "Operating Income": 5,
        "EBIT": NaN,
        "Net Income": 3
    },
    "2011-03-31": {
        "Diluted EPS": 0.37,
        "Total Revenue": 14,
        "Gross Profit": 13,
        "Operating Income": 4,
        "EBIT": NaN,
        "Net Income": 2
    },
    "2010-12-31": {
        "Diluted EPS": 0.29,
        "Total Revenue": 15,
        "Gross Profit": 14,
        "Operating Income": 2,
        "EBIT": NaN,
        "Net Income": 2
    },
    "2010-09-30": {
        "Diluted EPS": 0.49,
        "Total Revenue": 15,
        "Gross Profit": 14,
        "Operating Income": 5,
        "EBIT": NaN,
        "Net Income": 3
    },
    "2010-06-30": {
        "Diluted EPS": 0.33,
        "Total Revenue": 16,
        "Gross Profit": 14,
        "Operating Income": 4,
        "EBIT": NaN,
        "Net Income": 2
    },
    "2010-03-31": {
        "Diluted EPS": 0.29,
        "Total Revenue": 15,
        "Gross Profit": 14,
        "Operating Income": 3,
        "EBIT": NaN,
        "Net Income": 2
    },
    "2009-12-31": {
        "Diluted EPS": 0.3,
        "Total Revenue": 16,
        "Gross Profit": 14,
        "Operating Income": 3,
        "EBIT": NaN,
        "Net Income": 2
    },
    "2009-09-30": {
        "Diluted EPS": 0.3,
        "Total Revenue": 17,
        "Gross Profit": 15,
        "Operating Income": 3,
        "EBIT": NaN,
        "Net Income": 2
    },
    "2009-06-30": {
        "Diluted EPS": 0.29,
        "Total Revenue": 17,
        "Gross Profit": 15,
        "Operating Income": 3,
        "EBIT": NaN,
        "Net Income": 2
    },
    "2009-03-31": {
        "Diluted EPS": 0.31,
        "Total Revenue": 17,
        "Gross Profit": 15,
        "Operating Income": 3,
        "EBIT": NaN,
        "Net Income": 2
    },
    "2023-09-30": {
        "Tax Effect Of Unusual Items": NaN,
        "Tax Rate For Calcs": NaN,
        "Net Income From Continuing Operation Net Minority Interest": NaN,
        "Reconciled Depreciation": NaN,
        "Net Interest Income": NaN,
        "Interest Expense": NaN,
        "Interest Income": NaN,
        "Normalized Income": NaN,
        "Net Income From Continuing And Discontinued Operation": NaN,
        "Diluted Average Shares": 5624906.0,
        "Basic Average Shares": 5569238.0,
        "Diluted EPS": 1.48,
        "Basic EPS": 1.5,
        "Diluted NI Availto Com Stockholders": NaN,
        "Net Income Common Stockholders": NaN,
        "Net Income": NaN,
        "Net Income Including Noncontrolling Interests": NaN,
        "Net Income Continuous Operations": NaN,
        "Tax Provision": NaN,
        "Pretax Income": NaN,
        "Gain On Sale Of Security": NaN,
        "Depreciation Amortization Depletion Income Statement": NaN,
        "Depreciation And Amortization In Income Statement": NaN,
        "Amortization": NaN,
        "Amortization Of Intangibles Income Statement": NaN,
        "Selling General And Administration": NaN,
        "Selling And Marketing Expense": NaN,
        "General And Administrative Expense": NaN,
        "Insurance And Claims": NaN,
        "Salaries And Wages": NaN,
        "Total Revenue": NaN,
        "Operating Revenue": NaN,
        "Occupancy And Equipment": NaN,
        "Professional Expense And Contract Services Expense": NaN,
        "Other Non Interest Expense": NaN
    },
    "2023-12-31": {
        "Tax Effect Of Unusual Items": NaN,
        "Tax Rate For Calcs": NaN,
        "Total Unusual Items": NaN,
        "Total Unusual Items Excluding Goodwill": NaN,
        "Net Income From Continuing Operation Net Minority Interest": NaN,
        "Reconciled Depreciation": NaN,
        "Net Interest Income": NaN,
        "Interest Expense": NaN,
        "Interest Income": NaN,
        "Normalized Income": NaN,
        "Net Income From Continuing And Discontinued Operation": NaN,
        "Diluted Average Shares": NaN,
        "Basic Average Shares": NaN,
        "Diluted EPS": NaN,
        "Basic EPS": NaN,
        "Diluted NI Availto Com Stockholders": NaN,
        "Net Income Common Stockholders": NaN,
        "Net Income": NaN,
        "Net Income Including Noncontrolling Interests": NaN,
        "Net Income Continuous Operations": NaN,
        "Tax Provision": NaN,
        "Pretax Income": NaN,
        "Special Income Charges": NaN,
        "Restructuring And Mergern Acquisition": NaN,
        "Gain On Sale Of Security": NaN,
        "Depreciation Amortization Depletion Income Statement": 6000.0,
        "Depreciation And Amortization In Income Statement": 6000.0,
        "Amortization": 6000.0,
        "Amortization Of Intangibles Income Statement": 6000.0,
        "Selling General And Administration": NaN,
        "Selling And Marketing Expense": NaN,
        "General And Administrative Expense": NaN,
        "Insurance And Claims": NaN,
        "Salaries And Wages": NaN,
        "Total Revenue": NaN,
        "Operating Revenue": NaN,
        "Occupancy And Equipment": NaN,
        "Professional Expense And Contract Services Expense": NaN,
        "Other Non Interest Expense": NaN
    },
    "2024-03-31": {
        "Tax Effect Of Unusual Items": NaN,
        "Tax Rate For Calcs": NaN,
        "Total Unusual Items": 0.0,
        "Total Unusual Items Excluding Goodwill": 0.0,
        "Net Income From Continuing Operation Net Minority Interest": NaN,
        "Reconciled Depreciation": NaN,
        "Net Interest Income": NaN,
        "Interest Expense": NaN,
        "Interest Income": NaN,
        "Normalized Income": NaN,
        "Net Income From Continuing And Discontinued Operation": NaN,
        "Diluted Average Shares": NaN,
        "Basic Average Shares": NaN,
        "Diluted EPS": NaN,
        "Basic EPS": NaN,
        "Diluted NI Availto Com Stockholders": NaN,
        "Net Income Common Stockholders": NaN,
        "Net Income": NaN,
        "Net Income Including Noncontrolling Interests": NaN,
        "Net Income Continuous Operations": NaN,
        "Tax Provision": NaN,
        "Pretax Income": NaN,
        "Special Income Charges": 0.0,
        "Restructuring And Mergern Acquisition": 0.0,
        "Gain On Sale Of Security": NaN,
        "Depreciation Amortization Depletion Income Statement": 0.0,
        "Depreciation And Amortization In Income Statement": 0.0,
        "Amortization": 0.0,
        "Amortization Of Intangibles Income Statement": 0.0,
        "Selling General And Administration": NaN,
        "Selling And Marketing Expense": NaN,
        "General And Administrative Expense": NaN,
        "Insurance And Claims": NaN,
        "Salaries And Wages": NaN,
        "Total Revenue": NaN,
        "Operating Revenue": NaN,
        "Occupancy And Equipment": NaN,
        "Professional Expense And Contract Services Expense": NaN,
        "Other Non Interest Expense": NaN
    },
    "2024-06-30": {
        "Tax Effect Of Unusual Items": 0.0,
        "Tax Rate For Calcs": 0.219453,
        "Total Unusual Items": 0.0,
        "Total Unusual Items Excluding Goodwill": 0.0,
        "Net Income From Continuing Operation Net Minority Interest": 9020000.0,
        "Reconciled Depreciation": 918000.0,
        "Net Interest Income": 26769000.0,
        "Interest Expense": 9856000.0,
        "Interest Income": 36625000.0,
        "Normalized Income": 9020000.0,
        "Net Income From Continuing And Discontinued Operation": 9020000.0,
        "Diluted Average Shares": 5558580.0,
        "Basic Average Shares": 5500588.0,
        "Diluted EPS": 1.62,
        "Basic EPS": 1.64,
        "Diluted NI Availto Com Stockholders": 9020000.0,
        "Net Income Common Stockholders": 9020000.0,
        "Net Income": 9020000.0,
        "Net Income Including Noncontrolling Interests": 9020000.0,
        "Net Income Continuous Operations": 9020000.0,
        "Tax Provision": 2536000.0,
        "Pretax Income": 11556000.0,
        "Special Income Charges": 0.0,
        "Restructuring And Mergern Acquisition": 0.0,
        "Gain On Sale Of Security": -60000.0,
        "Depreciation Amortization Depletion Income Statement": 0.0,
        "Depreciation And Amortization In Income Statement": 0.0,
        "Amortization": 0.0,
        "Amortization Of Intangibles Income Statement": 0.0,
        "Selling General And Administration": 18009000.0,
        "Selling And Marketing Expense": 690000.0,
        "General And Administrative Expense": 17319000.0,
        "Insurance And Claims": 692000.0,
        "Salaries And Wages": 16627000.0,
        "Total Revenue": 36630000.0,
        "Operating Revenue": 36630000.0,
        "Occupancy And Equipment": 1843000.0,
        "Professional Expense And Contract Services Expense": 726000.0,
        "Other Non Interest Expense": 4616000.0
    },
    "2024-09-30": {
        "Tax Effect Of Unusual Items": 0.0,
        "Tax Rate For Calcs": 0.2417,
        "Total Unusual Items": NaN,
        "Total Unusual Items Excluding Goodwill": NaN,
        "Net Income From Continuing Operation Net Minority Interest": 8825000.0,
        "Reconciled Depreciation": 1408000.0,
        "Net Interest Income": 28553000.0,
        "Interest Expense": 10574000.0,
        "Interest Income": 39127000.0,
        "Normalized Income": 8825000.0,
        "Net Income From Continuing And Discontinued Operation": 8825000.0,
        "Diluted Average Shares": 5583055.0,
        "Basic Average Shares": 5501943.0,
        "Diluted EPS": 1.57,
        "Basic EPS": 1.6,
        "Diluted NI Availto Com Stockholders": 8825000.0,
        "Net Income Common Stockholders": 8825000.0,
        "Net Income": 8825000.0,
        "Net Income Including Noncontrolling Interests": 8825000.0,
        "Net Income Continuous Operations": 8825000.0,
        "Tax Provision": 2813000.0,
        "Pretax Income": 11638000.0,
        "Special Income Charges": NaN,
        "Restructuring And Mergern Acquisition": NaN,
        "Gain On Sale Of Security": 576000.0,
        "Depreciation Amortization Depletion Income Statement": 0.0,
        "Depreciation And Amortization In Income Statement": 0.0,
        "Amortization": 0.0,
        "Amortization Of Intangibles Income Statement": 0.0,
        "Selling General And Administration": 19005000.0,
        "Selling And Marketing Expense": 860000.0,
        "General And Administrative Expense": 18145000.0,
        "Insurance And Claims": 596000.0,
        "Salaries And Wages": 17549000.0,
        "Total Revenue": 40429000.0,
        "Operating Revenue": 40429000.0,
        "Occupancy And Equipment": 1911000.0,
        "Professional Expense And Contract Services Expense": 903000.0,
        "Other Non Interest Expense": 4909000.0
    },
    "2024-12-31": {
        "Tax Effect Of Unusual Items": 0.0,
        "Tax Rate For Calcs": 0.178174,
        "Total Unusual Items": NaN,
        "Total Unusual Items Excluding Goodwill": NaN,
        "Net Income From Continuing Operation Net Minority Interest": 10927000.0,
        "Reconciled Depreciation": 387000.0,
        "Net Interest Income": 30544000.0,
        "Interest Expense": 10945000.0,
        "Interest Income": 41489000.0,
        "Normalized Income": 10927000.0,
        "Net Income From Continuing And Discontinued Operation": 10927000.0,
        "Diluted Average Shares": 5597889.0,
        "Basic Average Shares": 5509078.0,
        "Diluted EPS": 1.95,
        "Basic EPS": 1.99,
        "Diluted NI Availto Com Stockholders": 10927000.0,
        "Net Income Common Stockholders": 10927000.0,
        "Net Income": 10927000.0,
        "Net Income Including Noncontrolling Interests": 10927000.0,
        "Net Income Continuous Operations": 10927000.0,
        "Tax Provision": 2369000.0,
        "Pretax Income": 13296000.0,
        "Special Income Charges": NaN,
        "Restructuring And Mergern Acquisition": NaN,
        "Gain On Sale Of Security": -253000.0,
        "Depreciation Amortization Depletion Income Statement": 0.0,
        "Depreciation And Amortization In Income Statement": 0.0,
        "Amortization": 0.0,
        "Amortization Of Intangibles Income Statement": 0.0,
        "Selling General And Administration": 20113000.0,
        "Selling And Marketing Expense": 965000.0,
        "General And Administrative Expense": 19148000.0,
        "Insurance And Claims": 894000.0,
        "Salaries And Wages": 18254000.0,
        "Total Revenue": 43874000.0,
        "Operating Revenue": 43874000.0,
        "Occupancy And Equipment": 1893000.0,
        "Professional Expense And Contract Services Expense": 1967000.0,
        "Other Non Interest Expense": 5404000.0
    },
    "2025-03-31": {
        "Tax Effect Of Unusual Items": -145140.0,
        "Tax Rate For Calcs": 0.2419,
        "Total Unusual Items": -600000.0,
        "Total Unusual Items Excluding Goodwill": -600000.0,
        "Net Income From Continuing Operation Net Minority Interest": 13324000.0,
        "Reconciled Depreciation": 895000.0,
        "Net Interest Income": 31047000.0,
        "Interest Expense": 10264000.0,
        "Interest Income": 41311000.0,
        "Normalized Income": 13778860.0,
        "Net Income From Continuing And Discontinued Operation": 13324000.0,
        "Diluted Average Shares": 5608102.0,
        "Basic Average Shares": 5519998.0,
        "Diluted EPS": 2.38,
        "Basic EPS": 2.41,
        "Diluted NI Availto Com Stockholders": 13324000.0,
        "Net Income Common Stockholders": 13324000.0,
        "Net Income": 13324000.0,
        "Net Income Including Noncontrolling Interests": 13324000.0,
        "Net Income Continuous Operations": 13324000.0,
        "Tax Provision": 4251000.0,
        "Pretax Income": 17575000.0,
        "Special Income Charges": -600000.0,
        "Restructuring And Mergern Acquisition": 600000.0,
        "Gain On Sale Of Security": -50000.0,
        "Depreciation Amortization Depletion Income Statement": NaN,
        "Depreciation And Amortization In Income Statement": NaN,
        "Amortization": NaN,
        "Amortization Of Intangibles Income Statement": NaN,
        "Selling General And Administration": 18912000.0,
        "Selling And Marketing Expense": 672000.0,
        "General And Administrative Expense": 18240000.0,
        "Insurance And Claims": 1017000.0,
        "Salaries And Wages": 17223000.0,
        "Total Revenue": 45497000.0,
        "Operating Revenue": 45497000.0,
        "Occupancy And Equipment": 1889000.0,
        "Professional Expense And Contract Services Expense": 1115000.0,
        "Other Non Interest Expense": 6815000.0
    },
    "2025-06-30": {
        "Tax Effect Of Unusual Items": -151826.484018,
        "Tax Rate For Calcs": 0.253044,
        "Total Unusual Items": -600000.0,
        "Total Unusual Items Excluding Goodwill": -600000.0,
        "Net Income From Continuing Operation Net Minority Interest": 11778000.0,
        "Reconciled Depreciation": 885000.0,
        "Net Interest Income": 33326000.0,
        "Interest Expense": 11207000.0,
        "Interest Income": 44533000.0,
        "Normalized Income": 12226173.515982,
        "Net Income From Continuing And Discontinued Operation": 11778000.0,
        "Diluted Average Shares": 5611558.0,
        "Basic Average Shares": 5521811.0,
        "Diluted EPS": 2.09,
        "Basic EPS": 2.13,
        "Diluted NI Availto Com Stockholders": 11778000.0,
        "Net Income Common Stockholders": 11778000.0,
        "Net Income": 11778000.0,
        "Net Income Including Noncontrolling Interests": 11778000.0,
        "Net Income Continuous Operations": 11778000.0,
        "Tax Provision": 3990000.0,
        "Pretax Income": 15768000.0,
        "Special Income Charges": -600000.0,
        "Restructuring And Mergern Acquisition": 600000.0,
        "Gain On Sale Of Security": 78000.0,
        "Depreciation Amortization Depletion Income Statement": NaN,
        "Depreciation And Amortization In Income Statement": NaN,
        "Amortization": NaN,
        "Amortization Of Intangibles Income Statement": NaN,
        "Selling General And Administration": 22652000.0,
        "Selling And Marketing Expense": 1042000.0,
        "General And Administrative Expense": 21610000.0,
        "Insurance And Claims": 756000.0,
        "Salaries And Wages": 20854000.0,
        "Total Revenue": 50232000.0,
        "Operating Revenue": 50232000.0,
        "Occupancy And Equipment": 2104000.0,
        "Professional Expense And Contract Services Expense": 1113000.0,
        "Other Non Interest Expense": 6019000.0
    }
}