{
    "2023-05-31": {
        "Tax Effect Of Unusual Items": NaN,
        "Tax Rate For Calcs": NaN,
        "Normalized EBITDA": NaN,
        "Net Income From Continuing Operation Net Minority Interest": NaN,
        "Reconciled Depreciation": NaN,
        "EBITDA": NaN,
        "EBIT": NaN,
        "Net Interest Income": NaN,
        "Interest Income": NaN,
        "Normalized Income": NaN,
        "Net Income From Continuing And Discontinued Operation": NaN,
        "Total Expenses": NaN,
        "Total Operating Income As Reported": NaN,
        "Diluted Average Shares": NaN,
        "Basic Average Shares": NaN,
        "Diluted EPS": NaN,
        "Basic EPS": NaN,
        "Diluted NI Availto Com Stockholders": NaN,
        "Net Income Common Stockholders": NaN,
        "Net Income": NaN,
        "Net Income Including Noncontrolling Interests": NaN,
        "Net Income Continuous Operations": NaN,
        "Tax Provision": 0.0,
        "Pretax Income": NaN,
        "Net Non Operating Interest Income Expense": NaN,
        "Interest Income Non Operating": NaN,
        "Operating Income": NaN,
        "Operating Expense": NaN,
        "Research And Development": NaN,
        "Selling General And Administration": NaN,
        "General And Administrative Expense": NaN,
        "Other Gand A": NaN,
        "Total Revenue": NaN,
        "Operating Revenue": NaN
    },
    "2023-02-28": {
        "Tax Effect Of Unusual Items": NaN,
        "Tax Rate For Calcs": NaN,
        "Normalized EBITDA": NaN,
        "Net Income From Continuing Operation Net Minority Interest": NaN,
        "Reconciled Depreciation": NaN,
        "EBITDA": NaN,
        "EBIT": NaN,
        "Net Interest Income": NaN,
        "Interest Income": NaN,
        "Normalized Income": NaN,
        "Net Income From Continuing And Discontinued Operation": NaN,
        "Total Expenses": NaN,
        "Total Operating Income As Reported": NaN,
        "Diluted Average Shares": NaN,
        "Basic Average Shares": NaN,
        "Diluted EPS": NaN,
        "Basic EPS": NaN,
        "Diluted NI Availto Com Stockholders": NaN,
        "Net Income Common Stockholders": NaN,
        "Net Income": NaN,
        "Net Income Including Noncontrolling Interests": NaN,
        "Net Income Continuous Operations": NaN,
        "Tax Provision": 0.0,
        "Pretax Income": NaN,
        "Net Non Operating Interest Income Expense": NaN,
        "Interest Income Non Operating": NaN,
        "Operating Income": NaN,
        "Operating Expense": NaN,
        "Research And Development": NaN,
        "Selling General And Administration": NaN,
        "General And Administrative Expense": NaN,
        "Other Gand A": NaN,
        "Total Revenue": NaN,
        "Operating Revenue": NaN
    },
    "2022-11-30": {
        "Tax Effect Of Unusual Items": NaN,
        "Tax Rate For Calcs": NaN,
        "Normalized EBITDA": NaN,
        "Net Income From Continuing Operation Net Minority Interest": NaN,
        "Reconciled Depreciation": NaN,
        "EBITDA": NaN,
        "EBIT": NaN,
        "Net Interest Income": NaN,
        "Interest Income": NaN,
        "Normalized Income": NaN,
        "Net Income From Continuing And Discontinued Operation": NaN,
        "Total Expenses": NaN,
        "Total Operating Income As Reported": NaN,
        "Diluted Average Shares": NaN,
        "Basic Average Shares": NaN,
        "Diluted EPS": NaN,
        "Basic EPS": NaN,
        "Diluted NI Availto Com Stockholders": NaN,
        "Net Income Common Stockholders": NaN,
        "Net Income": NaN,
        "Net Income Including Noncontrolling Interests": NaN,
        "Net Income Continuous Operations": NaN,
        "Tax Provision": 0.0,
        "Pretax Income": NaN,
        "Net Non Operating Interest Income Expense": NaN,
        "Interest Income Non Operating": NaN,
        "Operating Income": NaN,
        "Operating Expense": NaN,
        "Research And Development": NaN,
        "Selling General And Administration": NaN,
        "General And Administrative Expense": NaN,
        "Other Gand A": NaN,
        "Total Revenue": NaN,
        "Operating Revenue": NaN
    },
    "2022-08-31": {
        "Tax Effect Of Unusual Items": NaN,
        "Tax Rate For Calcs": NaN,
        "Normalized EBITDA": NaN,
        "Net Income From Continuing Operation Net Minority Interest": NaN,
        "Reconciled Depreciation": NaN,
        "EBITDA": NaN,
        "EBIT": NaN,
        "Net Interest Income": NaN,
        "Interest Income": NaN,
        "Normalized Income": NaN,
        "Net Income From Continuing And Discontinued Operation": NaN,
        "Total Expenses": NaN,
        "Total Operating Income As Reported": NaN,
        "Diluted Average Shares": NaN,
        "Basic Average Shares": NaN,
        "Diluted EPS": NaN,
        "Basic EPS": NaN,
        "Diluted NI Availto Com Stockholders": NaN,
        "Net Income Common Stockholders": NaN,
        "Net Income": NaN,
        "Net Income Including Noncontrolling Interests": NaN,
        "Net Income Continuous Operations": NaN,
        "Tax Provision": 0.0,
        "Pretax Income": NaN,
        "Net Non Operating Interest Income Expense": NaN,
        "Interest Income Non Operating": NaN,
        "Operating Income": NaN,
        "Operating Expense": NaN,
        "Research And Development": NaN,
        "Selling General And Administration": NaN,
        "General And Administrative Expense": NaN,
        "Other Gand A": NaN,
        "Total Revenue": NaN,
        "Operating Revenue": NaN
    },
    "2022-05-31": {
        "Tax Effect Of Unusual Items": 0.0,
        "Tax Rate For Calcs": 0.0,
        "Normalized EBITDA": -43083000.0,
        "Net Income From Continuing Operation Net Minority Interest": -45401000.0,
        "Reconciled Depreciation": 2632000.0,
        "EBIT": -45715000.0,
        "Net Interest Income": 314000.0,
        "Interest Income": 314000.0,
        "Normalized Income": -45401000.0,
        "Net Income From Continuing And Discontinued Operation": -45401000.0,
        "Total Expenses": 57147000.0,
        "Total Operating Income As Reported": -45715000.0,
        "Diluted Average Shares": 44898409.0,
        "Basic Average Shares": 44898409.0,
        "Diluted EPS": -1.01,
        "Basic EPS": -1.01,
        "Diluted NI Availto Com Stockholders": -45401000.0,
        "Net Income Common Stockholders": -45401000.0,
        "Net Income": -45401000.0,
        "Net Income Including Noncontrolling Interests": -45401000.0,
        "Net Income Continuous Operations": -45401000.0,
        "Tax Provision": 0.0,
        "Pretax Income": -45401000.0,
        "Net Non Operating Interest Income Expense": 314000.0,
        "Interest Income Non Operating": 314000.0,
        "Operating Income": -45715000.0,
        "Operating Expense": 57147000.0,
        "Research And Development": 47493000.0,
        "Selling General And Administration": 9654000.0,
        "General And Administrative Expense": 9654000.0,
        "Other Gand A": 9654000.0,
        "Total Revenue": 11432000.0,
        "Operating Revenue": 11432000.0
    },
    "2022-02-28": {
        "Diluted EPS": -0.95,
        "Total Revenue": 10,
        "Gross Profit": 10,
        "Operating Income": -43,
        "EBIT": -40,
        "Net Income": -43
    },
    "2021-11-30": {
        "Diluted EPS": -0.85,
        "Total Revenue": 7,
        "Gross Profit": 7,
        "Operating Income": -38,
        "EBIT": -36,
        "Net Income": -38
    },
    "2021-08-31": {
        "Diluted EPS": -0.65,
        "Total Revenue": 10,
        "Gross Profit": 10,
        "Operating Income": -29,
        "EBIT": -27,
        "Net Income": -29
    },
    "2021-05-31": {
        "Diluted EPS": -0.6,
        "Total Revenue": 7,
        "Gross Profit": 7,
        "Operating Income": -26,
        "EBIT": -25,
        "Net Income": -26
    },
    "2021-02-28": {
        "Diluted EPS": -0.63,
        "Total Revenue": 5,
        "Gross Profit": 5,
        "Operating Income": -25,
        "EBIT": -23,
        "Net Income": -24
    },
    "2020-11-30": {
        "Diluted EPS": 0.29,
        "Total Revenue": 7,
        "Gross Profit": 7,
        "Operating Income": -20,
        "EBIT": -19,
        "Net Income": -20
    },
    "2020-08-31": {
        "Diluted EPS": -1.09,
        "Total Revenue": 4,
        "Gross Profit": 4,
        "Operating Income": -19,
        "EBIT": -19,
        "Net Income": -19
    },
    "2020-05-31": {
        "Diluted EPS": 1.54,
        "Total Revenue": 4,
        "Gross Profit": 4,
        "Operating Income": -13,
        "EBIT": -13,
        "Net Income": 8
    },
    "2020-02-29": {
        "Diluted EPS": -3.5,
        "Total Revenue": 3,
        "Gross Profit": 3,
        "Operating Income": -13,
        "EBIT": -12,
        "Net Income": -12
    },
    "2019-11-30": {
        "Diluted EPS": 0.0,
        "Total Revenue": NaN,
        "Gross Profit": NaN,
        "Operating Income": NaN,
        "EBIT": NaN,
        "Net Income": NaN
    },
    "2019-08-31": {
        "Diluted EPS": -0.66,
        "Total Revenue": 11,
        "Gross Profit": 11,
        "Operating Income": -3,
        "EBIT": -2,
        "Net Income": -2
    },
    "2019-05-31": {
        "Diluted EPS": 0.0,
        "Total Revenue": NaN,
        "Gross Profit": NaN,
        "Operating Income": NaN,
        "EBIT": NaN,
        "Net Income": NaN
    },
    "2018-11-30": {
        "Diluted EPS": 0.0,
        "Total Revenue": NaN,
        "Gross Profit": NaN,
        "Operating Income": NaN,
        "EBIT": NaN,
        "Net Income": NaN
    },
    "2023-08-31": {
        "Tax Effect Of Unusual Items": NaN,
        "Tax Rate For Calcs": NaN,
        "Normalized EBITDA": NaN,
        "Net Income From Continuing Operation Net Minority Interest": NaN,
        "Reconciled Depreciation": NaN,
        "EBITDA": NaN,
        "EBIT": NaN,
        "Net Interest Income": NaN,
        "Interest Income": NaN,
        "Normalized Income": NaN,
        "Net Income From Continuing And Discontinued Operation": NaN,
        "Total Expenses": NaN,
        "Total Operating Income As Reported": NaN,
        "Diluted Average Shares": NaN,
        "Basic Average Shares": NaN,
        "Diluted EPS": NaN,
        "Basic EPS": NaN,
        "Diluted NI Availto Com Stockholders": NaN,
        "Net Income Common Stockholders": NaN,
        "Net Income": NaN,
        "Net Income Including Noncontrolling Interests": NaN,
        "Net Income Continuous Operations": NaN,
        "Tax Provision": 0.0,
        "Pretax Income": NaN,
        "Net Non Operating Interest Income Expense": NaN,
        "Interest Income Non Operating": NaN,
        "Operating Income": NaN,
        "Operating Expense": NaN,
        "Research And Development": NaN,
        "Selling General And Administration": NaN,
        "General And Administrative Expense": NaN,
        "Other Gand A": NaN,
        "Total Revenue": NaN,
        "Operating Revenue": NaN
    },
    "2023-11-30": {
        "Tax Effect Of Unusual Items": 0.0,
        "Tax Rate For Calcs": 0.0,
        "Normalized EBITDA": -41577000.0,
        "Net Income From Continuing Operation Net Minority Interest": -41956000.0,
        "Reconciled Depreciation": 3757000.0,
        "EBITDA": -41577000.0,
        "EBIT": -45334000.0,
        "Net Interest Income": 3378000.0,
        "Interest Income": 3378000.0,
        "Normalized Income": -41956000.0,
        "Net Income From Continuing And Discontinued Operation": -41956000.0,
        "Total Expenses": 60493000.0,
        "Total Operating Income As Reported": -45334000.0,
        "Diluted Average Shares": 54670342.0,
        "Basic Average Shares": 54670342.0,
        "Diluted EPS": -0.77,
        "Basic EPS": -0.77,
        "Diluted NI Availto Com Stockholders": -41956000.0,
        "Net Income Common Stockholders": -41956000.0,
        "Net Income": -41956000.0,
        "Net Income Including Noncontrolling Interests": -41956000.0,
        "Net Income Continuous Operations": -41956000.0,
        "Tax Provision": NaN,
        "Pretax Income": -41956000.0,
        "Net Non Operating Interest Income Expense": 3378000.0,
        "Interest Income Non Operating": 3378000.0,
        "Operating Income": -45334000.0,
        "Operating Expense": 60493000.0,
        "Research And Development": 49713000.0,
        "Selling General And Administration": 10780000.0,
        "General And Administrative Expense": 10780000.0,
        "Other Gand A": 10780000.0,
        "Total Revenue": 15159000.0,
        "Operating Revenue": 15159000.0
    },
    "2024-02-29": {
        "Tax Effect Of Unusual Items": 0.0,
        "Tax Rate For Calcs": 0.21,
        "Normalized EBITDA": -41331000.0,
        "Net Income From Continuing Operation Net Minority Interest": -41518000.0,
        "Reconciled Depreciation": 3888000.0,
        "EBITDA": -41331000.0,
        "EBIT": -45219000.0,
        "Net Interest Income": 3791000.0,
        "Interest Income": 3791000.0,
        "Normalized Income": -41518000.0,
        "Net Income From Continuing And Discontinued Operation": -41518000.0,
        "Total Expenses": 61804000.0,
        "Total Operating Income As Reported": -45219000.0,
        "Diluted Average Shares": 54903407.0,
        "Basic Average Shares": 54903407.0,
        "Diluted EPS": -0.76,
        "Basic EPS": -0.76,
        "Diluted NI Availto Com Stockholders": -41518000.0,
        "Net Income Common Stockholders": -41518000.0,
        "Net Income": -41518000.0,
        "Net Income Including Noncontrolling Interests": -41518000.0,
        "Net Income Continuous Operations": -41518000.0,
        "Tax Provision": 90000.0,
        "Pretax Income": -41428000.0,
        "Net Non Operating Interest Income Expense": 3791000.0,
        "Interest Income Non Operating": 3791000.0,
        "Operating Income": -45219000.0,
        "Operating Expense": 61804000.0,
        "Research And Development": 50005000.0,
        "Selling General And Administration": 11799000.0,
        "General And Administrative Expense": 11799000.0,
        "Other Gand A": 11799000.0,
        "Total Revenue": 16585000.0,
        "Operating Revenue": 16585000.0
    },
    "2024-05-31": {
        "Tax Effect Of Unusual Items": 0.0,
        "Tax Rate For Calcs": 0.21,
        "Normalized EBITDA": -44449000.0,
        "Net Income From Continuing Operation Net Minority Interest": -44546000.0,
        "Reconciled Depreciation": 4091000.0,
        "EBITDA": -44449000.0,
        "EBIT": -48540000.0,
        "Net Interest Income": 4084000.0,
        "Interest Income": 4084000.0,
        "Normalized Income": -44546000.0,
        "Net Income From Continuing And Discontinued Operation": -44546000.0,
        "Total Expenses": 60632000.0,
        "Total Operating Income As Reported": -48540000.0,
        "Diluted Average Shares": 62377551.0,
        "Basic Average Shares": 62377551.0,
        "Diluted EPS": -0.71,
        "Basic EPS": -0.71,
        "Diluted NI Availto Com Stockholders": -44546000.0,
        "Net Income Common Stockholders": -44546000.0,
        "Net Income": -44546000.0,
        "Net Income Including Noncontrolling Interests": -44546000.0,
        "Net Income Continuous Operations": -44546000.0,
        "Tax Provision": 90000.0,
        "Pretax Income": -44456000.0,
        "Net Non Operating Interest Income Expense": 4084000.0,
        "Interest Income Non Operating": 4084000.0,
        "Operating Income": -48540000.0,
        "Operating Expense": 60632000.0,
        "Research And Development": 48922000.0,
        "Selling General And Administration": 11710000.0,
        "General And Administrative Expense": 11710000.0,
        "Other Gand A": 11710000.0,
        "Total Revenue": 12092000.0,
        "Operating Revenue": 12092000.0
    },
    "2024-08-31": {
        "Tax Effect Of Unusual Items": 0.0,
        "Tax Rate For Calcs": 0.21,
        "Normalized EBITDA": -50465000.0,
        "Net Income From Continuing Operation Net Minority Interest": -48956000.0,
        "Reconciled Depreciation": 4146000.0,
        "EBITDA": -50465000.0,
        "EBIT": -54611000.0,
        "Net Interest Income": 5737000.0,
        "Interest Income": 5737000.0,
        "Normalized Income": -48956000.0,
        "Net Income From Continuing And Discontinued Operation": -48956000.0,
        "Total Expenses": 67199000.0,
        "Total Operating Income As Reported": -54611000.0,
        "Diluted Average Shares": 72779381.0,
        "Basic Average Shares": 72779381.0,
        "Diluted EPS": -0.67,
        "Basic EPS": -0.67,
        "Diluted NI Availto Com Stockholders": -48956000.0,
        "Net Income Common Stockholders": -48956000.0,
        "Net Income": -48956000.0,
        "Net Income Including Noncontrolling Interests": -48956000.0,
        "Net Income Continuous Operations": -48956000.0,
        "Tax Provision": 82000.0,
        "Pretax Income": -48874000.0,
        "Net Non Operating Interest Income Expense": 5737000.0,
        "Interest Income Non Operating": 5737000.0,
        "Operating Income": -54611000.0,
        "Operating Expense": 67199000.0,
        "Research And Development": 55481000.0,
        "Selling General And Administration": 11718000.0,
        "General And Administrative Expense": 11718000.0,
        "Other Gand A": 11718000.0,
        "Total Revenue": 12588000.0,
        "Operating Revenue": 12588000.0
    },
    "2024-11-30": {
        "Tax Effect Of Unusual Items": 0.0,
        "Tax Rate For Calcs": 0.21,
        "Normalized EBITDA": -60354000.0,
        "Net Income From Continuing Operation Net Minority Interest": -58549000.0,
        "Reconciled Depreciation": 4303000.0,
        "EBITDA": -60354000.0,
        "EBIT": -64657000.0,
        "Net Interest Income": 6116000.0,
        "Interest Income": 6116000.0,
        "Normalized Income": -58549000.0,
        "Net Income From Continuing And Discontinued Operation": -58549000.0,
        "Total Expenses": 77941000.0,
        "Total Operating Income As Reported": -64657000.0,
        "Diluted Average Shares": 78410655.0,
        "Basic Average Shares": 78410655.0,
        "Diluted EPS": -0.75,
        "Basic EPS": -0.75,
        "Diluted NI Availto Com Stockholders": -58549000.0,
        "Net Income Common Stockholders": -58549000.0,
        "Net Income": -58549000.0,
        "Net Income Including Noncontrolling Interests": -58549000.0,
        "Net Income Continuous Operations": -58549000.0,
        "Tax Provision": 8000.0,
        "Pretax Income": -58541000.0,
        "Net Non Operating Interest Income Expense": 6116000.0,
        "Interest Income Non Operating": 6116000.0,
        "Operating Income": -64657000.0,
        "Operating Expense": 77941000.0,
        "Research And Development": 67224000.0,
        "Selling General And Administration": 10717000.0,
        "General And Administrative Expense": 10717000.0,
        "Other Gand A": 10717000.0,
        "Total Revenue": 13284000.0,
        "Operating Revenue": 13284000.0
    },
    "2025-02-28": {
        "Tax Effect Of Unusual Items": 0.0,
        "Tax Rate For Calcs": 0.0,
        "Normalized EBITDA": -58736000.0,
        "Net Income From Continuing Operation Net Minority Interest": -56351000.0,
        "Reconciled Depreciation": 4128000.0,
        "EBITDA": -58736000.0,
        "EBIT": -62864000.0,
        "Net Interest Income": 6513000.0,
        "Interest Income": 6513000.0,
        "Normalized Income": -56351000.0,
        "Net Income From Continuing And Discontinued Operation": -56351000.0,
        "Total Expenses": 81317000.0,
        "Total Operating Income As Reported": -62864000.0,
        "Diluted Average Shares": 83560795.0,
        "Basic Average Shares": 83560795.0,
        "Diluted EPS": -0.67,
        "Basic EPS": -0.67,
        "Diluted NI Availto Com Stockholders": -56351000.0,
        "Net Income Common Stockholders": -56351000.0,
        "Net Income": -56351000.0,
        "Net Income Including Noncontrolling Interests": -56351000.0,
        "Net Income Continuous Operations": -56351000.0,
        "Tax Provision": 0.0,
        "Pretax Income": -56351000.0,
        "Net Non Operating Interest Income Expense": 6513000.0,
        "Interest Income Non Operating": 6513000.0,
        "Operating Income": -62864000.0,
        "Operating Expense": 81317000.0,
        "Research And Development": 69663000.0,
        "Selling General And Administration": 11654000.0,
        "General And Administrative Expense": 11654000.0,
        "Other Gand A": 11654000.0,
        "Total Revenue": 18453000.0,
        "Operating Revenue": 18453000.0
    },
    "2025-05-31": {
        "Tax Effect Of Unusual Items": 0.0,
        "Tax Rate For Calcs": 0.21,
        "Normalized EBITDA": -43225000.0,
        "Net Income From Continuing Operation Net Minority Interest": -43464000.0,
        "Reconciled Depreciation": 5097000.0,
        "EBITDA": -43225000.0,
        "EBIT": -48322000.0,
        "Net Interest Income": 5618000.0,
        "Interest Income": 5618000.0,
        "Normalized Income": -43464000.0,
        "Net Income From Continuing And Discontinued Operation": -43464000.0,
        "Total Expenses": 92378000.0,
        "Total Operating Income As Reported": -48322000.0,
        "Diluted Average Shares": 83882477.0,
        "Basic Average Shares": 83882477.0,
        "Diluted EPS": -0.52,
        "Basic EPS": -0.52,
        "Diluted NI Availto Com Stockholders": -43464000.0,
        "Net Income Common Stockholders": -43464000.0,
        "Net Income": -43464000.0,
        "Net Income Including Noncontrolling Interests": -43464000.0,
        "Net Income Continuous Operations": -43464000.0,
        "Tax Provision": 760000.0,
        "Pretax Income": -42704000.0,
        "Net Non Operating Interest Income Expense": 5618000.0,
        "Interest Income Non Operating": 5618000.0,
        "Operating Income": -48322000.0,
        "Operating Expense": 92378000.0,
        "Research And Development": 78096000.0,
        "Selling General And Administration": 14282000.0,
        "General And Administrative Expense": 14282000.0,
        "Other Gand A": 14282000.0,
        "Total Revenue": 44056000.0,
        "Operating Revenue": 44056000.0
    },
    "2025-08-31": {
        "Tax Effect Of Unusual Items": 0.0,
        "Tax Rate For Calcs": 0.0,
        "Normalized EBITDA": -86385000.0,
        "Net Income From Continuing Operation Net Minority Interest": -86421000.0,
        "Reconciled Depreciation": 5000000.0,
        "EBITDA": -86385000.0,
        "EBIT": -91385000.0,
        "Net Interest Income": 4964000.0,
        "Interest Income": 4964000.0,
        "Normalized Income": -86421000.0,
        "Net Income From Continuing And Discontinued Operation": -86421000.0,
        "Total Expenses": 99279000.0,
        "Total Operating Income As Reported": -91385000.0,
        "Diluted Average Shares": 84159336.0,
        "Basic Average Shares": 84159336.0,
        "Diluted EPS": -1.03,
        "Basic EPS": -1.03,
        "Diluted NI Availto Com Stockholders": -86421000.0,
        "Net Income Common Stockholders": -86421000.0,
        "Net Income": -86421000.0,
        "Net Income Including Noncontrolling Interests": -86421000.0,
        "Net Income Continuous Operations": -86421000.0,
        "Tax Provision": 0.0,
        "Pretax Income": -86421000.0,
        "Net Non Operating Interest Income Expense": 4964000.0,
        "Interest Income Non Operating": 4964000.0,
        "Operating Income": -91385000.0,
        "Operating Expense": 99279000.0,
        "Research And Development": 86120000.0,
        "Selling General And Administration": 13159000.0,
        "General And Administrative Expense": 13159000.0,
        "Other Gand A": 13159000.0,
        "Total Revenue": 7894000.0,
        "Operating Revenue": 7894000.0
    }
}