{
    "2023-03-31": {
        "Tax Effect Of Unusual Items": NaN,
        "Tax Rate For Calcs": NaN,
        "Normalized EBITDA": NaN,
        "Net Income From Continuing Operation Net Minority Interest": NaN,
        "Reconciled Depreciation": NaN,
        "Reconciled Cost Of Revenue": NaN,
        "EBITDA": NaN,
        "EBIT": NaN,
        "Net Interest Income": NaN,
        "Interest Expense": NaN,
        "Interest Income": NaN,
        "Normalized Income": NaN,
        "Net Income From Continuing And Discontinued Operation": NaN,
        "Total Expenses": NaN,
        "Total Operating Income As Reported": NaN,
        "Diluted Average Shares": NaN,
        "Basic Average Shares": NaN,
        "Diluted EPS": NaN,
        "Basic EPS": NaN,
        "Diluted NI Availto Com Stockholders": NaN,
        "Net Income Common Stockholders": NaN,
        "Otherunder Preferred Stock Dividend": 0.0,
        "Net Income": NaN,
        "Net Income Including Noncontrolling Interests": NaN,
        "Net Income Continuous Operations": NaN,
        "Tax Provision": NaN,
        "Pretax Income": NaN,
        "Net Non Operating Interest Income Expense": NaN,
        "Interest Expense Non Operating": NaN,
        "Interest Income Non Operating": NaN,
        "Operating Income": NaN,
        "Operating Expense": NaN,
        "Other Operating Expenses": NaN,
        "Depreciation Amortization Depletion Income Statement": NaN,
        "Depreciation And Amortization In Income Statement": NaN,
        "Selling General And Administration": NaN,
        "Selling And Marketing Expense": NaN,
        "General And Administrative Expense": NaN,
        "Other Gand A": NaN,
        "Salaries And Wages": NaN,
        "Gross Profit": NaN,
        "Cost Of Revenue": NaN,
        "Total Revenue": NaN,
        "Operating Revenue": NaN
    },
    "2022-12-31": {
        "Tax Effect Of Unusual Items": NaN,
        "Tax Rate For Calcs": NaN,
        "Normalized EBITDA": NaN,
        "Net Income From Continuing Operation Net Minority Interest": NaN,
        "Reconciled Depreciation": NaN,
        "Reconciled Cost Of Revenue": NaN,
        "EBITDA": NaN,
        "EBIT": NaN,
        "Net Interest Income": NaN,
        "Interest Expense": NaN,
        "Interest Income": NaN,
        "Normalized Income": NaN,
        "Net Income From Continuing And Discontinued Operation": NaN,
        "Total Expenses": NaN,
        "Total Operating Income As Reported": NaN,
        "Diluted Average Shares": NaN,
        "Basic Average Shares": NaN,
        "Diluted EPS": NaN,
        "Basic EPS": NaN,
        "Diluted NI Availto Com Stockholders": NaN,
        "Net Income Common Stockholders": NaN,
        "Otherunder Preferred Stock Dividend": -27000.0,
        "Net Income": NaN,
        "Net Income Including Noncontrolling Interests": NaN,
        "Net Income Continuous Operations": NaN,
        "Tax Provision": NaN,
        "Pretax Income": NaN,
        "Net Non Operating Interest Income Expense": NaN,
        "Interest Expense Non Operating": NaN,
        "Interest Income Non Operating": NaN,
        "Operating Income": NaN,
        "Operating Expense": NaN,
        "Other Operating Expenses": NaN,
        "Depreciation Amortization Depletion Income Statement": NaN,
        "Depreciation And Amortization In Income Statement": NaN,
        "Selling General And Administration": NaN,
        "Selling And Marketing Expense": NaN,
        "General And Administrative Expense": NaN,
        "Other Gand A": NaN,
        "Salaries And Wages": NaN,
        "Gross Profit": NaN,
        "Cost Of Revenue": NaN,
        "Total Revenue": NaN,
        "Operating Revenue": NaN
    },
    "2022-09-30": {
        "Tax Effect Of Unusual Items": NaN,
        "Tax Rate For Calcs": NaN,
        "Normalized EBITDA": NaN,
        "Net Income From Continuing Operation Net Minority Interest": NaN,
        "Reconciled Depreciation": NaN,
        "Reconciled Cost Of Revenue": NaN,
        "EBITDA": NaN,
        "EBIT": NaN,
        "Net Interest Income": NaN,
        "Interest Expense": NaN,
        "Interest Income": NaN,
        "Normalized Income": NaN,
        "Net Income From Continuing And Discontinued Operation": NaN,
        "Total Expenses": NaN,
        "Total Operating Income As Reported": NaN,
        "Diluted Average Shares": NaN,
        "Basic Average Shares": NaN,
        "Diluted EPS": NaN,
        "Basic EPS": NaN,
        "Diluted NI Availto Com Stockholders": NaN,
        "Net Income Common Stockholders": NaN,
        "Otherunder Preferred Stock Dividend": 0.0,
        "Net Income": NaN,
        "Net Income Including Noncontrolling Interests": NaN,
        "Net Income Continuous Operations": NaN,
        "Tax Provision": NaN,
        "Pretax Income": NaN,
        "Net Non Operating Interest Income Expense": NaN,
        "Interest Expense Non Operating": NaN,
        "Interest Income Non Operating": NaN,
        "Operating Income": NaN,
        "Operating Expense": NaN,
        "Depreciation Amortization Depletion Income Statement": NaN,
        "Depreciation And Amortization In Income Statement": NaN,
        "Selling General And Administration": NaN,
        "Selling And Marketing Expense": NaN,
        "General And Administrative Expense": NaN,
        "Other Gand A": NaN,
        "Salaries And Wages": NaN,
        "Gross Profit": NaN,
        "Cost Of Revenue": NaN,
        "Total Revenue": NaN,
        "Operating Revenue": NaN
    },
    "2022-06-30": {
        "Tax Effect Of Unusual Items": 0.0,
        "Tax Rate For Calcs": 0.279053,
        "Normalized EBITDA": 59395000.0,
        "Net Income From Continuing Operation Net Minority Interest": 33599000.0,
        "Reconciled Depreciation": 10100000.0,
        "Reconciled Cost Of Revenue": 1192239000.0,
        "EBITDA": 59395000.0,
        "EBIT": 49295000.0,
        "Net Interest Income": -1746000.0,
        "Interest Expense": 2691000.0,
        "Interest Income": 945000.0,
        "Normalized Income": 33599000.0,
        "Net Income From Continuing And Discontinued Operation": 33599000.0,
        "Total Expenses": 1383757000.0,
        "Total Operating Income As Reported": 48350000.0,
        "Diluted Average Shares": 38588000.0,
        "Basic Average Shares": 38229000.0,
        "Diluted EPS": 0.87,
        "Basic EPS": NaN,
        "Diluted NI Availto Com Stockholders": 33598000.0,
        "Net Income Common Stockholders": 33598000.0,
        "Otherunder Preferred Stock Dividend": 1000.0,
        "Net Income": 33599000.0,
        "Net Income Including Noncontrolling Interests": 33599000.0,
        "Net Income Continuous Operations": 33599000.0,
        "Tax Provision": 13005000.0,
        "Pretax Income": 46604000.0,
        "Net Non Operating Interest Income Expense": -1746000.0,
        "Interest Expense Non Operating": 2691000.0,
        "Interest Income Non Operating": 945000.0,
        "Operating Income": 48350000.0,
        "Operating Expense": 191518000.0,
        "Depreciation Amortization Depletion Income Statement": 10100000.0,
        "Depreciation And Amortization In Income Statement": 10100000.0,
        "Selling General And Administration": 181418000.0,
        "Selling And Marketing Expense": 23170000.0,
        "General And Administrative Expense": 158248000.0,
        "Other Gand A": 36095000.0,
        "Salaries And Wages": 122153000.0,
        "Gross Profit": 239868000.0,
        "Cost Of Revenue": 1192239000.0,
        "Total Revenue": 1432107000.0,
        "Operating Revenue": 1432107000.0
    },
    "2023-06-30": {
        "Tax Effect Of Unusual Items": NaN,
        "Tax Rate For Calcs": NaN,
        "Normalized EBITDA": NaN,
        "Net Income From Continuing Operation Net Minority Interest": NaN,
        "Reconciled Depreciation": NaN,
        "Reconciled Cost Of Revenue": NaN,
        "EBITDA": NaN,
        "EBIT": NaN,
        "Net Interest Income": NaN,
        "Interest Expense": NaN,
        "Interest Income": NaN,
        "Normalized Income": NaN,
        "Net Income From Continuing And Discontinued Operation": NaN,
        "Total Expenses": NaN,
        "Total Operating Income As Reported": NaN,
        "Diluted Average Shares": NaN,
        "Basic Average Shares": NaN,
        "Diluted EPS": NaN,
        "Basic EPS": NaN,
        "Diluted NI Availto Com Stockholders": NaN,
        "Net Income Common Stockholders": NaN,
        "Otherunder Preferred Stock Dividend": 0.0,
        "Net Income": NaN,
        "Net Income Including Noncontrolling Interests": NaN,
        "Net Income Continuous Operations": NaN,
        "Tax Provision": NaN,
        "Pretax Income": NaN,
        "Net Non Operating Interest Income Expense": NaN,
        "Interest Expense Non Operating": NaN,
        "Interest Income Non Operating": NaN,
        "Operating Income": NaN,
        "Operating Expense": NaN,
        "Other Operating Expenses": 12000000.0,
        "Depreciation Amortization Depletion Income Statement": NaN,
        "Depreciation And Amortization In Income Statement": NaN,
        "Selling General And Administration": NaN,
        "Selling And Marketing Expense": NaN,
        "General And Administrative Expense": NaN,
        "Other Gand A": NaN,
        "Salaries And Wages": NaN,
        "Gross Profit": NaN,
        "Cost Of Revenue": NaN,
        "Total Revenue": NaN,
        "Operating Revenue": NaN
    },
    "2022-03-31": {
        "Diluted EPS": 1.8,
        "Total Revenue": NaN,
        "Gross Profit": 286,
        "Operating Income": 98,
        "EBIT": 109,
        "Net Income": 70
    },
    "2021-12-31": {
        "Diluted EPS": 0.24,
        "Total Revenue": NaN,
        "Gross Profit": 171,
        "Operating Income": 15,
        "EBIT": 26,
        "Net Income": 10
    },
    "2021-09-30": {
        "Diluted EPS": 0.7,
        "Total Revenue": NaN,
        "Gross Profit": 198,
        "Operating Income": 40,
        "EBIT": 50,
        "Net Income": 27
    },
    "2021-06-30": {
        "Diluted EPS": 0.65,
        "Total Revenue": NaN,
        "Gross Profit": 200,
        "Operating Income": 35,
        "EBIT": 45,
        "Net Income": 25
    },
    "2021-03-31": {
        "Diluted EPS": 1.59,
        "Total Revenue": NaN,
        "Gross Profit": 251,
        "Operating Income": 84,
        "EBIT": 92,
        "Net Income": 62
    },
    "2020-12-31": {
        "Diluted EPS": 0.12,
        "Total Revenue": NaN,
        "Gross Profit": 168,
        "Operating Income": 8,
        "EBIT": 16,
        "Net Income": 4
    },
    "2020-09-30": {
        "Diluted EPS": 0.51,
        "Total Revenue": NaN,
        "Gross Profit": 185,
        "Operating Income": 29,
        "EBIT": 37,
        "Net Income": 20
    },
    "2020-06-30": {
        "Diluted EPS": 1.33,
        "Total Revenue": 993,
        "Gross Profit": 220,
        "Operating Income": 73,
        "EBIT": 81,
        "Net Income": 52
    },
    "2020-03-31": {
        "Diluted EPS": 1.58,
        "Total Revenue": NaN,
        "Gross Profit": 234,
        "Operating Income": 85,
        "EBIT": 93,
        "Net Income": 62
    },
    "2019-12-31": {
        "Diluted EPS": 0.53,
        "Total Revenue": NaN,
        "Gross Profit": 162,
        "Operating Income": 28,
        "EBIT": 35,
        "Net Income": 20
    },
    "2019-09-30": {
        "Diluted EPS": 0.63,
        "Total Revenue": NaN,
        "Gross Profit": 171,
        "Operating Income": 35,
        "EBIT": 42,
        "Net Income": 26
    },
    "2019-06-30": {
        "Diluted EPS": 0.69,
        "Total Revenue": NaN,
        "Gross Profit": 174,
        "Operating Income": 39,
        "EBIT": 46,
        "Net Income": 28
    },
    "2019-03-31": {
        "Diluted EPS": 1.85,
        "Total Revenue": NaN,
        "Gross Profit": 227,
        "Operating Income": 85,
        "EBIT": 92,
        "Net Income": 75
    },
    "2018-12-31": {
        "Diluted EPS": 0.6,
        "Total Revenue": 967,
        "Gross Profit": 162,
        "Operating Income": 33,
        "EBIT": 39,
        "Net Income": 24
    },
    "2018-09-30": {
        "Diluted EPS": 0.86,
        "Total Revenue": 925,
        "Gross Profit": 166,
        "Operating Income": 48,
        "EBIT": 54,
        "Net Income": 36
    },
    "2018-06-30": {
        "Diluted EPS": 0.58,
        "Total Revenue": 922,
        "Gross Profit": 155,
        "Operating Income": 34,
        "EBIT": 39,
        "Net Income": 24
    },
    "2018-03-31": {
        "Diluted EPS": 1.18,
        "Total Revenue": NaN,
        "Gross Profit": 200,
        "Operating Income": 65,
        "EBIT": 70,
        "Net Income": 49
    },
    "2017-12-31": {
        "Diluted EPS": 0.37,
        "Total Revenue": 826,
        "Gross Profit": 143,
        "Operating Income": 24,
        "EBIT": 29,
        "Net Income": 15
    },
    "2017-09-30": {
        "Diluted EPS": 0.46,
        "Total Revenue": 796,
        "Gross Profit": 140,
        "Operating Income": 30,
        "EBIT": 34,
        "Net Income": 19
    },
    "2017-06-30": {
        "Diluted EPS": 0.33,
        "Total Revenue": 796,
        "Gross Profit": 131,
        "Operating Income": 23,
        "EBIT": 27,
        "Net Income": 14
    },
    "2017-03-31": {
        "Diluted EPS": 0.85,
        "Total Revenue": 883,
        "Gross Profit": 159,
        "Operating Income": 53,
        "EBIT": 58,
        "Net Income": 35
    },
    "2016-12-31": {
        "Diluted EPS": 0.22,
        "Total Revenue": 729,
        "Gross Profit": 111,
        "Operating Income": 14,
        "EBIT": 19,
        "Net Income": 9
    },
    "2016-09-30": {
        "Diluted EPS": 0.33,
        "Total Revenue": 703,
        "Gross Profit": 118,
        "Operating Income": 23,
        "EBIT": 27,
        "Net Income": 14
    },
    "2016-06-30": {
        "Diluted EPS": 0.23,
        "Total Revenue": 707,
        "Gross Profit": 113,
        "Operating Income": 16,
        "EBIT": 20,
        "Net Income": 9
    },
    "2016-03-31": {
        "Diluted EPS": 0.77,
        "Total Revenue": 802,
        "Gross Profit": 150,
        "Operating Income": 53,
        "EBIT": 57,
        "Net Income": 32
    },
    "2015-12-31": {
        "Diluted EPS": 0.14,
        "Total Revenue": 650,
        "Gross Profit": 97,
        "Operating Income": 10,
        "EBIT": 14,
        "Net Income": 6
    },
    "2015-09-30": {
        "Diluted EPS": 0.24,
        "Total Revenue": 626,
        "Gross Profit": 107,
        "Operating Income": 20,
        "EBIT": 25,
        "Net Income": 12
    },
    "2015-06-30": {
        "Diluted EPS": 0.15,
        "Total Revenue": 628,
        "Gross Profit": 104,
        "Operating Income": 12,
        "EBIT": 17,
        "Net Income": 7
    },
    "2015-03-31": {
        "Diluted EPS": 0.27,
        "Total Revenue": 699,
        "Gross Profit": 130,
        "Operating Income": 24,
        "EBIT": 29,
        "Net Income": 13
    },
    "2014-12-31": {
        "Diluted EPS": 0.14,
        "Total Revenue": 596,
        "Gross Profit": 101,
        "Operating Income": 13,
        "EBIT": 19,
        "Net Income": 7
    },
    "2014-09-30": {
        "Diluted EPS": 0.17,
        "Total Revenue": 560,
        "Gross Profit": 101,
        "Operating Income": 14,
        "EBIT": 20,
        "Net Income": 8
    },
    "2014-06-30": {
        "Diluted EPS": 0.04,
        "Total Revenue": 565,
        "Gross Profit": 95,
        "Operating Income": 3,
        "EBIT": 9,
        "Net Income": 2
    },
    "2014-03-31": {
        "Diluted EPS": 0.19,
        "Total Revenue": 637,
        "Gross Profit": 106,
        "Operating Income": 17,
        "EBIT": 22,
        "Net Income": 9
    },
    "2013-12-31": {
        "Diluted EPS": 0.11,
        "Total Revenue": 557,
        "Gross Profit": 90,
        "Operating Income": 7,
        "EBIT": 13,
        "Net Income": 5
    },
    "2013-09-30": {
        "Diluted EPS": 0.2,
        "Total Revenue": 540,
        "Gross Profit": 97,
        "Operating Income": 17,
        "EBIT": 23,
        "Net Income": 10
    },
    "2013-06-30": {
        "Diluted EPS": 0.07,
        "Total Revenue": 547,
        "Gross Profit": 98,
        "Operating Income": 10,
        "EBIT": 16,
        "Net Income": 3
    },
    "2013-03-31": {
        "Diluted EPS": 0.26,
        "Total Revenue": 612,
        "Gross Profit": 108,
        "Operating Income": 22,
        "EBIT": 28,
        "Net Income": 13
    },
    "2012-12-31": {
        "Diluted EPS": 0.18,
        "Total Revenue": 532,
        "Gross Profit": 94,
        "Operating Income": 16,
        "EBIT": 21,
        "Net Income": 9
    },
    "2012-09-30": {
        "Diluted EPS": 0.23,
        "Total Revenue": 512,
        "Gross Profit": 98,
        "Operating Income": 19,
        "EBIT": 24,
        "Net Income": 11
    },
    "2012-06-30": {
        "Diluted EPS": 0.11,
        "Total Revenue": 519,
        "Gross Profit": 87,
        "Operating Income": 9,
        "EBIT": 14,
        "Net Income": 5
    },
    "2012-03-31": {
        "Diluted EPS": 0.27,
        "Total Revenue": 595,
        "Gross Profit": 103,
        "Operating Income": 23,
        "EBIT": 28,
        "Net Income": 13
    },
    "2011-12-31": {
        "Diluted EPS": 0.21,
        "Total Revenue": 495,
        "Gross Profit": 90,
        "Operating Income": 17,
        "EBIT": 21,
        "Net Income": 11
    },
    "2011-09-30": {
        "Diluted EPS": 0.08,
        "Total Revenue": 472,
        "Gross Profit": 87,
        "Operating Income": 14,
        "EBIT": 18,
        "Net Income": 4
    },
    "2011-06-30": {
        "Diluted EPS": 0.13,
        "Total Revenue": 473,
        "Gross Profit": 84,
        "Operating Income": 11,
        "EBIT": 15,
        "Net Income": 7
    },
    "2011-03-31": {
        "Diluted EPS": 0.17,
        "Total Revenue": 536,
        "Gross Profit": 91,
        "Operating Income": 15,
        "EBIT": 20,
        "Net Income": 9
    },
    "2010-12-31": {
        "Diluted EPS": 0.15,
        "Total Revenue": 436,
        "Gross Profit": 81,
        "Operating Income": 13,
        "EBIT": 17,
        "Net Income": 7
    },
    "2010-09-30": {
        "Diluted EPS": 0.14,
        "Total Revenue": 414,
        "Gross Profit": 74,
        "Operating Income": 12,
        "EBIT": 16,
        "Net Income": 7
    },
    "2010-06-30": {
        "Diluted EPS": 0.1,
        "Total Revenue": 412,
        "Gross Profit": 71,
        "Operating Income": 9,
        "EBIT": 13,
        "Net Income": 5
    },
    "2010-03-31": {
        "Diluted EPS": 0.05,
        "Total Revenue": 458,
        "Gross Profit": 73,
        "Operating Income": 4,
        "EBIT": 8,
        "Net Income": 2
    },
    "2009-12-31": {
        "Diluted EPS": -0.07,
        "Total Revenue": 396,
        "Gross Profit": 61,
        "Operating Income": -4,
        "EBIT": 0,
        "Net Income": -3
    },
    "2009-09-30": {
        "Diluted EPS": 0.12,
        "Total Revenue": 391,
        "Gross Profit": 71,
        "Operating Income": 10,
        "EBIT": 14,
        "Net Income": 6
    },
    "2009-06-30": {
        "Diluted EPS": 0.11,
        "Total Revenue": 404,
        "Gross Profit": 72,
        "Operating Income": 9,
        "EBIT": 13,
        "Net Income": 5
    },
    "2009-03-31": {
        "Diluted EPS": 0.17,
        "Total Revenue": 462,
        "Gross Profit": 84,
        "Operating Income": 13,
        "EBIT": 17,
        "Net Income": 8
    },
    "2023-09-30": {
        "Tax Effect Of Unusual Items": NaN,
        "Tax Rate For Calcs": NaN,
        "Normalized EBITDA": NaN,
        "Net Income From Continuing Operation Net Minority Interest": NaN,
        "Reconciled Depreciation": NaN,
        "Reconciled Cost Of Revenue": NaN,
        "EBITDA": NaN,
        "EBIT": NaN,
        "Net Interest Income": NaN,
        "Interest Expense": NaN,
        "Interest Income": NaN,
        "Normalized Income": NaN,
        "Net Income From Continuing And Discontinued Operation": NaN,
        "Total Expenses": NaN,
        "Total Operating Income As Reported": NaN,
        "Diluted Average Shares": NaN,
        "Basic Average Shares": NaN,
        "Diluted EPS": NaN,
        "Basic EPS": NaN,
        "Diluted NI Availto Com Stockholders": NaN,
        "Net Income Common Stockholders": NaN,
        "Otherunder Preferred Stock Dividend": 0.0,
        "Net Income": NaN,
        "Net Income Including Noncontrolling Interests": NaN,
        "Net Income Continuous Operations": NaN,
        "Tax Provision": NaN,
        "Pretax Income": NaN,
        "Net Non Operating Interest Income Expense": NaN,
        "Interest Expense Non Operating": NaN,
        "Interest Income Non Operating": NaN,
        "Operating Income": NaN,
        "Operating Expense": NaN,
        "Other Operating Expenses": 11000000.0,
        "Depreciation Amortization Depletion Income Statement": NaN,
        "Depreciation And Amortization In Income Statement": NaN,
        "Selling General And Administration": NaN,
        "Selling And Marketing Expense": NaN,
        "General And Administrative Expense": NaN,
        "Other Gand A": NaN,
        "Salaries And Wages": NaN,
        "Gross Profit": NaN,
        "Cost Of Revenue": NaN,
        "Total Revenue": NaN,
        "Operating Revenue": NaN
    },
    "2023-12-31": {
        "Tax Effect Of Unusual Items": 0.0,
        "Tax Rate For Calcs": 0.186518,
        "Normalized EBITDA": 42049000.0,
        "Net Income From Continuing Operation Net Minority Interest": 19561000.0,
        "Reconciled Depreciation": 10805000.0,
        "Reconciled Cost Of Revenue": 1358116000.0,
        "EBITDA": 42049000.0,
        "EBIT": 31244000.0,
        "Net Interest Income": 1775000.0,
        "Interest Expense": 7198000.0,
        "Interest Income": 8973000.0,
        "Normalized Income": 19561000.0,
        "Net Income From Continuing And Discontinued Operation": 19561000.0,
        "Total Expenses": 1557932000.0,
        "Total Operating Income As Reported": 22271000.0,
        "Diluted Average Shares": 37617308.0,
        "Basic Average Shares": 37617308.0,
        "Diluted EPS": 0.52,
        "Basic EPS": 0.52,
        "Diluted NI Availto Com Stockholders": 19561000.0,
        "Net Income Common Stockholders": 19561000.0,
        "Otherunder Preferred Stock Dividend": NaN,
        "Net Income": 19561000.0,
        "Net Income Including Noncontrolling Interests": 19561000.0,
        "Net Income Continuous Operations": 19561000.0,
        "Tax Provision": 4485000.0,
        "Pretax Income": 24046000.0,
        "Net Non Operating Interest Income Expense": 1775000.0,
        "Interest Expense Non Operating": 7198000.0,
        "Interest Income Non Operating": 8973000.0,
        "Operating Income": 22271000.0,
        "Operating Expense": 199816000.0,
        "Other Operating Expenses": NaN,
        "Depreciation Amortization Depletion Income Statement": 10805000.0,
        "Depreciation And Amortization In Income Statement": 10805000.0,
        "Selling General And Administration": 189011000.0,
        "Selling And Marketing Expense": 20568000.0,
        "General And Administrative Expense": 168443000.0,
        "Other Gand A": 44965000.0,
        "Salaries And Wages": 123478000.0,
        "Gross Profit": 222087000.0,
        "Cost Of Revenue": 1358116000.0,
        "Total Revenue": 1580203000.0,
        "Operating Revenue": 38283486000.0
    },
    "2024-03-31": {
        "Tax Effect Of Unusual Items": NaN,
        "Tax Rate For Calcs": NaN,
        "Normalized EBITDA": NaN,
        "Net Income From Continuing Operation Net Minority Interest": NaN,
        "Reconciled Depreciation": NaN,
        "Reconciled Cost Of Revenue": NaN,
        "EBITDA": NaN,
        "EBIT": NaN,
        "Net Interest Income": NaN,
        "Interest Expense": NaN,
        "Interest Income": NaN,
        "Normalized Income": NaN,
        "Net Income From Continuing And Discontinued Operation": NaN,
        "Total Expenses": NaN,
        "Total Operating Income As Reported": NaN,
        "Diluted Average Shares": 37980769.0,
        "Basic Average Shares": 37440758.0,
        "Diluted EPS": 2.08,
        "Basic EPS": 2.11,
        "Diluted NI Availto Com Stockholders": NaN,
        "Net Income Common Stockholders": NaN,
        "Net Income": NaN,
        "Net Income Including Noncontrolling Interests": NaN,
        "Net Income Continuous Operations": NaN,
        "Tax Provision": NaN,
        "Pretax Income": NaN,
        "Net Non Operating Interest Income Expense": NaN,
        "Interest Expense Non Operating": NaN,
        "Interest Income Non Operating": NaN,
        "Operating Income": NaN,
        "Operating Expense": NaN,
        "Other Operating Expenses": NaN,
        "Depreciation Amortization Depletion Income Statement": NaN,
        "Depreciation And Amortization In Income Statement": NaN,
        "Selling General And Administration": NaN,
        "Selling And Marketing Expense": NaN,
        "General And Administrative Expense": NaN,
        "Other Gand A": NaN,
        "Salaries And Wages": NaN,
        "Gross Profit": NaN,
        "Cost Of Revenue": NaN,
        "Total Revenue": NaN,
        "Operating Revenue": NaN
    },
    "2024-06-30": {
        "Tax Effect Of Unusual Items": 0.0,
        "Tax Rate For Calcs": 0.28,
        "Normalized EBITDA": 43000000.0,
        "Net Income From Continuing Operation Net Minority Interest": 18000000.0,
        "Reconciled Depreciation": 11000000.0,
        "Reconciled Cost Of Revenue": 1345000000.0,
        "EBITDA": 43000000.0,
        "EBIT": 32000000.0,
        "Net Interest Income": 2000000.0,
        "Interest Expense": 7000000.0,
        "Interest Income": 9000000.0,
        "Normalized Income": 18000000.0,
        "Net Income From Continuing And Discontinued Operation": 18000000.0,
        "Total Expenses": 1582000000.0,
        "Total Operating Income As Reported": 23000000.0,
        "Diluted Average Shares": 37500000.0,
        "Basic Average Shares": 37500000.0,
        "Diluted EPS": 0.48,
        "Basic EPS": 0.48,
        "Diluted NI Availto Com Stockholders": 18000000.0,
        "Net Income Common Stockholders": 18000000.0,
        "Net Income": 18000000.0,
        "Net Income Including Noncontrolling Interests": 18000000.0,
        "Net Income Continuous Operations": 18000000.0,
        "Tax Provision": 7000000.0,
        "Pretax Income": 25000000.0,
        "Net Non Operating Interest Income Expense": 2000000.0,
        "Interest Expense Non Operating": 7000000.0,
        "Interest Income Non Operating": 9000000.0,
        "Operating Income": 23000000.0,
        "Operating Expense": 237000000.0,
        "Other Operating Expenses": 11000000.0,
        "Depreciation Amortization Depletion Income Statement": 11000000.0,
        "Depreciation And Amortization In Income Statement": 11000000.0,
        "Selling General And Administration": 215000000.0,
        "Selling And Marketing Expense": 12000000.0,
        "General And Administrative Expense": 203000000.0,
        "Other Gand A": 57000000.0,
        "Salaries And Wages": 146000000.0,
        "Gross Profit": 260000000.0,
        "Cost Of Revenue": 1345000000.0,
        "Total Revenue": 1605000000.0,
        "Operating Revenue": 10361000000.0
    },
    "2024-09-30": {
        "Tax Effect Of Unusual Items": 0.0,
        "Tax Rate For Calcs": 0.0,
        "Normalized EBITDA": 21000000.0,
        "Net Income From Continuing Operation Net Minority Interest": 3000000.0,
        "Reconciled Depreciation": 11000000.0,
        "Reconciled Cost Of Revenue": 1332000000.0,
        "EBITDA": 21000000.0,
        "EBIT": 10000000.0,
        "Net Interest Income": 2000000.0,
        "Interest Expense": 7000000.0,
        "Interest Income": 9000000.0,
        "Normalized Income": 3000000.0,
        "Net Income From Continuing And Discontinued Operation": 3000000.0,
        "Total Expenses": 1560000000.0,
        "Total Operating Income As Reported": 1000000.0,
        "Diluted Average Shares": 42857143.0,
        "Basic Average Shares": 42857143.0,
        "Diluted EPS": 0.07,
        "Basic EPS": 0.07,
        "Diluted NI Availto Com Stockholders": 3000000.0,
        "Net Income Common Stockholders": 3000000.0,
        "Net Income": 3000000.0,
        "Net Income Including Noncontrolling Interests": 3000000.0,
        "Net Income Continuous Operations": 3000000.0,
        "Tax Provision": 0.0,
        "Pretax Income": 3000000.0,
        "Net Non Operating Interest Income Expense": 2000000.0,
        "Interest Expense Non Operating": 7000000.0,
        "Interest Income Non Operating": 9000000.0,
        "Operating Income": 1000000.0,
        "Operating Expense": 228000000.0,
        "Other Operating Expenses": 11000000.0,
        "Depreciation Amortization Depletion Income Statement": 11000000.0,
        "Depreciation And Amortization In Income Statement": 11000000.0,
        "Selling General And Administration": 206000000.0,
        "Selling And Marketing Expense": 9000000.0,
        "General And Administrative Expense": 197000000.0,
        "Other Gand A": 53000000.0,
        "Salaries And Wages": 144000000.0,
        "Gross Profit": 229000000.0,
        "Cost Of Revenue": 1332000000.0,
        "Total Revenue": 1561000000.0,
        "Operating Revenue": 10291000000.0
    },
    "2024-12-31": {
        "Tax Effect Of Unusual Items": 0.0,
        "Tax Rate For Calcs": 0.307692,
        "Normalized EBITDA": 5000000.0,
        "Net Income From Continuing Operation Net Minority Interest": -9000000.0,
        "Reconciled Depreciation": 11000000.0,
        "Reconciled Cost Of Revenue": 1395000000.0,
        "EBITDA": 5000000.0,
        "EBIT": -6000000.0,
        "Net Interest Income": 2000000.0,
        "Interest Expense": 7000000.0,
        "Interest Income": 9000000.0,
        "Normalized Income": -9000000.0,
        "Net Income From Continuing And Discontinued Operation": -9000000.0,
        "Total Expenses": 1628000000.0,
        "Total Operating Income As Reported": -15000000.0,
        "Diluted Average Shares": 40909091.0,
        "Basic Average Shares": 40909091.0,
        "Diluted EPS": -0.22,
        "Basic EPS": -0.22,
        "Diluted NI Availto Com Stockholders": -9000000.0,
        "Net Income Common Stockholders": -9000000.0,
        "Net Income": -9000000.0,
        "Net Income Including Noncontrolling Interests": -9000000.0,
        "Net Income Continuous Operations": -9000000.0,
        "Tax Provision": -4000000.0,
        "Pretax Income": -13000000.0,
        "Net Non Operating Interest Income Expense": 2000000.0,
        "Interest Expense Non Operating": 7000000.0,
        "Interest Income Non Operating": 9000000.0,
        "Operating Income": -15000000.0,
        "Operating Expense": 233000000.0,
        "Other Operating Expenses": 13000000.0,
        "Depreciation Amortization Depletion Income Statement": 11000000.0,
        "Depreciation And Amortization In Income Statement": 11000000.0,
        "Selling General And Administration": 209000000.0,
        "Selling And Marketing Expense": 10000000.0,
        "General And Administrative Expense": 199000000.0,
        "Other Gand A": 57000000.0,
        "Salaries And Wages": 142000000.0,
        "Gross Profit": 218000000.0,
        "Cost Of Revenue": 1395000000.0,
        "Total Revenue": 1613000000.0,
        "Operating Revenue": 11617000000.0
    },
    "2025-03-31": {
        "Tax Effect Of Unusual Items": 0.0,
        "Tax Rate For Calcs": 0.29,
        "Normalized EBITDA": 89000000.0,
        "Net Income From Continuing Operation Net Minority Interest": 51000000.0,
        "Reconciled Depreciation": 11000000.0,
        "Reconciled Cost Of Revenue": 1553000000.0,
        "EBITDA": 89000000.0,
        "EBIT": 78000000.0,
        "Net Interest Income": 4000000.0,
        "Interest Expense": 6000000.0,
        "Interest Income": 10000000.0,
        "Normalized Income": 51000000.0,
        "Net Income From Continuing And Discontinued Operation": 51000000.0,
        "Total Expenses": 1795000000.0,
        "Total Operating Income As Reported": 68000000.0,
        "Diluted Average Shares": 37777778.0,
        "Basic Average Shares": 37226277.0,
        "Diluted EPS": 1.35,
        "Basic EPS": 1.37,
        "Diluted NI Availto Com Stockholders": 51000000.0,
        "Net Income Common Stockholders": 51000000.0,
        "Net Income": 51000000.0,
        "Net Income Including Noncontrolling Interests": 51000000.0,
        "Net Income Continuous Operations": 51000000.0,
        "Tax Provision": 21000000.0,
        "Pretax Income": 72000000.0,
        "Net Non Operating Interest Income Expense": 4000000.0,
        "Interest Expense Non Operating": 6000000.0,
        "Interest Income Non Operating": 10000000.0,
        "Operating Income": 68000000.0,
        "Operating Expense": 242000000.0,
        "Other Operating Expenses": 11000000.0,
        "Depreciation Amortization Depletion Income Statement": 11000000.0,
        "Depreciation And Amortization In Income Statement": 11000000.0,
        "Selling General And Administration": 231000000.0,
        "Selling And Marketing Expense": 18000000.0,
        "General And Administrative Expense": 213000000.0,
        "Other Gand A": 60000000.0,
        "Salaries And Wages": 153000000.0,
        "Gross Profit": 310000000.0,
        "Cost Of Revenue": 1553000000.0,
        "Total Revenue": 1863000000.0,
        "Operating Revenue": 12144000000.0
    },
    "2025-06-30": {
        "Tax Effect Of Unusual Items": 0.0,
        "Tax Rate For Calcs": 0.166667,
        "Normalized EBITDA": 11000000.0,
        "Net Income From Continuing Operation Net Minority Interest": -5000000.0,
        "Reconciled Depreciation": 11000000.0,
        "Reconciled Cost Of Revenue": 1435000000.0,
        "EBITDA": 11000000.0,
        "EBIT": 0.0,
        "Net Interest Income": 1000000.0,
        "Interest Expense": 6000000.0,
        "Interest Income": 7000000.0,
        "Normalized Income": -5000000.0,
        "Net Income From Continuing And Discontinued Operation": -5000000.0,
        "Total Expenses": 1665000000.0,
        "Total Operating Income As Reported": -7000000.0,
        "Diluted Average Shares": NaN,
        "Basic Average Shares": NaN,
        "Diluted EPS": NaN,
        "Basic EPS": NaN,
        "Diluted NI Availto Com Stockholders": -5000000.0,
        "Net Income Common Stockholders": -5000000.0,
        "Net Income": -5000000.0,
        "Net Income Including Noncontrolling Interests": -5000000.0,
        "Net Income Continuous Operations": -5000000.0,
        "Tax Provision": -1000000.0,
        "Pretax Income": -6000000.0,
        "Net Non Operating Interest Income Expense": 1000000.0,
        "Interest Expense Non Operating": 6000000.0,
        "Interest Income Non Operating": 7000000.0,
        "Operating Income": -7000000.0,
        "Operating Expense": 230000000.0,
        "Other Operating Expenses": 10000000.0,
        "Depreciation Amortization Depletion Income Statement": 11000000.0,
        "Depreciation And Amortization In Income Statement": 11000000.0,
        "Selling General And Administration": 209000000.0,
        "Selling And Marketing Expense": 11000000.0,
        "General And Administrative Expense": 198000000.0,
        "Other Gand A": 49000000.0,
        "Salaries And Wages": 149000000.0,
        "Gross Profit": 223000000.0,
        "Cost Of Revenue": 1435000000.0,
        "Total Revenue": 1658000000.0,
        "Operating Revenue": 10558000000.0
    }
}