{
    "2023-03-31": {
        "Tax Effect Of Unusual Items": NaN,
        "Tax Rate For Calcs": NaN,
        "Normalized EBITDA": NaN,
        "Total Unusual Items": NaN,
        "Total Unusual Items Excluding Goodwill": NaN,
        "Net Income From Continuing Operation Net Minority Interest": NaN,
        "Reconciled Depreciation": NaN,
        "Reconciled Cost Of Revenue": NaN,
        "EBITDA": NaN,
        "EBIT": NaN,
        "Net Interest Income": NaN,
        "Normalized Income": NaN,
        "Net Income From Continuing And Discontinued Operation": NaN,
        "Total Expenses": NaN,
        "Total Operating Income As Reported": NaN,
        "Diluted Average Shares": 37082000.0,
        "Basic Average Shares": 36793000.0,
        "Diluted EPS": 0.29,
        "Basic EPS": 0.29,
        "Diluted NI Availto Com Stockholders": NaN,
        "Net Income Common Stockholders": NaN,
        "Net Income": NaN,
        "Net Income Including Noncontrolling Interests": NaN,
        "Net Income Continuous Operations": NaN,
        "Tax Provision": NaN,
        "Pretax Income": NaN,
        "Special Income Charges": NaN,
        "Net Non Operating Interest Income Expense": NaN,
        "Total Other Finance Cost": NaN,
        "Operating Income": NaN,
        "Operating Expense": NaN,
        "Research And Development": NaN,
        "Selling General And Administration": NaN,
        "Gross Profit": NaN,
        "Cost Of Revenue": NaN,
        "Total Revenue": NaN,
        "Operating Revenue": NaN
    },
    "2022-12-31": {
        "Tax Effect Of Unusual Items": NaN,
        "Tax Rate For Calcs": NaN,
        "Normalized EBITDA": NaN,
        "Total Unusual Items": 0.0,
        "Total Unusual Items Excluding Goodwill": 0.0,
        "Net Income From Continuing Operation Net Minority Interest": NaN,
        "Reconciled Depreciation": NaN,
        "Reconciled Cost Of Revenue": NaN,
        "EBITDA": NaN,
        "EBIT": NaN,
        "Net Interest Income": NaN,
        "Normalized Income": NaN,
        "Net Income From Continuing And Discontinued Operation": NaN,
        "Total Expenses": NaN,
        "Total Operating Income As Reported": NaN,
        "Diluted Average Shares": 36997000.0,
        "Basic Average Shares": 36772000.0,
        "Diluted EPS": 0.23,
        "Basic EPS": 0.23,
        "Diluted NI Availto Com Stockholders": NaN,
        "Net Income Common Stockholders": NaN,
        "Net Income": NaN,
        "Net Income Including Noncontrolling Interests": NaN,
        "Net Income Continuous Operations": NaN,
        "Tax Provision": NaN,
        "Pretax Income": NaN,
        "Special Income Charges": 0.0,
        "Net Non Operating Interest Income Expense": NaN,
        "Total Other Finance Cost": NaN,
        "Operating Income": NaN,
        "Operating Expense": NaN,
        "Research And Development": NaN,
        "Selling General And Administration": NaN,
        "Gross Profit": NaN,
        "Cost Of Revenue": NaN,
        "Total Revenue": NaN,
        "Operating Revenue": NaN
    },
    "2022-09-30": {
        "Tax Effect Of Unusual Items": NaN,
        "Tax Rate For Calcs": NaN,
        "Normalized EBITDA": NaN,
        "Total Unusual Items": 0.0,
        "Total Unusual Items Excluding Goodwill": 0.0,
        "Net Income From Continuing Operation Net Minority Interest": NaN,
        "Reconciled Depreciation": NaN,
        "Reconciled Cost Of Revenue": NaN,
        "EBITDA": NaN,
        "EBIT": NaN,
        "Net Interest Income": NaN,
        "Normalized Income": NaN,
        "Net Income From Continuing And Discontinued Operation": NaN,
        "Total Expenses": NaN,
        "Total Operating Income As Reported": NaN,
        "Diluted Average Shares": NaN,
        "Basic Average Shares": NaN,
        "Diluted EPS": NaN,
        "Basic EPS": NaN,
        "Diluted NI Availto Com Stockholders": NaN,
        "Net Income Common Stockholders": NaN,
        "Net Income": NaN,
        "Net Income Including Noncontrolling Interests": NaN,
        "Net Income Continuous Operations": NaN,
        "Tax Provision": NaN,
        "Pretax Income": NaN,
        "Special Income Charges": 0.0,
        "Net Non Operating Interest Income Expense": NaN,
        "Total Other Finance Cost": NaN,
        "Operating Income": NaN,
        "Operating Expense": NaN,
        "Research And Development": NaN,
        "Selling General And Administration": NaN,
        "Gross Profit": NaN,
        "Cost Of Revenue": NaN,
        "Total Revenue": NaN,
        "Operating Revenue": NaN
    },
    "2022-06-30": {
        "Tax Effect Of Unusual Items": 0.0,
        "Tax Rate For Calcs": 0.059403,
        "Normalized EBITDA": 8645000.0,
        "Total Unusual Items": 0.0,
        "Total Unusual Items Excluding Goodwill": 0.0,
        "Net Income From Continuing Operation Net Minority Interest": 7537000.0,
        "Reconciled Depreciation": 451000.0,
        "Reconciled Cost Of Revenue": 24005000.0,
        "EBITDA": 8645000.0,
        "EBIT": 8194000.0,
        "Net Interest Income": -181000.0,
        "Interest Expense": 181000.0,
        "Normalized Income": 7537000.0,
        "Net Income From Continuing And Discontinued Operation": 7537000.0,
        "Total Expenses": 35035000.0,
        "Total Operating Income As Reported": 8194000.0,
        "Diluted Average Shares": 36879000.0,
        "Basic Average Shares": 36760000.0,
        "Diluted EPS": 0.2,
        "Basic EPS": 0.21,
        "Diluted NI Availto Com Stockholders": 7537000.0,
        "Net Income Common Stockholders": 7537000.0,
        "Net Income": 7537000.0,
        "Net Income Including Noncontrolling Interests": 7537000.0,
        "Net Income Continuous Operations": 7537000.0,
        "Tax Provision": 476000.0,
        "Pretax Income": 8013000.0,
        "Other Income Expense": 0.0,
        "Special Income Charges": 0.0,
        "Other Special Charges": 0.0,
        "Impairment Of Capital Assets": 0.0,
        "Net Non Operating Interest Income Expense": -181000.0,
        "Total Other Finance Cost": NaN,
        "Interest Expense Non Operating": 181000.0,
        "Operating Income": 8194000.0,
        "Operating Expense": 11030000.0,
        "Research And Development": 2106000.0,
        "Selling General And Administration": 8924000.0,
        "Gross Profit": 19224000.0,
        "Cost Of Revenue": 24005000.0,
        "Total Revenue": 43229000.0,
        "Operating Revenue": 43229000.0
    },
    "2022-03-31": {
        "Diluted EPS": 0.09,
        "Total Revenue": 36,
        "Gross Profit": 15,
        "Operating Income": 5,
        "EBIT": 5,
        "Net Income": 3
    },
    "2021-12-31": {
        "Diluted EPS": 0.03,
        "Total Revenue": 33,
        "Gross Profit": 11,
        "Operating Income": 1,
        "EBIT": 2,
        "Net Income": 1
    },
    "2021-09-30": {
        "Diluted EPS": 0.21,
        "Total Revenue": 31,
        "Gross Profit": 13,
        "Operating Income": 4,
        "EBIT": 5,
        "Net Income": 8
    },
    "2021-06-30": {
        "Diluted EPS": 0.15,
        "Total Revenue": 35,
        "Gross Profit": 16,
        "Operating Income": 7,
        "EBIT": 7,
        "Net Income": 6
    },
    "2021-03-31": {
        "Diluted EPS": 0.12,
        "Total Revenue": 28,
        "Gross Profit": 13,
        "Operating Income": 5,
        "EBIT": 5,
        "Net Income": 4
    },
    "2020-12-31": {
        "Diluted EPS": 0.09,
        "Total Revenue": 27,
        "Gross Profit": 11,
        "Operating Income": 4,
        "EBIT": 4,
        "Net Income": 3
    },
    "2020-09-30": {
        "Diluted EPS": 0.07,
        "Total Revenue": 23,
        "Gross Profit": 11,
        "Operating Income": 3,
        "EBIT": 3,
        "Net Income": 2
    },
    "2020-06-30": {
        "Diluted EPS": -0.07,
        "Total Revenue": 23,
        "Gross Profit": 7,
        "Operating Income": -2,
        "EBIT": 1,
        "Net Income": -3
    },
    "2020-03-31": {
        "Diluted EPS": 0.1,
        "Total Revenue": 26,
        "Gross Profit": 12,
        "Operating Income": 4,
        "EBIT": 4,
        "Net Income": 4
    },
    "2019-12-31": {
        "Diluted EPS": 0.1,
        "Total Revenue": 26,
        "Gross Profit": 12,
        "Operating Income": 4,
        "EBIT": 4,
        "Net Income": 4
    },
    "2019-09-30": {
        "Diluted EPS": 0.09,
        "Total Revenue": 26,
        "Gross Profit": 12,
        "Operating Income": 4,
        "EBIT": 4,
        "Net Income": 3
    },
    "2019-06-30": {
        "Diluted EPS": 0.14,
        "Total Revenue": 30,
        "Gross Profit": 13,
        "Operating Income": 5,
        "EBIT": 5,
        "Net Income": 5
    },
    "2019-03-31": {
        "Diluted EPS": 0.09,
        "Total Revenue": 25,
        "Gross Profit": 11,
        "Operating Income": 4,
        "EBIT": 4,
        "Net Income": 3
    },
    "2018-12-31": {
        "Diluted EPS": 0.08,
        "Total Revenue": 25,
        "Gross Profit": 11,
        "Operating Income": 3,
        "EBIT": 4,
        "Net Income": 3
    },
    "2018-09-30": {
        "Diluted EPS": 0.04,
        "Total Revenue": 23,
        "Gross Profit": 10,
        "Operating Income": 2,
        "EBIT": 2,
        "Net Income": 2
    },
    "2018-06-30": {
        "Diluted EPS": 0.1,
        "Total Revenue": 27,
        "Gross Profit": 12,
        "Operating Income": 4,
        "EBIT": 5,
        "Net Income": 4
    },
    "2018-03-31": {
        "Diluted EPS": 0.05,
        "Total Revenue": 22,
        "Gross Profit": 9,
        "Operating Income": 2,
        "EBIT": 2,
        "Net Income": 2
    },
    "2017-12-31": {
        "Diluted EPS": 0.04,
        "Total Revenue": 21,
        "Gross Profit": 8,
        "Operating Income": 1,
        "EBIT": 2,
        "Net Income": 1
    },
    "2017-09-30": {
        "Diluted EPS": 0.03,
        "Total Revenue": 21,
        "Gross Profit": 8,
        "Operating Income": 1,
        "EBIT": 1,
        "Net Income": 1
    },
    "2017-06-30": {
        "Diluted EPS": 0.09,
        "Total Revenue": 26,
        "Gross Profit": 15,
        "Operating Income": 3,
        "EBIT": 4,
        "Net Income": 3
    },
    "2017-03-31": {
        "Diluted EPS": 0.03,
        "Total Revenue": 21,
        "Gross Profit": 8,
        "Operating Income": 1,
        "EBIT": 1,
        "Net Income": 1
    },
    "2016-12-31": {
        "Diluted EPS": 0.03,
        "Total Revenue": 21,
        "Gross Profit": 7,
        "Operating Income": 1,
        "EBIT": 1,
        "Net Income": 1
    },
    "2016-09-30": {
        "Diluted EPS": 0.02,
        "Total Revenue": 20,
        "Gross Profit": 6,
        "Operating Income": 1,
        "EBIT": 1,
        "Net Income": 1
    },
    "2016-06-30": {
        "Diluted EPS": 0.09,
        "Total Revenue": 24,
        "Gross Profit": 10,
        "Operating Income": 4,
        "EBIT": 4,
        "Net Income": 3
    },
    "2016-03-31": {
        "Diluted EPS": 0.03,
        "Total Revenue": 20,
        "Gross Profit": 6,
        "Operating Income": 1,
        "EBIT": 2,
        "Net Income": 1
    },
    "2015-12-31": {
        "Diluted EPS": 0.03,
        "Total Revenue": 20,
        "Gross Profit": 6,
        "Operating Income": 1,
        "EBIT": 1,
        "Net Income": 1
    },
    "2015-09-30": {
        "Diluted EPS": 0.01,
        "Total Revenue": 18,
        "Gross Profit": 6,
        "Operating Income": 0,
        "EBIT": 1,
        "Net Income": 0
    },
    "2015-06-30": {
        "Diluted EPS": 0.09,
        "Total Revenue": 23,
        "Gross Profit": 9,
        "Operating Income": 3,
        "EBIT": 4,
        "Net Income": 3
    },
    "2015-03-31": {
        "Diluted EPS": 0.01,
        "Total Revenue": 18,
        "Gross Profit": 5,
        "Operating Income": 0,
        "EBIT": 1,
        "Net Income": 0
    },
    "2014-12-31": {
        "Diluted EPS": 0.03,
        "Total Revenue": 20,
        "Gross Profit": 6,
        "Operating Income": 1,
        "EBIT": 1,
        "Net Income": 1
    },
    "2014-09-30": {
        "Diluted EPS": 0.01,
        "Total Revenue": 17,
        "Gross Profit": 5,
        "Operating Income": 0,
        "EBIT": 1,
        "Net Income": 0
    },
    "2014-06-30": {
        "Diluted EPS": 0.06,
        "Total Revenue": 22,
        "Gross Profit": 8,
        "Operating Income": 3,
        "EBIT": 3,
        "Net Income": 2
    },
    "2014-03-31": {
        "Diluted EPS": 0.02,
        "Total Revenue": 17,
        "Gross Profit": 5,
        "Operating Income": 1,
        "EBIT": 1,
        "Net Income": 1
    },
    "2013-12-31": {
        "Diluted EPS": 0.01,
        "Total Revenue": 18,
        "Gross Profit": 5,
        "Operating Income": 1,
        "EBIT": 1,
        "Net Income": 0
    },
    "2013-09-30": {
        "Diluted EPS": 0.01,
        "Total Revenue": 17,
        "Gross Profit": 5,
        "Operating Income": 0,
        "EBIT": 1,
        "Net Income": 0
    },
    "2013-06-30": {
        "Diluted EPS": 0.08,
        "Total Revenue": 22,
        "Gross Profit": 8,
        "Operating Income": 4,
        "EBIT": 4,
        "Net Income": 3
    },
    "2013-03-31": {
        "Diluted EPS": 0.01,
        "Total Revenue": 17,
        "Gross Profit": 5,
        "Operating Income": 0,
        "EBIT": 1,
        "Net Income": 0
    },
    "2012-12-31": {
        "Diluted EPS": 0.01,
        "Total Revenue": 17,
        "Gross Profit": 5,
        "Operating Income": 0,
        "EBIT": 1,
        "Net Income": 0
    },
    "2012-09-30": {
        "Diluted EPS": -0.01,
        "Total Revenue": 15,
        "Gross Profit": 4,
        "Operating Income": 0,
        "EBIT": 0,
        "Net Income": 0
    },
    "2012-06-30": {
        "Diluted EPS": 0.05,
        "Total Revenue": 20,
        "Gross Profit": 7,
        "Operating Income": 2,
        "EBIT": 3,
        "Net Income": 2
    },
    "2012-03-31": {
        "Diluted EPS": 0.01,
        "Total Revenue": 17,
        "Gross Profit": 5,
        "Operating Income": 1,
        "EBIT": 1,
        "Net Income": 0
    },
    "2011-12-31": {
        "Diluted EPS": 0.01,
        "Total Revenue": 18,
        "Gross Profit": 5,
        "Operating Income": 1,
        "EBIT": 1,
        "Net Income": 0
    },
    "2011-09-30": {
        "Diluted EPS": -0.01,
        "Total Revenue": 16,
        "Gross Profit": 4,
        "Operating Income": 0,
        "EBIT": 0,
        "Net Income": 0
    },
    "2011-06-30": {
        "Diluted EPS": 0.04,
        "Total Revenue": 21,
        "Gross Profit": 6,
        "Operating Income": 2,
        "EBIT": 3,
        "Net Income": 1
    },
    "2011-03-31": {
        "Diluted EPS": 0.02,
        "Total Revenue": 18,
        "Gross Profit": 6,
        "Operating Income": 1,
        "EBIT": 1,
        "Net Income": 1
    },
    "2010-12-31": {
        "Diluted EPS": 0.01,
        "Total Revenue": 18,
        "Gross Profit": 5,
        "Operating Income": 1,
        "EBIT": 1,
        "Net Income": 0
    },
    "2010-09-30": {
        "Diluted EPS": -0.03,
        "Total Revenue": 15,
        "Gross Profit": 3,
        "Operating Income": -1,
        "EBIT": 0,
        "Net Income": -1
    },
    "2010-06-30": {
        "Diluted EPS": -0.05,
        "Total Revenue": 21,
        "Gross Profit": 3,
        "Operating Income": -2,
        "EBIT": -1,
        "Net Income": -2
    },
    "2010-03-31": {
        "Diluted EPS": -0.05,
        "Total Revenue": 16,
        "Gross Profit": 4,
        "Operating Income": -2,
        "EBIT": 0,
        "Net Income": -2
    },
    "2009-12-31": {
        "Diluted EPS": -0.03,
        "Total Revenue": 17,
        "Gross Profit": 4,
        "Operating Income": 0,
        "EBIT": 0,
        "Net Income": -1
    },
    "2009-09-30": {
        "Diluted EPS": -0.05,
        "Total Revenue": 14,
        "Gross Profit": 3,
        "Operating Income": -1,
        "EBIT": -1,
        "Net Income": -2
    },
    "2009-06-30": {
        "Diluted EPS": -0.24,
        "Total Revenue": 19,
        "Gross Profit": 3,
        "Operating Income": -11,
        "EBIT": 0,
        "Net Income": -9
    },
    "2009-03-31": {
        "Diluted EPS": -0.13,
        "Total Revenue": 14,
        "Gross Profit": 0,
        "Operating Income": -5,
        "EBIT": -5,
        "Net Income": -5
    },
    "2023-06-30": {
        "Tax Effect Of Unusual Items": NaN,
        "Tax Rate For Calcs": NaN,
        "Normalized EBITDA": NaN,
        "Total Unusual Items": 0.0,
        "Total Unusual Items Excluding Goodwill": 0.0,
        "Net Income From Continuing Operation Net Minority Interest": NaN,
        "Reconciled Depreciation": NaN,
        "Reconciled Cost Of Revenue": NaN,
        "EBITDA": NaN,
        "EBIT": NaN,
        "Net Interest Income": NaN,
        "Normalized Income": NaN,
        "Net Income From Continuing And Discontinued Operation": NaN,
        "Total Expenses": NaN,
        "Total Operating Income As Reported": NaN,
        "Diluted Average Shares": NaN,
        "Basic Average Shares": NaN,
        "Diluted EPS": NaN,
        "Basic EPS": NaN,
        "Diluted NI Availto Com Stockholders": NaN,
        "Net Income Common Stockholders": NaN,
        "Net Income": NaN,
        "Net Income Including Noncontrolling Interests": NaN,
        "Net Income Continuous Operations": NaN,
        "Tax Provision": NaN,
        "Pretax Income": NaN,
        "Special Income Charges": 0.0,
        "Net Non Operating Interest Income Expense": NaN,
        "Total Other Finance Cost": NaN,
        "Operating Income": NaN,
        "Operating Expense": NaN,
        "Research And Development": NaN,
        "Selling General And Administration": NaN,
        "Gross Profit": NaN,
        "Cost Of Revenue": NaN,
        "Total Revenue": NaN,
        "Operating Revenue": NaN
    },
    "2023-09-30": {
        "Tax Effect Of Unusual Items": NaN,
        "Tax Rate For Calcs": NaN,
        "Normalized EBITDA": NaN,
        "Net Income From Continuing Operation Net Minority Interest": NaN,
        "Reconciled Depreciation": NaN,
        "Reconciled Cost Of Revenue": NaN,
        "EBITDA": NaN,
        "EBIT": NaN,
        "Net Interest Income": NaN,
        "Normalized Income": NaN,
        "Net Income From Continuing And Discontinued Operation": NaN,
        "Total Expenses": NaN,
        "Total Operating Income As Reported": NaN,
        "Diluted Average Shares": 37076000.0,
        "Basic Average Shares": 36827000.0,
        "Diluted EPS": 0.28,
        "Basic EPS": 0.28,
        "Diluted NI Availto Com Stockholders": NaN,
        "Net Income Common Stockholders": NaN,
        "Net Income": NaN,
        "Net Income Including Noncontrolling Interests": NaN,
        "Net Income Continuous Operations": NaN,
        "Tax Provision": NaN,
        "Pretax Income": NaN,
        "Net Non Operating Interest Income Expense": NaN,
        "Total Other Finance Cost": NaN,
        "Operating Income": NaN,
        "Operating Expense": NaN,
        "Research And Development": NaN,
        "Selling General And Administration": NaN,
        "Gross Profit": NaN,
        "Cost Of Revenue": NaN,
        "Total Revenue": NaN,
        "Operating Revenue": NaN
    },
    "2023-12-31": {
        "Tax Effect Of Unusual Items": NaN,
        "Tax Rate For Calcs": NaN,
        "Normalized EBITDA": NaN,
        "Net Income From Continuing Operation Net Minority Interest": NaN,
        "Reconciled Depreciation": NaN,
        "Reconciled Cost Of Revenue": NaN,
        "EBITDA": NaN,
        "EBIT": NaN,
        "Net Interest Income": NaN,
        "Normalized Income": NaN,
        "Net Income From Continuing And Discontinued Operation": NaN,
        "Total Expenses": NaN,
        "Total Operating Income As Reported": NaN,
        "Diluted Average Shares": 37018000.0,
        "Basic Average Shares": 36829000.0,
        "Diluted EPS": 0.34,
        "Basic EPS": 0.34,
        "Diluted NI Availto Com Stockholders": NaN,
        "Net Income Common Stockholders": NaN,
        "Net Income": NaN,
        "Net Income Including Noncontrolling Interests": NaN,
        "Net Income Continuous Operations": NaN,
        "Tax Provision": NaN,
        "Pretax Income": NaN,
        "Net Non Operating Interest Income Expense": NaN,
        "Total Other Finance Cost": NaN,
        "Operating Income": NaN,
        "Operating Expense": NaN,
        "Research And Development": NaN,
        "Selling General And Administration": NaN,
        "Gross Profit": NaN,
        "Cost Of Revenue": NaN,
        "Total Revenue": NaN,
        "Operating Revenue": NaN
    },
    "2024-03-31": {
        "Tax Effect Of Unusual Items": NaN,
        "Tax Rate For Calcs": NaN,
        "Normalized EBITDA": NaN,
        "Net Income From Continuing Operation Net Minority Interest": NaN,
        "Reconciled Depreciation": NaN,
        "Reconciled Cost Of Revenue": NaN,
        "EBITDA": NaN,
        "EBIT": NaN,
        "Net Interest Income": NaN,
        "Normalized Income": NaN,
        "Net Income From Continuing And Discontinued Operation": NaN,
        "Total Expenses": NaN,
        "Total Operating Income As Reported": NaN,
        "Diluted Average Shares": 37118000.0,
        "Basic Average Shares": 36835000.0,
        "Diluted EPS": 0.36,
        "Basic EPS": 0.36,
        "Diluted NI Availto Com Stockholders": NaN,
        "Net Income Common Stockholders": NaN,
        "Net Income": NaN,
        "Net Income Including Noncontrolling Interests": NaN,
        "Net Income Continuous Operations": NaN,
        "Tax Provision": NaN,
        "Pretax Income": NaN,
        "Other Income Expense": NaN,
        "Other Non Operating Income Expenses": NaN,
        "Net Non Operating Interest Income Expense": NaN,
        "Total Other Finance Cost": NaN,
        "Operating Income": NaN,
        "Operating Expense": NaN,
        "Research And Development": NaN,
        "Selling General And Administration": NaN,
        "Gross Profit": NaN,
        "Cost Of Revenue": NaN,
        "Total Revenue": NaN,
        "Operating Revenue": NaN
    },
    "2024-06-30": {
        "Tax Effect Of Unusual Items": 0.0,
        "Tax Rate For Calcs": 0.080945,
        "Normalized EBITDA": 14500000.0,
        "Net Income From Continuing Operation Net Minority Interest": 13534000.0,
        "Reconciled Depreciation": 536000.0,
        "Reconciled Cost Of Revenue": 22485000.0,
        "EBITDA": 14500000.0,
        "EBIT": 13964000.0,
        "Net Interest Income": 762000.0,
        "Normalized Income": 13534000.0,
        "Net Income From Continuing And Discontinued Operation": 13534000.0,
        "Total Expenses": 36366000.0,
        "Total Operating Income As Reported": 13964000.0,
        "Diluted Average Shares": NaN,
        "Basic Average Shares": NaN,
        "Diluted EPS": NaN,
        "Basic EPS": NaN,
        "Diluted NI Availto Com Stockholders": 13534000.0,
        "Net Income Common Stockholders": 13534000.0,
        "Net Income": 13534000.0,
        "Net Income Including Noncontrolling Interests": 13534000.0,
        "Net Income Continuous Operations": 13534000.0,
        "Tax Provision": 1192000.0,
        "Pretax Income": 14726000.0,
        "Net Non Operating Interest Income Expense": 762000.0,
        "Total Other Finance Cost": -762000.0,
        "Operating Income": 13964000.0,
        "Operating Expense": 13881000.0,
        "Research And Development": 3027000.0,
        "Selling General And Administration": 10854000.0,
        "Gross Profit": 27845000.0,
        "Cost Of Revenue": 22485000.0,
        "Total Revenue": 50330000.0,
        "Operating Revenue": 50330000.0
    },
    "2024-09-30": {
        "Tax Effect Of Unusual Items": NaN,
        "Tax Rate For Calcs": NaN,
        "Normalized EBITDA": NaN,
        "Net Income From Continuing Operation Net Minority Interest": NaN,
        "Reconciled Depreciation": NaN,
        "Reconciled Cost Of Revenue": NaN,
        "EBITDA": NaN,
        "EBIT": NaN,
        "Net Interest Income": NaN,
        "Interest Income": NaN,
        "Normalized Income": NaN,
        "Net Income From Continuing And Discontinued Operation": NaN,
        "Total Expenses": NaN,
        "Total Operating Income As Reported": NaN,
        "Diluted Average Shares": 37180000.0,
        "Basic Average Shares": 36865000.0,
        "Diluted EPS": 0.3,
        "Basic EPS": 0.3,
        "Diluted NI Availto Com Stockholders": NaN,
        "Net Income Common Stockholders": NaN,
        "Net Income": NaN,
        "Net Income Including Noncontrolling Interests": NaN,
        "Net Income Continuous Operations": NaN,
        "Tax Provision": NaN,
        "Pretax Income": NaN,
        "Other Income Expense": NaN,
        "Other Non Operating Income Expenses": NaN,
        "Net Non Operating Interest Income Expense": NaN,
        "Total Other Finance Cost": -940000.0,
        "Interest Income Non Operating": NaN,
        "Operating Income": NaN,
        "Operating Expense": NaN,
        "Research And Development": NaN,
        "Selling General And Administration": NaN,
        "Gross Profit": NaN,
        "Cost Of Revenue": NaN,
        "Total Revenue": NaN,
        "Operating Revenue": NaN
    },
    "2024-12-31": {
        "Tax Effect Of Unusual Items": 0.0,
        "Tax Rate For Calcs": 0.134386,
        "Normalized EBITDA": 11755000.0,
        "Net Income From Continuing Operation Net Minority Interest": 10467000.0,
        "Reconciled Depreciation": 584000.0,
        "Reconciled Cost Of Revenue": 18444000.0,
        "EBITDA": 11755000.0,
        "EBIT": 11171000.0,
        "Net Interest Income": 928000.0,
        "Interest Income": 928000.0,
        "Normalized Income": 10467000.0,
        "Net Income From Continuing And Discontinued Operation": 10467000.0,
        "Total Expenses": 31762000.0,
        "Total Operating Income As Reported": 11171000.0,
        "Diluted Average Shares": 36776000.0,
        "Basic Average Shares": 36538000.0,
        "Diluted EPS": 0.28,
        "Basic EPS": 0.29,
        "Diluted NI Availto Com Stockholders": 10467000.0,
        "Net Income Common Stockholders": 10467000.0,
        "Net Income": 10467000.0,
        "Net Income Including Noncontrolling Interests": 10467000.0,
        "Net Income Continuous Operations": 10467000.0,
        "Tax Provision": 1625000.0,
        "Pretax Income": 12092000.0,
        "Other Income Expense": -7000.0,
        "Other Non Operating Income Expenses": -7000.0,
        "Net Non Operating Interest Income Expense": 928000.0,
        "Total Other Finance Cost": -921000.0,
        "Interest Income Non Operating": 928000.0,
        "Operating Income": 11171000.0,
        "Operating Expense": 13318000.0,
        "Research And Development": 3107000.0,
        "Selling General And Administration": 10211000.0,
        "Gross Profit": 24489000.0,
        "Cost Of Revenue": 18444000.0,
        "Total Revenue": 42933000.0,
        "Operating Revenue": 42933000.0
    },
    "2025-03-31": {
        "Tax Effect Of Unusual Items": 0.0,
        "Tax Rate For Calcs": 0.157,
        "Normalized EBITDA": 11718000.0,
        "Net Income From Continuing Operation Net Minority Interest": 10122000.0,
        "Reconciled Depreciation": 572000.0,
        "Reconciled Cost Of Revenue": 18834000.0,
        "EBITDA": 11718000.0,
        "EBIT": 11146000.0,
        "Net Interest Income": 862000.0,
        "Interest Income": NaN,
        "Normalized Income": 10122000.0,
        "Net Income From Continuing And Discontinued Operation": 10122000.0,
        "Total Expenses": 32815000.0,
        "Total Operating Income As Reported": 11146000.0,
        "Diluted Average Shares": 36253000.0,
        "Basic Average Shares": 36111000.0,
        "Diluted EPS": 0.28,
        "Basic EPS": 0.28,
        "Diluted NI Availto Com Stockholders": 10122000.0,
        "Net Income Common Stockholders": 10122000.0,
        "Net Income": 10122000.0,
        "Net Income Including Noncontrolling Interests": 10122000.0,
        "Net Income Continuous Operations": 10122000.0,
        "Tax Provision": 1886000.0,
        "Pretax Income": 12008000.0,
        "Other Income Expense": NaN,
        "Other Non Operating Income Expenses": NaN,
        "Net Non Operating Interest Income Expense": 862000.0,
        "Total Other Finance Cost": -862000.0,
        "Interest Income Non Operating": NaN,
        "Operating Income": 11146000.0,
        "Operating Expense": 13981000.0,
        "Research And Development": 3185000.0,
        "Selling General And Administration": 10796000.0,
        "Gross Profit": 25127000.0,
        "Cost Of Revenue": 18834000.0,
        "Total Revenue": 43961000.0,
        "Operating Revenue": 43961000.0
    },
    "2025-06-30": {
        "Tax Effect Of Unusual Items": 0.0,
        "Tax Rate For Calcs": 0.103092,
        "Normalized EBITDA": 12657000.0,
        "Net Income From Continuing Operation Net Minority Interest": 11632000.0,
        "Reconciled Depreciation": 571000.0,
        "Reconciled Cost Of Revenue": 23926000.0,
        "EBITDA": 12657000.0,
        "EBIT": 12086000.0,
        "Net Interest Income": 883000.0,
        "Interest Income": NaN,
        "Normalized Income": 11632000.0,
        "Net Income From Continuing And Discontinued Operation": 11632000.0,
        "Total Expenses": 38638000.0,
        "Total Operating Income As Reported": 12086000.0,
        "Diluted Average Shares": NaN,
        "Basic Average Shares": NaN,
        "Diluted EPS": NaN,
        "Basic EPS": NaN,
        "Diluted NI Availto Com Stockholders": 11632000.0,
        "Net Income Common Stockholders": 11632000.0,
        "Net Income": 11632000.0,
        "Net Income Including Noncontrolling Interests": 11632000.0,
        "Net Income Continuous Operations": 11632000.0,
        "Tax Provision": 1337000.0,
        "Pretax Income": 12969000.0,
        "Other Income Expense": NaN,
        "Other Non Operating Income Expenses": NaN,
        "Net Non Operating Interest Income Expense": 883000.0,
        "Total Other Finance Cost": -883000.0,
        "Interest Income Non Operating": NaN,
        "Operating Income": 12086000.0,
        "Operating Expense": 14712000.0,
        "Research And Development": 3232000.0,
        "Selling General And Administration": 11480000.0,
        "Gross Profit": 26798000.0,
        "Cost Of Revenue": 23926000.0,
        "Total Revenue": 50724000.0,
        "Operating Revenue": 50724000.0
    },
    "2025-09-30": {
        "Tax Effect Of Unusual Items": 0.0,
        "Tax Rate For Calcs": 0.169,
        "Normalized EBITDA": 14213000.0,
        "Net Income From Continuing Operation Net Minority Interest": 12165000.0,
        "Reconciled Depreciation": 570000.0,
        "Reconciled Cost Of Revenue": 21322000.0,
        "EBITDA": 14213000.0,
        "EBIT": 13643000.0,
        "Net Interest Income": 854000.0,
        "Interest Income": NaN,
        "Normalized Income": 12165000.0,
        "Net Income From Continuing And Discontinued Operation": 12165000.0,
        "Total Expenses": 35525000.0,
        "Total Operating Income As Reported": 13643000.0,
        "Diluted Average Shares": 35865000.0,
        "Basic Average Shares": 35658000.0,
        "Diluted EPS": 0.34,
        "Basic EPS": 0.34,
        "Diluted NI Availto Com Stockholders": 12165000.0,
        "Net Income Common Stockholders": 12165000.0,
        "Net Income": 12165000.0,
        "Net Income Including Noncontrolling Interests": 12165000.0,
        "Net Income Continuous Operations": 12165000.0,
        "Tax Provision": 2470000.0,
        "Pretax Income": 14635000.0,
        "Other Income Expense": 138000.0,
        "Other Non Operating Income Expenses": 138000.0,
        "Net Non Operating Interest Income Expense": 854000.0,
        "Total Other Finance Cost": -854000.0,
        "Interest Income Non Operating": NaN,
        "Operating Income": 13643000.0,
        "Operating Expense": 14203000.0,
        "Research And Development": 3240000.0,
        "Selling General And Administration": 10963000.0,
        "Gross Profit": 27846000.0,
        "Cost Of Revenue": 21322000.0,
        "Total Revenue": 49168000.0,
        "Operating Revenue": 49168000.0
    },
    "2025-12-31": {
        "Tax Effect Of Unusual Items": 0.0,
        "Tax Rate For Calcs": 0.142067,
        "Normalized EBITDA": 15318000.0,
        "Net Income From Continuing Operation Net Minority Interest": 13503000.0,
        "Reconciled Depreciation": 565000.0,
        "Reconciled Cost Of Revenue": 19934000.0,
        "EBITDA": 15318000.0,
        "EBIT": 14753000.0,
        "Net Interest Income": 884000.0,
        "Interest Income": 884000.0,
        "Normalized Income": 13503000.0,
        "Net Income From Continuing And Discontinued Operation": 13503000.0,
        "Total Expenses": 33419000.0,
        "Total Operating Income As Reported": 14753000.0,
        "Diluted Average Shares": 35915000.0,
        "Basic Average Shares": 35664000.0,
        "Diluted EPS": 0.38,
        "Basic EPS": 0.38,
        "Diluted NI Availto Com Stockholders": 13503000.0,
        "Net Income Common Stockholders": 13503000.0,
        "Net Income": 13503000.0,
        "Net Income Including Noncontrolling Interests": 13503000.0,
        "Net Income Continuous Operations": 13503000.0,
        "Tax Provision": 2236000.0,
        "Pretax Income": 15739000.0,
        "Other Income Expense": 102000.0,
        "Other Non Operating Income Expenses": 102000.0,
        "Net Non Operating Interest Income Expense": 884000.0,
        "Total Other Finance Cost": NaN,
        "Interest Income Non Operating": 884000.0,
        "Operating Income": 14753000.0,
        "Operating Expense": 13485000.0,
        "Research And Development": 3473000.0,
        "Selling General And Administration": 10012000.0,
        "Gross Profit": 28238000.0,
        "Cost Of Revenue": 19934000.0,
        "Total Revenue": 48172000.0,
        "Operating Revenue": 48172000.0
    }
}