{
    "2023-03-31": {
        "Tax Effect Of Unusual Items": 0.0,
        "Tax Rate For Calcs": 0.219438,
        "Normalized EBITDA": -207193.0,
        "Total Unusual Items": NaN,
        "Total Unusual Items Excluding Goodwill": NaN,
        "Net Income From Continuing Operation Net Minority Interest": 2803159.0,
        "EBIT": -207193.0,
        "Net Interest Income": 3798398.0,
        "Interest Income": 3798398.0,
        "Normalized Income": 2803159.0,
        "Net Income From Continuing And Discontinued Operation": 2803159.0,
        "Total Expenses": 207193.0,
        "Total Operating Income As Reported": -207193.0,
        "Diluted Average Shares": 38800047.0,
        "Basic Average Shares": 38800047.0,
        "Diluted EPS": 0.07,
        "Basic EPS": 0.07,
        "Diluted NI Availto Com Stockholders": 2803159.0,
        "Net Income Common Stockholders": 2803159.0,
        "Net Income": 2803159.0,
        "Net Income Including Noncontrolling Interests": 2803159.0,
        "Net Income Continuous Operations": 2803159.0,
        "Tax Provision": 788046.0,
        "Pretax Income": 3591205.0,
        "Other Income Expense": NaN,
        "Gain On Sale Of Security": NaN,
        "Net Non Operating Interest Income Expense": 3798398.0,
        "Interest Income Non Operating": 3798398.0,
        "Operating Income": -207193.0,
        "Operating Expense": 207193.0,
        "Other Operating Expenses": 207193.0,
        "Total Revenue": 0.0,
        "Operating Revenue": 0.0
    },
    "2022-12-31": {
        "Tax Effect Of Unusual Items": 96431.5,
        "Tax Rate For Calcs": 0.1958,
        "Normalized EBITDA": -793070.0,
        "Total Unusual Items": 492500.0,
        "Total Unusual Items Excluding Goodwill": 492500.0,
        "Net Income From Continuing Operation Net Minority Interest": 2874080.0,
        "EBIT": -300570.0,
        "Net Interest Income": 3381822.0,
        "Interest Income": 3381822.0,
        "Normalized Income": 2478011.5,
        "Net Income From Continuing And Discontinued Operation": 2874080.0,
        "Total Expenses": 300570.0,
        "Total Operating Income As Reported": -300570.0,
        "Diluted Average Shares": 50000000.0,
        "Basic Average Shares": 50000000.0,
        "Diluted EPS": 0.06,
        "Basic EPS": 0.06,
        "Diluted NI Availto Com Stockholders": 2874080.0,
        "Net Income Common Stockholders": 2874080.0,
        "Net Income": 2874080.0,
        "Net Income Including Noncontrolling Interests": 2874080.0,
        "Net Income Continuous Operations": 2874080.0,
        "Tax Provision": 699672.0,
        "Pretax Income": 3573752.0,
        "Other Income Expense": 492500.0,
        "Gain On Sale Of Security": 492500.0,
        "Net Non Operating Interest Income Expense": 3381822.0,
        "Interest Income Non Operating": 3381822.0,
        "Operating Income": -300570.0,
        "Operating Expense": 300570.0,
        "Other Operating Expenses": 300570.0,
        "Total Revenue": 0.0,
        "Operating Revenue": 0.0
    },
    "2022-09-30": {
        "Tax Effect Of Unusual Items": 267017.963092,
        "Tax Rate For Calcs": 0.090361,
        "Normalized EBITDA": -3151050.0,
        "Total Unusual Items": 2955000.0,
        "Total Unusual Items Excluding Goodwill": 2955000.0,
        "Net Income From Continuing Operation Net Minority Interest": 4152069.0,
        "EBIT": -196050.0,
        "Net Interest Income": 1805576.0,
        "Interest Income": 1805576.0,
        "Normalized Income": 1464086.963092,
        "Net Income From Continuing And Discontinued Operation": 4152069.0,
        "Total Expenses": 196050.0,
        "Total Operating Income As Reported": -196050.0,
        "Diluted Average Shares": 50000000.0,
        "Basic Average Shares": 50000000.0,
        "Diluted EPS": 0.083041,
        "Basic EPS": 0.083041,
        "Diluted NI Availto Com Stockholders": 4152069.0,
        "Net Income Common Stockholders": 4152069.0,
        "Net Income": 4152069.0,
        "Net Income Including Noncontrolling Interests": 4152069.0,
        "Net Income Continuous Operations": 4152069.0,
        "Tax Provision": 412457.0,
        "Pretax Income": 4564526.0,
        "Other Income Expense": 2955000.0,
        "Gain On Sale Of Security": 2955000.0,
        "Net Non Operating Interest Income Expense": 1805576.0,
        "Interest Income Non Operating": 1805576.0,
        "Operating Income": -196050.0,
        "Operating Expense": 196050.0,
        "Other Operating Expenses": 196050.0,
        "Total Revenue": 0.0,
        "Operating Revenue": 0.0
    },
    "2022-06-30": {
        "Tax Effect Of Unusual Items": 5778.6656,
        "Tax Rate For Calcs": 0.0016,
        "Normalized EBITDA": -3810543.0,
        "Total Unusual Items": 3611666.0,
        "Total Unusual Items Excluding Goodwill": 3611666.0,
        "Net Income From Continuing Operation Net Minority Interest": 3972035.0,
        "EBIT": -198877.0,
        "Net Interest Income": 576991.0,
        "Interest Income": 576991.0,
        "Normalized Income": 366147.6656,
        "Net Income From Continuing And Discontinued Operation": 3972035.0,
        "Total Expenses": 198877.0,
        "Total Operating Income As Reported": -198877.0,
        "Diluted Average Shares": 50000000.0,
        "Basic Average Shares": 10000000.0,
        "Diluted EPS": 0.08,
        "Basic EPS": 0.08,
        "Diluted NI Availto Com Stockholders": 3972035.0,
        "Net Income Common Stockholders": 3972035.0,
        "Net Income": 3972035.0,
        "Net Income Including Noncontrolling Interests": 3972035.0,
        "Net Income Continuous Operations": 3972035.0,
        "Tax Provision": 17745.0,
        "Pretax Income": 3989780.0,
        "Other Income Expense": 3611666.0,
        "Gain On Sale Of Security": 3611666.0,
        "Net Non Operating Interest Income Expense": 576991.0,
        "Interest Income Non Operating": 576991.0,
        "Operating Income": -198877.0,
        "Operating Expense": 198877.0,
        "Other Operating Expenses": 198877.0,
        "Total Revenue": 0.0,
        "Operating Revenue": 0.0
    },
    "2022-03-31": {
        "Diluted EPS": 0.14,
        "Total Revenue": NaN,
        "Gross Profit": NaN,
        "Operating Income": 0,
        "EBIT": 0,
        "Net Income": 7
    },
    "2021-12-31": {
        "Diluted EPS": 0.03,
        "Total Revenue": NaN,
        "Gross Profit": NaN,
        "Operating Income": 0,
        "EBIT": 0,
        "Net Income": 2
    },
    "2021-09-30": {
        "Diluted EPS": 0.0,
        "Total Revenue": NaN,
        "Gross Profit": NaN,
        "Operating Income": NaN,
        "EBIT": NaN,
        "Net Income": NaN
    },
    "2021-06-30": {
        "Diluted EPS": -0.08,
        "Total Revenue": NaN,
        "Gross Profit": NaN,
        "Operating Income": 0,
        "EBIT": 0,
        "Net Income": -4
    },
    "2021-03-31": {
        "Diluted EPS": -0.04,
        "Total Revenue": NaN,
        "Gross Profit": NaN,
        "Operating Income": 0,
        "EBIT": 0,
        "Net Income": -1
    },
    "2020-12-31": {
        "Diluted EPS": 0.0,
        "Total Revenue": NaN,
        "Gross Profit": NaN,
        "Operating Income": NaN,
        "EBIT": NaN,
        "Net Income": NaN
    },
    "2023-06-30": {
        "Tax Effect Of Unusual Items": 0.0,
        "Tax Rate For Calcs": 0.254981,
        "Normalized EBITDA": -124406.0,
        "Total Unusual Items": NaN,
        "Total Unusual Items Excluding Goodwill": NaN,
        "Net Income From Continuing Operation Net Minority Interest": 282977.0,
        "EBIT": -124406.0,
        "Net Interest Income": 504231.0,
        "Interest Income": 504231.0,
        "Normalized Income": 282977.0,
        "Net Income From Continuing And Discontinued Operation": 282977.0,
        "Total Expenses": 124406.0,
        "Total Operating Income As Reported": -124406.0,
        "Diluted Average Shares": 14000152.0,
        "Basic Average Shares": 10000000.0,
        "Diluted EPS": 0.02,
        "Basic EPS": 0.02,
        "Diluted NI Availto Com Stockholders": 282977.0,
        "Net Income Common Stockholders": 282977.0,
        "Net Income": 282977.0,
        "Net Income Including Noncontrolling Interests": 282977.0,
        "Net Income Continuous Operations": 282977.0,
        "Tax Provision": 96848.0,
        "Pretax Income": 379825.0,
        "Other Income Expense": NaN,
        "Gain On Sale Of Security": NaN,
        "Net Non Operating Interest Income Expense": 504231.0,
        "Interest Income Non Operating": 504231.0,
        "Operating Income": -124406.0,
        "Operating Expense": 124406.0,
        "Other Operating Expenses": 124406.0,
        "Total Revenue": 0.0,
        "Operating Revenue": 0.0
    }
}