{
    "2023-03-31": {
        "Tax Effect Of Unusual Items": NaN,
        "Tax Rate For Calcs": NaN,
        "Normalized EBITDA": NaN,
        "Total Unusual Items": NaN,
        "Total Unusual Items Excluding Goodwill": NaN,
        "Net Income From Continuing Operation Net Minority Interest": NaN,
        "Reconciled Depreciation": NaN,
        "Reconciled Cost Of Revenue": NaN,
        "EBITDA": NaN,
        "EBIT": NaN,
        "Net Interest Income": NaN,
        "Interest Expense": NaN,
        "Normalized Income": NaN,
        "Net Income From Continuing And Discontinued Operation": NaN,
        "Total Expenses": NaN,
        "Total Operating Income As Reported": NaN,
        "Diluted Average Shares": NaN,
        "Basic Average Shares": NaN,
        "Diluted EPS": NaN,
        "Basic EPS": NaN,
        "Diluted NI Availto Com Stockholders": NaN,
        "Net Income Common Stockholders": NaN,
        "Net Income": NaN,
        "Net Income Including Noncontrolling Interests": NaN,
        "Net Income Continuous Operations": NaN,
        "Tax Provision": NaN,
        "Pretax Income": NaN,
        "Other Income Expense": NaN,
        "Special Income Charges": NaN,
        "Gain On Sale Of Ppe": 0.0,
        "Restructuring And Mergern Acquisition": NaN,
        "Net Non Operating Interest Income Expense": NaN,
        "Interest Expense Non Operating": NaN,
        "Operating Income": NaN,
        "Operating Expense": NaN,
        "Research And Development": NaN,
        "Selling General And Administration": NaN,
        "Selling And Marketing Expense": NaN,
        "General And Administrative Expense": NaN,
        "Other Gand A": NaN,
        "Gross Profit": NaN,
        "Cost Of Revenue": NaN,
        "Total Revenue": NaN,
        "Operating Revenue": NaN
    },
    "2022-12-31": {
        "Tax Effect Of Unusual Items": NaN,
        "Tax Rate For Calcs": NaN,
        "Normalized EBITDA": NaN,
        "Total Unusual Items": NaN,
        "Total Unusual Items Excluding Goodwill": NaN,
        "Net Income From Continuing Operation Net Minority Interest": NaN,
        "Reconciled Depreciation": NaN,
        "Reconciled Cost Of Revenue": NaN,
        "EBITDA": NaN,
        "EBIT": NaN,
        "Net Interest Income": NaN,
        "Interest Expense": NaN,
        "Normalized Income": NaN,
        "Net Income From Continuing And Discontinued Operation": NaN,
        "Total Expenses": NaN,
        "Total Operating Income As Reported": NaN,
        "Diluted Average Shares": NaN,
        "Basic Average Shares": NaN,
        "Diluted EPS": NaN,
        "Basic EPS": NaN,
        "Diluted NI Availto Com Stockholders": NaN,
        "Net Income Common Stockholders": NaN,
        "Net Income": NaN,
        "Net Income Including Noncontrolling Interests": NaN,
        "Net Income Continuous Operations": NaN,
        "Tax Provision": NaN,
        "Pretax Income": NaN,
        "Other Income Expense": 0.0,
        "Special Income Charges": NaN,
        "Gain On Sale Of Ppe": 0.0,
        "Restructuring And Mergern Acquisition": 0.0,
        "Net Non Operating Interest Income Expense": NaN,
        "Interest Expense Non Operating": NaN,
        "Operating Income": NaN,
        "Operating Expense": NaN,
        "Research And Development": NaN,
        "Selling General And Administration": NaN,
        "Selling And Marketing Expense": NaN,
        "General And Administrative Expense": NaN,
        "Other Gand A": NaN,
        "Gross Profit": NaN,
        "Cost Of Revenue": NaN,
        "Total Revenue": NaN,
        "Operating Revenue": NaN
    },
    "2022-09-30": {
        "Tax Effect Of Unusual Items": NaN,
        "Tax Rate For Calcs": NaN,
        "Normalized EBITDA": NaN,
        "Total Unusual Items": NaN,
        "Total Unusual Items Excluding Goodwill": NaN,
        "Net Income From Continuing Operation Net Minority Interest": NaN,
        "Reconciled Depreciation": NaN,
        "Reconciled Cost Of Revenue": NaN,
        "EBITDA": NaN,
        "EBIT": NaN,
        "Net Interest Income": NaN,
        "Interest Expense": NaN,
        "Normalized Income": NaN,
        "Net Income From Continuing And Discontinued Operation": NaN,
        "Total Expenses": NaN,
        "Total Operating Income As Reported": NaN,
        "Diluted Average Shares": NaN,
        "Basic Average Shares": NaN,
        "Diluted EPS": NaN,
        "Basic EPS": NaN,
        "Diluted NI Availto Com Stockholders": NaN,
        "Net Income Common Stockholders": NaN,
        "Net Income": NaN,
        "Net Income Including Noncontrolling Interests": NaN,
        "Net Income Continuous Operations": NaN,
        "Tax Provision": NaN,
        "Pretax Income": NaN,
        "Other Income Expense": NaN,
        "Special Income Charges": NaN,
        "Gain On Sale Of Ppe": NaN,
        "Restructuring And Mergern Acquisition": 0.0,
        "Net Non Operating Interest Income Expense": NaN,
        "Interest Expense Non Operating": NaN,
        "Operating Income": NaN,
        "Operating Expense": NaN,
        "Research And Development": NaN,
        "Selling General And Administration": NaN,
        "Selling And Marketing Expense": NaN,
        "General And Administrative Expense": NaN,
        "Other Gand A": NaN,
        "Gross Profit": NaN,
        "Cost Of Revenue": NaN,
        "Total Revenue": NaN,
        "Operating Revenue": NaN
    },
    "2022-06-30": {
        "Tax Effect Of Unusual Items": 0.0,
        "Tax Rate For Calcs": 0.21,
        "Normalized EBITDA": 1506000.0,
        "Total Unusual Items": 0.0,
        "Total Unusual Items Excluding Goodwill": 0.0,
        "Net Income From Continuing Operation Net Minority Interest": 719000.0,
        "Reconciled Depreciation": 481000.0,
        "Reconciled Cost Of Revenue": 27514000.0,
        "EBITDA": 1506000.0,
        "EBIT": 1025000.0,
        "Net Interest Income": -117000.0,
        "Interest Expense": 117000.0,
        "Normalized Income": 719000.0,
        "Net Income From Continuing And Discontinued Operation": 719000.0,
        "Total Expenses": 31493000.0,
        "Total Operating Income As Reported": 1025000.0,
        "Diluted Average Shares": 2886755.0,
        "Basic Average Shares": 2683131.0,
        "Diluted EPS": 0.25,
        "Basic EPS": 0.27,
        "Diluted NI Availto Com Stockholders": 719000.0,
        "Net Income Common Stockholders": 719000.0,
        "Net Income": 719000.0,
        "Net Income Including Noncontrolling Interests": 719000.0,
        "Net Income Continuous Operations": 719000.0,
        "Tax Provision": 189000.0,
        "Pretax Income": 908000.0,
        "Other Income Expense": NaN,
        "Special Income Charges": 0.0,
        "Gain On Sale Of Ppe": 0.0,
        "Restructuring And Mergern Acquisition": 0.0,
        "Net Non Operating Interest Income Expense": -117000.0,
        "Interest Expense Non Operating": 117000.0,
        "Operating Income": 1025000.0,
        "Operating Expense": 3979000.0,
        "Research And Development": 351000.0,
        "Selling General And Administration": 3628000.0,
        "Selling And Marketing Expense": 960000.0,
        "General And Administrative Expense": 2668000.0,
        "Other Gand A": 2668000.0,
        "Gross Profit": 5004000.0,
        "Cost Of Revenue": 27514000.0,
        "Total Revenue": 32518000.0,
        "Operating Revenue": 32518000.0
    },
    "2022-03-31": {
        "Diluted EPS": 0.05,
        "Total Revenue": 31,
        "Gross Profit": 4,
        "Operating Income": 0,
        "EBIT": 1,
        "Net Income": 0
    },
    "2021-12-31": {
        "Diluted EPS": 1.82,
        "Total Revenue": 33,
        "Gross Profit": 3,
        "Operating Income": -1,
        "EBIT": 0,
        "Net Income": 5
    },
    "2021-09-30": {
        "Diluted EPS": 1.24,
        "Total Revenue": 29,
        "Gross Profit": 8,
        "Operating Income": 5,
        "EBIT": 5,
        "Net Income": 4
    },
    "2021-06-30": {
        "Diluted EPS": 0.06,
        "Total Revenue": 30,
        "Gross Profit": 4,
        "Operating Income": 0,
        "EBIT": 1,
        "Net Income": 0
    },
    "2021-03-31": {
        "Diluted EPS": -0.58,
        "Total Revenue": 22,
        "Gross Profit": 2,
        "Operating Income": -2,
        "EBIT": -2,
        "Net Income": -2
    },
    "2020-12-31": {
        "Diluted EPS": -1.32,
        "Total Revenue": 24,
        "Gross Profit": 2,
        "Operating Income": -4,
        "EBIT": -1,
        "Net Income": -4
    },
    "2020-09-30": {
        "Diluted EPS": 0.73,
        "Total Revenue": 26,
        "Gross Profit": 2,
        "Operating Income": 3,
        "EBIT": 3,
        "Net Income": 2
    },
    "2020-06-30": {
        "Diluted EPS": -0.05,
        "Total Revenue": 26,
        "Gross Profit": 3,
        "Operating Income": 0,
        "EBIT": 1,
        "Net Income": 0
    },
    "2020-03-31": {
        "Diluted EPS": 0.06,
        "Total Revenue": 27,
        "Gross Profit": 3,
        "Operating Income": 0,
        "EBIT": 1,
        "Net Income": 0
    },
    "2019-12-31": {
        "Diluted EPS": 0.1,
        "Total Revenue": 31,
        "Gross Profit": 4,
        "Operating Income": 1,
        "EBIT": 1,
        "Net Income": 0
    },
    "2019-09-30": {
        "Diluted EPS": 0.16,
        "Total Revenue": 30,
        "Gross Profit": 4,
        "Operating Income": 1,
        "EBIT": 1,
        "Net Income": 0
    },
    "2019-06-30": {
        "Diluted EPS": -0.58,
        "Total Revenue": 27,
        "Gross Profit": 2,
        "Operating Income": -1,
        "EBIT": -1,
        "Net Income": -2
    },
    "2019-03-31": {
        "Diluted EPS": -0.14,
        "Total Revenue": 28,
        "Gross Profit": 3,
        "Operating Income": 0,
        "EBIT": 0,
        "Net Income": 0
    },
    "2018-12-31": {
        "Diluted EPS": -0.08,
        "Total Revenue": 29,
        "Gross Profit": 3,
        "Operating Income": 0,
        "EBIT": 1,
        "Net Income": 0
    },
    "2018-09-30": {
        "Diluted EPS": 0.14,
        "Total Revenue": 30,
        "Gross Profit": 3,
        "Operating Income": 1,
        "EBIT": 1,
        "Net Income": 0
    },
    "2018-06-30": {
        "Diluted EPS": 0.14,
        "Total Revenue": 29,
        "Gross Profit": 4,
        "Operating Income": 1,
        "EBIT": 1,
        "Net Income": 0
    },
    "2018-03-31": {
        "Diluted EPS": -0.14,
        "Total Revenue": 26,
        "Gross Profit": 3,
        "Operating Income": 0,
        "EBIT": 0,
        "Net Income": 0
    },
    "2017-12-31": {
        "Diluted EPS": -0.89,
        "Total Revenue": 26,
        "Gross Profit": 2,
        "Operating Income": -2,
        "EBIT": 0,
        "Net Income": -2
    },
    "2017-09-30": {
        "Diluted EPS": 0.02,
        "Total Revenue": 28,
        "Gross Profit": 4,
        "Operating Income": 0,
        "EBIT": 1,
        "Net Income": 0
    },
    "2017-06-30": {
        "Diluted EPS": -0.01,
        "Total Revenue": 30,
        "Gross Profit": 3,
        "Operating Income": 0,
        "EBIT": 1,
        "Net Income": 0
    },
    "2017-03-31": {
        "Diluted EPS": -0.01,
        "Total Revenue": 28,
        "Gross Profit": 3,
        "Operating Income": 0,
        "EBIT": 1,
        "Net Income": 0
    },
    "2016-12-31": {
        "Diluted EPS": 0.05,
        "Total Revenue": 29,
        "Gross Profit": 4,
        "Operating Income": 0,
        "EBIT": 1,
        "Net Income": 0
    },
    "2016-09-30": {
        "Diluted EPS": 0.02,
        "Total Revenue": 30,
        "Gross Profit": 4,
        "Operating Income": 0,
        "EBIT": 1,
        "Net Income": 0
    },
    "2016-06-30": {
        "Diluted EPS": -0.07,
        "Total Revenue": 29,
        "Gross Profit": 3,
        "Operating Income": 0,
        "EBIT": 0,
        "Net Income": 0
    },
    "2016-03-31": {
        "Diluted EPS": 0.02,
        "Total Revenue": 29,
        "Gross Profit": 3,
        "Operating Income": 0,
        "EBIT": 1,
        "Net Income": 0
    },
    "2015-12-31": {
        "Diluted EPS": 0.05,
        "Total Revenue": 31,
        "Gross Profit": 4,
        "Operating Income": 0,
        "EBIT": 1,
        "Net Income": 0
    },
    "2015-09-30": {
        "Diluted EPS": -0.05,
        "Total Revenue": 30,
        "Gross Profit": 3,
        "Operating Income": 0,
        "EBIT": 1,
        "Net Income": 0
    },
    "2015-06-30": {
        "Diluted EPS": -0.14,
        "Total Revenue": 27,
        "Gross Profit": 2,
        "Operating Income": 0,
        "EBIT": 0,
        "Net Income": 0
    },
    "2015-03-31": {
        "Diluted EPS": -0.07,
        "Total Revenue": 27,
        "Gross Profit": 3,
        "Operating Income": 0,
        "EBIT": 0,
        "Net Income": 0
    },
    "2014-12-31": {
        "Diluted EPS": 0.08,
        "Total Revenue": 30,
        "Gross Profit": 3,
        "Operating Income": 0,
        "EBIT": 1,
        "Net Income": 0
    },
    "2014-09-30": {
        "Diluted EPS": 0.12,
        "Total Revenue": 28,
        "Gross Profit": 4,
        "Operating Income": 0,
        "EBIT": 1,
        "Net Income": 0
    },
    "2014-06-30": {
        "Diluted EPS": 0.09,
        "Total Revenue": 27,
        "Gross Profit": 3,
        "Operating Income": 0,
        "EBIT": 1,
        "Net Income": 0
    },
    "2014-03-31": {
        "Diluted EPS": 0.03,
        "Total Revenue": 26,
        "Gross Profit": 3,
        "Operating Income": 0,
        "EBIT": 1,
        "Net Income": 0
    },
    "2013-12-31": {
        "Diluted EPS": 0.1,
        "Total Revenue": 29,
        "Gross Profit": 4,
        "Operating Income": 0,
        "EBIT": 1,
        "Net Income": 0
    },
    "2013-09-30": {
        "Diluted EPS": 0.07,
        "Total Revenue": 27,
        "Gross Profit": 3,
        "Operating Income": 0,
        "EBIT": 1,
        "Net Income": 0
    },
    "2013-06-30": {
        "Diluted EPS": 0.07,
        "Total Revenue": 28,
        "Gross Profit": 3,
        "Operating Income": 0,
        "EBIT": 1,
        "Net Income": 0
    },
    "2013-03-31": {
        "Diluted EPS": 0.05,
        "Total Revenue": 26,
        "Gross Profit": 3,
        "Operating Income": 0,
        "EBIT": 1,
        "Net Income": 0
    },
    "2012-12-31": {
        "Diluted EPS": 0.1,
        "Total Revenue": 25,
        "Gross Profit": 4,
        "Operating Income": 0,
        "EBIT": 1,
        "Net Income": 0
    },
    "2012-09-30": {
        "Diluted EPS": 0.04,
        "Total Revenue": 26,
        "Gross Profit": 3,
        "Operating Income": 0,
        "EBIT": 1,
        "Net Income": 0
    },
    "2012-06-30": {
        "Diluted EPS": 0.05,
        "Total Revenue": 28,
        "Gross Profit": 3,
        "Operating Income": 0,
        "EBIT": 1,
        "Net Income": 0
    },
    "2012-03-31": {
        "Diluted EPS": 0.04,
        "Total Revenue": 28,
        "Gross Profit": 3,
        "Operating Income": 0,
        "EBIT": 1,
        "Net Income": 0
    },
    "2011-12-31": {
        "Diluted EPS": 0.09,
        "Total Revenue": 29,
        "Gross Profit": 4,
        "Operating Income": 0,
        "EBIT": 1,
        "Net Income": 0
    },
    "2011-09-30": {
        "Diluted EPS": 0.07,
        "Total Revenue": 28,
        "Gross Profit": 3,
        "Operating Income": 0,
        "EBIT": 1,
        "Net Income": 0
    },
    "2011-06-30": {
        "Diluted EPS": 0.05,
        "Total Revenue": 28,
        "Gross Profit": 3,
        "Operating Income": 0,
        "EBIT": 1,
        "Net Income": 0
    },
    "2011-03-31": {
        "Diluted EPS": 0.23,
        "Total Revenue": 29,
        "Gross Profit": 3,
        "Operating Income": 0,
        "EBIT": 1,
        "Net Income": 1
    },
    "2010-12-31": {
        "Diluted EPS": 0.05,
        "Total Revenue": 27,
        "Gross Profit": 3,
        "Operating Income": 0,
        "EBIT": 1,
        "Net Income": 0
    },
    "2010-09-30": {
        "Diluted EPS": 0.05,
        "Total Revenue": 26,
        "Gross Profit": 3,
        "Operating Income": 0,
        "EBIT": 1,
        "Net Income": 0
    },
    "2010-06-30": {
        "Diluted EPS": 0.05,
        "Total Revenue": 25,
        "Gross Profit": 3,
        "Operating Income": 0,
        "EBIT": 1,
        "Net Income": 0
    },
    "2010-03-31": {
        "Diluted EPS": 0.03,
        "Total Revenue": 22,
        "Gross Profit": 3,
        "Operating Income": 0,
        "EBIT": 1,
        "Net Income": 0
    },
    "2009-12-31": {
        "Diluted EPS": -0.05,
        "Total Revenue": 20,
        "Gross Profit": 2,
        "Operating Income": -1,
        "EBIT": -1,
        "Net Income": 0
    },
    "2009-09-30": {
        "Diluted EPS": -0.31,
        "Total Revenue": 19,
        "Gross Profit": 2,
        "Operating Income": -1,
        "EBIT": 0,
        "Net Income": -1
    },
    "2009-06-30": {
        "Diluted EPS": -0.56,
        "Total Revenue": 20,
        "Gross Profit": 1,
        "Operating Income": -2,
        "EBIT": -1,
        "Net Income": -2
    },
    "2009-03-31": {
        "Diluted EPS": -0.47,
        "Total Revenue": 22,
        "Gross Profit": 1,
        "Operating Income": -2,
        "EBIT": -2,
        "Net Income": -1
    },
    "2023-06-30": {
        "Tax Effect Of Unusual Items": NaN,
        "Tax Rate For Calcs": NaN,
        "Normalized EBITDA": NaN,
        "Total Unusual Items": 0.0,
        "Total Unusual Items Excluding Goodwill": 0.0,
        "Net Income From Continuing Operation Net Minority Interest": NaN,
        "Reconciled Depreciation": NaN,
        "Reconciled Cost Of Revenue": NaN,
        "EBITDA": NaN,
        "EBIT": NaN,
        "Net Interest Income": NaN,
        "Interest Expense": NaN,
        "Normalized Income": NaN,
        "Net Income From Continuing And Discontinued Operation": NaN,
        "Total Expenses": NaN,
        "Total Operating Income As Reported": NaN,
        "Diluted Average Shares": 2870848.0,
        "Basic Average Shares": 2718066.0,
        "Diluted EPS": 0.22,
        "Basic EPS": 0.23,
        "Diluted NI Availto Com Stockholders": NaN,
        "Net Income Common Stockholders": NaN,
        "Net Income": NaN,
        "Net Income Including Noncontrolling Interests": NaN,
        "Net Income Continuous Operations": NaN,
        "Tax Provision": NaN,
        "Pretax Income": NaN,
        "Other Income Expense": NaN,
        "Special Income Charges": 0.0,
        "Gain On Sale Of Ppe": 0.0,
        "Restructuring And Mergern Acquisition": 0.0,
        "Net Non Operating Interest Income Expense": NaN,
        "Interest Expense Non Operating": NaN,
        "Operating Income": NaN,
        "Operating Expense": NaN,
        "Research And Development": NaN,
        "Selling General And Administration": NaN,
        "Selling And Marketing Expense": NaN,
        "General And Administrative Expense": NaN,
        "Other Gand A": NaN,
        "Gross Profit": NaN,
        "Cost Of Revenue": NaN,
        "Total Revenue": NaN,
        "Operating Revenue": NaN
    },
    "2023-09-30": {
        "Tax Effect Of Unusual Items": NaN,
        "Tax Rate For Calcs": NaN,
        "Normalized EBITDA": NaN,
        "Total Unusual Items": NaN,
        "Total Unusual Items Excluding Goodwill": NaN,
        "Net Income From Continuing Operation Net Minority Interest": NaN,
        "Reconciled Depreciation": NaN,
        "Reconciled Cost Of Revenue": NaN,
        "EBITDA": NaN,
        "EBIT": NaN,
        "Net Interest Income": NaN,
        "Interest Expense": NaN,
        "Normalized Income": NaN,
        "Net Income From Continuing And Discontinued Operation": NaN,
        "Total Expenses": NaN,
        "Total Operating Income As Reported": NaN,
        "Diluted Average Shares": NaN,
        "Basic Average Shares": NaN,
        "Diluted EPS": NaN,
        "Basic EPS": NaN,
        "Diluted NI Availto Com Stockholders": NaN,
        "Net Income Common Stockholders": NaN,
        "Net Income": NaN,
        "Net Income Including Noncontrolling Interests": NaN,
        "Net Income Continuous Operations": NaN,
        "Tax Provision": NaN,
        "Pretax Income": NaN,
        "Other Income Expense": NaN,
        "Special Income Charges": NaN,
        "Gain On Sale Of Ppe": 0.0,
        "Restructuring And Mergern Acquisition": NaN,
        "Net Non Operating Interest Income Expense": NaN,
        "Interest Expense Non Operating": NaN,
        "Operating Income": NaN,
        "Operating Expense": NaN,
        "Research And Development": NaN,
        "Selling General And Administration": NaN,
        "Selling And Marketing Expense": NaN,
        "General And Administrative Expense": NaN,
        "Other Gand A": NaN,
        "Gross Profit": NaN,
        "Cost Of Revenue": NaN,
        "Total Revenue": NaN,
        "Operating Revenue": NaN
    },
    "2023-12-31": {
        "Tax Effect Of Unusual Items": NaN,
        "Tax Rate For Calcs": NaN,
        "Normalized EBITDA": NaN,
        "Total Unusual Items": NaN,
        "Total Unusual Items Excluding Goodwill": NaN,
        "Net Income From Continuing Operation Net Minority Interest": NaN,
        "Reconciled Depreciation": NaN,
        "Reconciled Cost Of Revenue": NaN,
        "EBITDA": NaN,
        "EBIT": NaN,
        "Net Interest Income": NaN,
        "Interest Expense": NaN,
        "Normalized Income": NaN,
        "Net Income From Continuing And Discontinued Operation": NaN,
        "Total Expenses": NaN,
        "Total Operating Income As Reported": NaN,
        "Diluted Average Shares": NaN,
        "Basic Average Shares": NaN,
        "Diluted EPS": NaN,
        "Basic EPS": NaN,
        "Diluted NI Availto Com Stockholders": NaN,
        "Net Income Common Stockholders": NaN,
        "Net Income": NaN,
        "Net Income Including Noncontrolling Interests": NaN,
        "Net Income Continuous Operations": NaN,
        "Tax Provision": NaN,
        "Pretax Income": NaN,
        "Other Income Expense": NaN,
        "Special Income Charges": NaN,
        "Gain On Sale Of Ppe": 0.0,
        "Restructuring And Mergern Acquisition": NaN,
        "Net Non Operating Interest Income Expense": NaN,
        "Interest Expense Non Operating": NaN,
        "Operating Income": NaN,
        "Operating Expense": NaN,
        "Research And Development": NaN,
        "Selling General And Administration": NaN,
        "Selling And Marketing Expense": NaN,
        "General And Administrative Expense": NaN,
        "Other Gand A": NaN,
        "Gross Profit": NaN,
        "Cost Of Revenue": NaN,
        "Total Revenue": NaN,
        "Operating Revenue": NaN
    },
    "2024-03-31": {
        "Tax Effect Of Unusual Items": 0.0,
        "Tax Rate For Calcs": 0.225709,
        "Normalized EBITDA": 1637000.0,
        "Total Unusual Items": 0.0,
        "Total Unusual Items Excluding Goodwill": 0.0,
        "Net Income From Continuing Operation Net Minority Interest": 765000.0,
        "Reconciled Depreciation": 482000.0,
        "Reconciled Cost Of Revenue": 28767000.0,
        "EBITDA": 1637000.0,
        "EBIT": 1155000.0,
        "Net Interest Income": -167000.0,
        "Interest Expense": 167000.0,
        "Normalized Income": 765000.0,
        "Net Income From Continuing And Discontinued Operation": 765000.0,
        "Total Expenses": 33060000.0,
        "Total Operating Income As Reported": 1155000.0,
        "Diluted Average Shares": 2908457.0,
        "Basic Average Shares": 2742511.0,
        "Diluted EPS": 0.26,
        "Basic EPS": 0.28,
        "Diluted NI Availto Com Stockholders": 765000.0,
        "Net Income Common Stockholders": 765000.0,
        "Net Income": 765000.0,
        "Net Income Including Noncontrolling Interests": 765000.0,
        "Net Income Continuous Operations": 765000.0,
        "Tax Provision": 223000.0,
        "Pretax Income": 988000.0,
        "Other Income Expense": NaN,
        "Special Income Charges": 0.0,
        "Gain On Sale Of Ppe": NaN,
        "Restructuring And Mergern Acquisition": 0.0,
        "Net Non Operating Interest Income Expense": -167000.0,
        "Interest Expense Non Operating": 167000.0,
        "Operating Income": 1155000.0,
        "Operating Expense": 4293000.0,
        "Research And Development": 318000.0,
        "Selling General And Administration": 3975000.0,
        "Selling And Marketing Expense": 805000.0,
        "General And Administrative Expense": 3170000.0,
        "Other Gand A": 3170000.0,
        "Gross Profit": 5448000.0,
        "Cost Of Revenue": 28767000.0,
        "Total Revenue": 34215000.0,
        "Operating Revenue": 34215000.0
    },
    "2024-06-30": {
        "Tax Effect Of Unusual Items": NaN,
        "Tax Rate For Calcs": NaN,
        "Normalized EBITDA": NaN,
        "Total Unusual Items": NaN,
        "Total Unusual Items Excluding Goodwill": NaN,
        "Net Income From Continuing Operation Net Minority Interest": NaN,
        "Reconciled Depreciation": NaN,
        "Reconciled Cost Of Revenue": NaN,
        "EBITDA": NaN,
        "EBIT": NaN,
        "Net Interest Income": NaN,
        "Interest Expense": NaN,
        "Normalized Income": NaN,
        "Net Income From Continuing And Discontinued Operation": NaN,
        "Total Expenses": NaN,
        "Total Operating Income As Reported": NaN,
        "Diluted Average Shares": NaN,
        "Basic Average Shares": NaN,
        "Diluted EPS": NaN,
        "Basic EPS": NaN,
        "Diluted NI Availto Com Stockholders": NaN,
        "Net Income Common Stockholders": NaN,
        "Net Income": NaN,
        "Net Income Including Noncontrolling Interests": NaN,
        "Net Income Continuous Operations": NaN,
        "Tax Provision": NaN,
        "Pretax Income": NaN,
        "Other Income Expense": -91000.0,
        "Special Income Charges": NaN,
        "Restructuring And Mergern Acquisition": NaN,
        "Net Non Operating Interest Income Expense": NaN,
        "Interest Expense Non Operating": NaN,
        "Operating Income": NaN,
        "Operating Expense": NaN,
        "Research And Development": NaN,
        "Selling General And Administration": NaN,
        "Selling And Marketing Expense": NaN,
        "General And Administrative Expense": NaN,
        "Other Gand A": NaN,
        "Gross Profit": NaN,
        "Cost Of Revenue": NaN,
        "Total Revenue": NaN,
        "Operating Revenue": NaN
    },
    "2024-09-30": {
        "Tax Effect Of Unusual Items": -36960.0,
        "Tax Rate For Calcs": 0.21,
        "Normalized EBITDA": 143000.0,
        "Total Unusual Items": -176000.0,
        "Total Unusual Items Excluding Goodwill": -176000.0,
        "Net Income From Continuing Operation Net Minority Interest": -739000.0,
        "Reconciled Depreciation": 434000.0,
        "Reconciled Cost Of Revenue": 27572000.0,
        "EBITDA": -33000.0,
        "EBIT": -467000.0,
        "Net Interest Income": -216000.0,
        "Interest Expense": 216000.0,
        "Normalized Income": -599960.0,
        "Net Income From Continuing And Discontinued Operation": -739000.0,
        "Total Expenses": 31698000.0,
        "Total Operating Income As Reported": -467000.0,
        "Diluted Average Shares": 2760438.0,
        "Basic Average Shares": 2760438.0,
        "Diluted EPS": -0.27,
        "Basic EPS": -0.27,
        "Diluted NI Availto Com Stockholders": -739000.0,
        "Net Income Common Stockholders": -739000.0,
        "Net Income": -739000.0,
        "Net Income Including Noncontrolling Interests": -739000.0,
        "Net Income Continuous Operations": -739000.0,
        "Tax Provision": 56000.0,
        "Pretax Income": -683000.0,
        "Other Income Expense": -176000.0,
        "Special Income Charges": -176000.0,
        "Restructuring And Mergern Acquisition": 176000.0,
        "Net Non Operating Interest Income Expense": -216000.0,
        "Interest Expense Non Operating": 216000.0,
        "Operating Income": -291000.0,
        "Operating Expense": 4126000.0,
        "Research And Development": 284000.0,
        "Selling General And Administration": 3842000.0,
        "Selling And Marketing Expense": 891000.0,
        "General And Administrative Expense": 2951000.0,
        "Other Gand A": 2951000.0,
        "Gross Profit": 3835000.0,
        "Cost Of Revenue": 27572000.0,
        "Total Revenue": 31407000.0,
        "Operating Revenue": 31407000.0
    },
    "2024-12-31": {
        "Tax Effect Of Unusual Items": -63840.0,
        "Tax Rate For Calcs": 0.21,
        "Normalized EBITDA": -585000.0,
        "Total Unusual Items": -304000.0,
        "Total Unusual Items Excluding Goodwill": -304000.0,
        "Net Income From Continuing Operation Net Minority Interest": -1478000.0,
        "Reconciled Depreciation": 338000.0,
        "Reconciled Cost Of Revenue": 25798000.0,
        "EBITDA": -889000.0,
        "EBIT": -1227000.0,
        "Net Interest Income": -196000.0,
        "Interest Expense": 196000.0,
        "Normalized Income": -1237840.0,
        "Net Income From Continuing And Discontinued Operation": -1478000.0,
        "Total Expenses": 29543000.0,
        "Total Operating Income As Reported": -1227000.0,
        "Diluted Average Shares": 2756943.0,
        "Basic Average Shares": 2756943.0,
        "Diluted EPS": -0.54,
        "Basic EPS": -0.54,
        "Diluted NI Availto Com Stockholders": -1478000.0,
        "Net Income Common Stockholders": -1478000.0,
        "Net Income": -1478000.0,
        "Net Income Including Noncontrolling Interests": -1478000.0,
        "Net Income Continuous Operations": -1478000.0,
        "Tax Provision": 55000.0,
        "Pretax Income": -1423000.0,
        "Other Income Expense": -304000.0,
        "Special Income Charges": -304000.0,
        "Restructuring And Mergern Acquisition": 304000.0,
        "Net Non Operating Interest Income Expense": -196000.0,
        "Interest Expense Non Operating": 196000.0,
        "Operating Income": -923000.0,
        "Operating Expense": 3745000.0,
        "Research And Development": 298000.0,
        "Selling General And Administration": 3447000.0,
        "Selling And Marketing Expense": 841000.0,
        "General And Administrative Expense": 2606000.0,
        "Other Gand A": 2606000.0,
        "Gross Profit": 2822000.0,
        "Cost Of Revenue": 25798000.0,
        "Total Revenue": 28620000.0,
        "Operating Revenue": 28620000.0
    },
    "2025-03-31": {
        "Tax Effect Of Unusual Items": -74480.0,
        "Tax Rate For Calcs": 0.28,
        "Normalized EBITDA": -1000000.0,
        "Total Unusual Items": -266000.0,
        "Total Unusual Items Excluding Goodwill": -266000.0,
        "Net Income From Continuing Operation Net Minority Interest": -1316000.0,
        "Reconciled Depreciation": 347000.0,
        "Reconciled Cost Of Revenue": 23817000.0,
        "EBITDA": -1266000.0,
        "EBIT": -1613000.0,
        "Net Interest Income": -214000.0,
        "Interest Expense": 214000.0,
        "Normalized Income": -1124480.0,
        "Net Income From Continuing And Discontinued Operation": -1316000.0,
        "Total Expenses": 28242000.0,
        "Total Operating Income As Reported": -1613000.0,
        "Diluted Average Shares": 2760929.0,
        "Basic Average Shares": 2760929.0,
        "Diluted EPS": -0.48,
        "Basic EPS": -0.48,
        "Diluted NI Availto Com Stockholders": -1316000.0,
        "Net Income Common Stockholders": -1316000.0,
        "Net Income": -1316000.0,
        "Net Income Including Noncontrolling Interests": -1316000.0,
        "Net Income Continuous Operations": -1316000.0,
        "Tax Provision": -511000.0,
        "Pretax Income": -1827000.0,
        "Other Income Expense": -266000.0,
        "Special Income Charges": -266000.0,
        "Restructuring And Mergern Acquisition": 266000.0,
        "Net Non Operating Interest Income Expense": -214000.0,
        "Interest Expense Non Operating": 214000.0,
        "Operating Income": -1347000.0,
        "Operating Expense": 4425000.0,
        "Research And Development": 326000.0,
        "Selling General And Administration": 4099000.0,
        "Selling And Marketing Expense": 1184000.0,
        "General And Administrative Expense": 2915000.0,
        "Other Gand A": 2915000.0,
        "Gross Profit": 3078000.0,
        "Cost Of Revenue": 23817000.0,
        "Total Revenue": 26895000.0,
        "Operating Revenue": 26895000.0
    },
    "2025-06-30": {
        "Tax Effect Of Unusual Items": 0.0,
        "Tax Rate For Calcs": 0.35,
        "Normalized EBITDA": 1073000.0,
        "Total Unusual Items": 0.0,
        "Total Unusual Items Excluding Goodwill": 0.0,
        "Net Income From Continuing Operation Net Minority Interest": 313000.0,
        "Reconciled Depreciation": 331000.0,
        "Reconciled Cost Of Revenue": 25838000.0,
        "EBITDA": 1073000.0,
        "EBIT": 742000.0,
        "Net Interest Income": -257000.0,
        "Interest Expense": 257000.0,
        "Normalized Income": 313000.0,
        "Net Income From Continuing And Discontinued Operation": 313000.0,
        "Total Expenses": 29933000.0,
        "Total Operating Income As Reported": 742000.0,
        "Diluted Average Shares": 2954765.0,
        "Basic Average Shares": 2773598.0,
        "Diluted EPS": 0.12,
        "Basic EPS": 0.12,
        "Diluted NI Availto Com Stockholders": 313000.0,
        "Net Income Common Stockholders": 313000.0,
        "Net Income": 313000.0,
        "Net Income Including Noncontrolling Interests": 313000.0,
        "Net Income Continuous Operations": 313000.0,
        "Tax Provision": 172000.0,
        "Pretax Income": 485000.0,
        "Other Income Expense": NaN,
        "Special Income Charges": 0.0,
        "Restructuring And Mergern Acquisition": 0.0,
        "Net Non Operating Interest Income Expense": -257000.0,
        "Interest Expense Non Operating": 257000.0,
        "Operating Income": 742000.0,
        "Operating Expense": 4095000.0,
        "Research And Development": 302000.0,
        "Selling General And Administration": 3793000.0,
        "Selling And Marketing Expense": 1204000.0,
        "General And Administrative Expense": 2589000.0,
        "Other Gand A": 2589000.0,
        "Gross Profit": 4837000.0,
        "Cost Of Revenue": 25838000.0,
        "Total Revenue": 30675000.0,
        "Operating Revenue": 30675000.0
    },
    "2025-09-30": {
        "Tax Effect Of Unusual Items": 0.0,
        "Tax Rate For Calcs": 0.21,
        "Normalized EBITDA": 1253000.0,
        "Total Unusual Items": 0.0,
        "Total Unusual Items Excluding Goodwill": 0.0,
        "Net Income From Continuing Operation Net Minority Interest": -146000.0,
        "Reconciled Depreciation": 308000.0,
        "Reconciled Cost Of Revenue": 25457000.0,
        "EBITDA": 1253000.0,
        "EBIT": 945000.0,
        "Net Interest Income": -273000.0,
        "Interest Expense": 273000.0,
        "Normalized Income": -146000.0,
        "Net Income From Continuing And Discontinued Operation": -146000.0,
        "Total Expenses": 29537000.0,
        "Total Operating Income As Reported": 945000.0,
        "Diluted Average Shares": 2785541.0,
        "Basic Average Shares": 2785541.0,
        "Diluted EPS": -0.05,
        "Basic EPS": -0.05,
        "Diluted NI Availto Com Stockholders": -146000.0,
        "Net Income Common Stockholders": -146000.0,
        "Net Income": -146000.0,
        "Net Income Including Noncontrolling Interests": -146000.0,
        "Net Income Continuous Operations": -146000.0,
        "Tax Provision": 818000.0,
        "Pretax Income": 672000.0,
        "Other Income Expense": NaN,
        "Special Income Charges": 0.0,
        "Restructuring And Mergern Acquisition": 0.0,
        "Net Non Operating Interest Income Expense": -273000.0,
        "Interest Expense Non Operating": 273000.0,
        "Operating Income": 945000.0,
        "Operating Expense": 4080000.0,
        "Research And Development": 266000.0,
        "Selling General And Administration": 3814000.0,
        "Selling And Marketing Expense": 1221000.0,
        "General And Administrative Expense": 2593000.0,
        "Other Gand A": 2593000.0,
        "Gross Profit": 5025000.0,
        "Cost Of Revenue": 25457000.0,
        "Total Revenue": 30482000.0,
        "Operating Revenue": 30482000.0
    }
}