{
    "2023-06-30": {
        "Tax Effect Of Unusual Items": NaN,
        "Tax Rate For Calcs": NaN,
        "Total Unusual Items": NaN,
        "Total Unusual Items Excluding Goodwill": NaN,
        "Net Income From Continuing Operation Net Minority Interest": NaN,
        "Reconciled Depreciation": NaN,
        "Net Interest Income": NaN,
        "Interest Expense": NaN,
        "Interest Income": NaN,
        "Normalized Income": NaN,
        "Net Income From Continuing And Discontinued Operation": NaN,
        "Diluted Average Shares": NaN,
        "Basic Average Shares": NaN,
        "Diluted EPS": NaN,
        "Basic EPS": NaN,
        "Diluted NI Availto Com Stockholders": NaN,
        "Net Income Common Stockholders": NaN,
        "Net Income": NaN,
        "Net Income Including Noncontrolling Interests": NaN,
        "Net Income Continuous Operations": NaN,
        "Tax Provision": NaN,
        "Pretax Income": NaN,
        "Gain On Sale Of Security": NaN,
        "Depreciation Amortization Depletion Income Statement": NaN,
        "Depreciation And Amortization In Income Statement": NaN,
        "Amortization": NaN,
        "Amortization Of Intangibles Income Statement": NaN,
        "Selling General And Administration": NaN,
        "Selling And Marketing Expense": NaN,
        "General And Administrative Expense": NaN,
        "Other Gand A": 14895000.0,
        "Salaries And Wages": NaN,
        "Total Revenue": NaN,
        "Operating Revenue": NaN,
        "Occupancy And Equipment": NaN,
        "Professional Expense And Contract Services Expense": NaN,
        "Other Non Interest Expense": NaN
    },
    "2023-03-31": {
        "Tax Effect Of Unusual Items": 627.789353,
        "Tax Rate For Calcs": 0.01064,
        "Total Unusual Items": 59000.0,
        "Total Unusual Items Excluding Goodwill": 59000.0,
        "Net Income From Continuing Operation Net Minority Interest": 62204000.0,
        "Reconciled Depreciation": 8279000.0,
        "Net Interest Income": 97355000.0,
        "Interest Expense": 37100000.0,
        "Interest Income": 134455000.0,
        "Normalized Income": 62145627.789353,
        "Net Income From Continuing And Discontinued Operation": 62204000.0,
        "Diluted Average Shares": 50131000.0,
        "Basic Average Shares": 49771000.0,
        "Diluted EPS": 1.24,
        "Basic EPS": 1.25,
        "Diluted NI Availto Com Stockholders": 62204000.0,
        "Net Income Common Stockholders": 62204000.0,
        "Net Income": 62204000.0,
        "Net Income Including Noncontrolling Interests": 62204000.0,
        "Net Income Continuous Operations": 62204000.0,
        "Tax Provision": 669000.0,
        "Pretax Income": 62873000.0,
        "Gain On Sale Of Security": 42000.0,
        "Depreciation Amortization Depletion Income Statement": 1418000.0,
        "Depreciation And Amortization In Income Statement": 1418000.0,
        "Amortization": 1418000.0,
        "Amortization Of Intangibles Income Statement": 1418000.0,
        "Selling General And Administration": 43834000.0,
        "Selling And Marketing Expense": 1503000.0,
        "General And Administrative Expense": 42331000.0,
        "Other Gand A": NaN,
        "Salaries And Wages": 42331000.0,
        "Total Revenue": 147650000.0,
        "Operating Revenue": 147650000.0,
        "Occupancy And Equipment": 7436000.0,
        "Professional Expense And Contract Services Expense": 5033000.0,
        "Other Non Interest Expense": 26385000.0
    },
    "2022-12-31": {
        "Tax Effect Of Unusual Items": NaN,
        "Tax Rate For Calcs": NaN,
        "Total Unusual Items": NaN,
        "Total Unusual Items Excluding Goodwill": NaN,
        "Net Income From Continuing Operation Net Minority Interest": NaN,
        "Reconciled Depreciation": NaN,
        "Net Interest Income": NaN,
        "Interest Expense": NaN,
        "Interest Income": NaN,
        "Normalized Income": NaN,
        "Net Income From Continuing And Discontinued Operation": NaN,
        "Diluted Average Shares": NaN,
        "Basic Average Shares": NaN,
        "Diluted EPS": NaN,
        "Basic EPS": NaN,
        "Diluted NI Availto Com Stockholders": NaN,
        "Net Income Common Stockholders": NaN,
        "Net Income": NaN,
        "Net Income Including Noncontrolling Interests": NaN,
        "Net Income Continuous Operations": NaN,
        "Tax Provision": NaN,
        "Pretax Income": NaN,
        "Gain On Sale Of Security": NaN,
        "Depreciation Amortization Depletion Income Statement": NaN,
        "Depreciation And Amortization In Income Statement": NaN,
        "Amortization": NaN,
        "Amortization Of Intangibles Income Statement": NaN,
        "Selling General And Administration": NaN,
        "Selling And Marketing Expense": NaN,
        "General And Administrative Expense": NaN,
        "Other Gand A": -38011000.0,
        "Salaries And Wages": NaN,
        "Total Revenue": NaN,
        "Operating Revenue": NaN,
        "Occupancy And Equipment": NaN,
        "Professional Expense And Contract Services Expense": NaN,
        "Other Non Interest Expense": NaN
    },
    "2022-09-30": {
        "Tax Effect Of Unusual Items": NaN,
        "Tax Rate For Calcs": NaN,
        "Total Unusual Items": NaN,
        "Total Unusual Items Excluding Goodwill": NaN,
        "Net Income From Continuing Operation Net Minority Interest": NaN,
        "Reconciled Depreciation": NaN,
        "Net Interest Income": NaN,
        "Interest Expense": NaN,
        "Interest Income": NaN,
        "Normalized Income": NaN,
        "Net Income From Continuing And Discontinued Operation": NaN,
        "Diluted Average Shares": NaN,
        "Basic Average Shares": NaN,
        "Diluted EPS": NaN,
        "Basic EPS": NaN,
        "Diluted NI Availto Com Stockholders": NaN,
        "Net Income Common Stockholders": NaN,
        "Net Income": NaN,
        "Net Income Including Noncontrolling Interests": NaN,
        "Net Income Continuous Operations": NaN,
        "Tax Provision": NaN,
        "Pretax Income": NaN,
        "Gain On Sale Of Security": NaN,
        "Depreciation Amortization Depletion Income Statement": NaN,
        "Depreciation And Amortization In Income Statement": NaN,
        "Amortization": NaN,
        "Amortization Of Intangibles Income Statement": NaN,
        "Selling General And Administration": NaN,
        "Selling And Marketing Expense": NaN,
        "General And Administrative Expense": NaN,
        "Other Gand A": 14295000.0,
        "Salaries And Wages": NaN,
        "Total Revenue": NaN,
        "Operating Revenue": NaN
    },
    "2022-06-30": {
        "Tax Effect Of Unusual Items": 1366.471385,
        "Tax Rate For Calcs": 0.021023,
        "Total Unusual Items": 65000.0,
        "Total Unusual Items Excluding Goodwill": 65000.0,
        "Net Income From Continuing Operation Net Minority Interest": 49129000.0,
        "Reconciled Depreciation": 1405000.0,
        "Net Interest Income": 81969000.0,
        "Interest Expense": 7769000.0,
        "Interest Income": 89738000.0,
        "Normalized Income": 49065366.471385,
        "Net Income From Continuing And Discontinued Operation": 49129000.0,
        "Diluted Average Shares": 49772000.0,
        "Basic Average Shares": 49604000.0,
        "Diluted EPS": 0.99,
        "Basic EPS": 0.99,
        "Diluted NI Availto Com Stockholders": 49129000.0,
        "Net Income Common Stockholders": 49129000.0,
        "Net Income": 49129000.0,
        "Net Income Including Noncontrolling Interests": 49129000.0,
        "Net Income Continuous Operations": 49129000.0,
        "Tax Provision": 1055000.0,
        "Pretax Income": 50184000.0,
        "Gain On Sale Of Security": 42000.0,
        "Depreciation Amortization Depletion Income Statement": 1405000.0,
        "Depreciation And Amortization In Income Statement": 1405000.0,
        "Amortization": 1405000.0,
        "Amortization Of Intangibles Income Statement": 1405000.0,
        "Selling General And Administration": 56958000.0,
        "Selling And Marketing Expense": 1610000.0,
        "General And Administrative Expense": 55348000.0,
        "Other Gand A": 14012000.0,
        "Salaries And Wages": 41336000.0,
        "Total Revenue": 133858000.0,
        "Operating Revenue": 133858000.0
    },
    "2022-03-31": {
        "Diluted EPS": 0.89,
        "Total Revenue": 133,
        "Gross Profit": 127,
        "Operating Income": 45,
        "EBIT": NaN,
        "Net Income": 44
    },
    "2021-12-31": {
        "Diluted EPS": 0.84,
        "Total Revenue": 134,
        "Gross Profit": 127,
        "Operating Income": 42,
        "EBIT": NaN,
        "Net Income": 42
    },
    "2021-09-30": {
        "Diluted EPS": 0.8,
        "Total Revenue": 131,
        "Gross Profit": 124,
        "Operating Income": 41,
        "EBIT": NaN,
        "Net Income": 40
    },
    "2021-06-30": {
        "Diluted EPS": 0.79,
        "Total Revenue": 130,
        "Gross Profit": 124,
        "Operating Income": 40,
        "EBIT": NaN,
        "Net Income": 40
    },
    "2021-03-31": {
        "Diluted EPS": 0.83,
        "Total Revenue": 129,
        "Gross Profit": 122,
        "Operating Income": 42,
        "EBIT": NaN,
        "Net Income": 42
    },
    "2020-12-31": {
        "Diluted EPS": 0.85,
        "Total Revenue": 130,
        "Gross Profit": 124,
        "Operating Income": 42,
        "EBIT": NaN,
        "Net Income": 42
    },
    "2020-09-30": {
        "Diluted EPS": 0.61,
        "Total Revenue": 131,
        "Gross Profit": 124,
        "Operating Income": 31,
        "EBIT": NaN,
        "Net Income": 31
    },
    "2020-06-30": {
        "Diluted EPS": 0.67,
        "Total Revenue": 128,
        "Gross Profit": 121,
        "Operating Income": 35,
        "EBIT": NaN,
        "Net Income": 34
    },
    "2020-03-31": {
        "Diluted EPS": 0.77,
        "Total Revenue": 149,
        "Gross Profit": 135,
        "Operating Income": 41,
        "EBIT": NaN,
        "Net Income": 40
    },
    "2019-12-31": {
        "Diluted EPS": 0.83,
        "Total Revenue": 154,
        "Gross Profit": 136,
        "Operating Income": 42,
        "EBIT": NaN,
        "Net Income": 44
    },
    "2019-09-30": {
        "Diluted EPS": 0.79,
        "Total Revenue": 152,
        "Gross Profit": 134,
        "Operating Income": 43,
        "EBIT": NaN,
        "Net Income": 42
    },
    "2019-06-30": {
        "Diluted EPS": 0.72,
        "Total Revenue": 142,
        "Gross Profit": 130,
        "Operating Income": 39,
        "EBIT": NaN,
        "Net Income": 39
    },
    "2019-03-31": {
        "Diluted EPS": 0.96,
        "Total Revenue": 144,
        "Gross Profit": 133,
        "Operating Income": 52,
        "EBIT": NaN,
        "Net Income": 52
    },
    "2018-12-31": {
        "Diluted EPS": 0.92,
        "Total Revenue": 141,
        "Gross Profit": 132,
        "Operating Income": 51,
        "EBIT": NaN,
        "Net Income": 51
    },
    "2018-09-30": {
        "Diluted EPS": 0.9,
        "Total Revenue": 137,
        "Gross Profit": 130,
        "Operating Income": 51,
        "EBIT": NaN,
        "Net Income": 50
    },
    "2018-06-30": {
        "Diluted EPS": 0.89,
        "Total Revenue": 135,
        "Gross Profit": 129,
        "Operating Income": 50,
        "EBIT": NaN,
        "Net Income": 50
    },
    "2018-03-31": {
        "Diluted EPS": 0.79,
        "Total Revenue": 125,
        "Gross Profit": 120,
        "Operating Income": 45,
        "EBIT": NaN,
        "Net Income": 44
    },
    "2017-12-31": {
        "Diluted EPS": 0.72,
        "Total Revenue": 123,
        "Gross Profit": 119,
        "Operating Income": 41,
        "EBIT": NaN,
        "Net Income": 40
    },
    "2017-09-30": {
        "Diluted EPS": 0.74,
        "Total Revenue": 119,
        "Gross Profit": 115,
        "Operating Income": 42,
        "EBIT": NaN,
        "Net Income": 41
    },
    "2017-06-30": {
        "Diluted EPS": 0.65,
        "Total Revenue": 116,
        "Gross Profit": 112,
        "Operating Income": 37,
        "EBIT": NaN,
        "Net Income": 36
    },
    "2017-03-31": {
        "Diluted EPS": 0.65,
        "Total Revenue": 111,
        "Gross Profit": 107,
        "Operating Income": 36,
        "EBIT": NaN,
        "Net Income": 36
    },
    "2016-12-31": {
        "Diluted EPS": -0.25,
        "Total Revenue": 111,
        "Gross Profit": 107,
        "Operating Income": 37,
        "EBIT": NaN,
        "Net Income": -10
    },
    "2016-09-30": {
        "Diluted EPS": 0.41,
        "Total Revenue": 105,
        "Gross Profit": 101,
        "Operating Income": 24,
        "EBIT": NaN,
        "Net Income": 20
    },
    "2016-06-30": {
        "Diluted EPS": 0.54,
        "Total Revenue": 106,
        "Gross Profit": 102,
        "Operating Income": 31,
        "EBIT": NaN,
        "Net Income": 26
    },
    "2016-03-31": {
        "Diluted EPS": 0.48,
        "Total Revenue": 102,
        "Gross Profit": 98,
        "Operating Income": 31,
        "EBIT": NaN,
        "Net Income": 23
    },
    "2015-12-31": {
        "Diluted EPS": 0.0,
        "Total Revenue": NaN,
        "Gross Profit": NaN,
        "Operating Income": NaN,
        "EBIT": NaN,
        "Net Income": NaN
    },
    "2015-09-30": {
        "Diluted EPS": 0.52,
        "Total Revenue": 102,
        "Gross Profit": 97,
        "Operating Income": 29,
        "EBIT": NaN,
        "Net Income": 25
    },
    "2014-12-31": {
        "Diluted EPS": 0.0,
        "Total Revenue": NaN,
        "Gross Profit": NaN,
        "Operating Income": NaN,
        "EBIT": NaN,
        "Net Income": NaN
    },
    "2023-09-30": {
        "Tax Effect Of Unusual Items": NaN,
        "Tax Rate For Calcs": NaN,
        "Total Unusual Items": NaN,
        "Total Unusual Items Excluding Goodwill": NaN,
        "Net Income From Continuing Operation Net Minority Interest": NaN,
        "Reconciled Depreciation": NaN,
        "Net Interest Income": NaN,
        "Interest Expense": NaN,
        "Interest Income": NaN,
        "Normalized Income": NaN,
        "Net Income From Continuing And Discontinued Operation": NaN,
        "Diluted Average Shares": 49140000.0,
        "Basic Average Shares": 48613000.0,
        "Diluted EPS": 0.99,
        "Basic EPS": 1.0,
        "Diluted NI Availto Com Stockholders": NaN,
        "Net Income Common Stockholders": NaN,
        "Net Income": NaN,
        "Net Income Including Noncontrolling Interests": NaN,
        "Net Income Continuous Operations": NaN,
        "Tax Provision": NaN,
        "Pretax Income": NaN,
        "Gain On Sale Of Security": NaN,
        "Depreciation Amortization Depletion Income Statement": NaN,
        "Depreciation And Amortization In Income Statement": NaN,
        "Amortization": NaN,
        "Amortization Of Intangibles Income Statement": NaN,
        "Selling General And Administration": NaN,
        "Selling And Marketing Expense": NaN,
        "General And Administrative Expense": NaN,
        "Other Gand A": 15958000.0,
        "Salaries And Wages": NaN,
        "Total Revenue": NaN,
        "Operating Revenue": NaN,
        "Occupancy And Equipment": NaN,
        "Professional Expense And Contract Services Expense": NaN,
        "Other Non Interest Expense": NaN
    },
    "2023-12-31": {
        "Tax Effect Of Unusual Items": -16380.0,
        "Tax Rate For Calcs": 0.21,
        "Total Unusual Items": -78000.0,
        "Total Unusual Items Excluding Goodwill": -78000.0,
        "Net Income From Continuing Operation Net Minority Interest": 53542000.0,
        "Reconciled Depreciation": 9362000.0,
        "Net Interest Income": 86938000.0,
        "Interest Expense": 52625000.0,
        "Interest Income": 139563000.0,
        "Normalized Income": 53603620.0,
        "Net Income From Continuing And Discontinued Operation": 53542000.0,
        "Diluted Average Shares": 48099000.0,
        "Basic Average Shares": 47345133.0,
        "Diluted EPS": 1.11,
        "Basic EPS": 1.13,
        "Diluted NI Availto Com Stockholders": 53542000.0,
        "Net Income Common Stockholders": 53542000.0,
        "Net Income": 53542000.0,
        "Net Income Including Noncontrolling Interests": 53542000.0,
        "Net Income Continuous Operations": 53542000.0,
        "Tax Provision": -799000.0,
        "Pretax Income": 52743000.0,
        "Gain On Sale Of Security": 0.0,
        "Depreciation Amortization Depletion Income Statement": 1436000.0,
        "Depreciation And Amortization In Income Statement": 1436000.0,
        "Amortization": 1436000.0,
        "Amortization Of Intangibles Income Statement": 1436000.0,
        "Selling General And Administration": 49896000.0,
        "Selling And Marketing Expense": 1709000.0,
        "General And Administrative Expense": 48187000.0,
        "Other Gand A": NaN,
        "Salaries And Wages": 44487000.0,
        "Total Revenue": 146789000.0,
        "Operating Revenue": 146789000.0,
        "Occupancy And Equipment": 8692000.0,
        "Professional Expense And Contract Services Expense": 6969000.0,
        "Other Non Interest Expense": 25102000.0
    },
    "2024-03-31": {
        "Tax Effect Of Unusual Items": -188.781431,
        "Tax Rate For Calcs": 0.015732,
        "Total Unusual Items": -12000.0,
        "Total Unusual Items Excluding Goodwill": -12000.0,
        "Net Income From Continuing Operation Net Minority Interest": 53431000.0,
        "Reconciled Depreciation": -5878000.0,
        "Net Interest Income": 87078000.0,
        "Interest Expense": 55634000.0,
        "Interest Income": 142712000.0,
        "Normalized Income": 53442811.218569,
        "Net Income From Continuing And Discontinued Operation": 53431000.0,
        "Diluted Average Shares": 47167000.0,
        "Basic Average Shares": 46533000.0,
        "Diluted EPS": 1.13,
        "Basic EPS": 1.15,
        "Diluted NI Availto Com Stockholders": 53431000.0,
        "Net Income Common Stockholders": 53431000.0,
        "Net Income": 53431000.0,
        "Net Income Including Noncontrolling Interests": 53431000.0,
        "Net Income Continuous Operations": 53431000.0,
        "Tax Provision": 854000.0,
        "Pretax Income": 54285000.0,
        "Gain On Sale Of Security": 0.0,
        "Depreciation Amortization Depletion Income Statement": 1931000.0,
        "Depreciation And Amortization In Income Statement": 1931000.0,
        "Amortization": 1931000.0,
        "Amortization Of Intangibles Income Statement": 1931000.0,
        "Selling General And Administration": 44075000.0,
        "Selling And Marketing Expense": 1302000.0,
        "General And Administrative Expense": 42773000.0,
        "Other Gand A": NaN,
        "Salaries And Wages": 42773000.0,
        "Total Revenue": 142408000.0,
        "Operating Revenue": 142408000.0,
        "Occupancy And Equipment": 8723000.0,
        "Professional Expense And Contract Services Expense": 5513000.0,
        "Other Non Interest Expense": 28290000.0
    },
    "2024-06-30": {
        "Tax Effect Of Unusual Items": 1445.596056,
        "Tax Rate For Calcs": 0.01807,
        "Total Unusual Items": 80000.0,
        "Total Unusual Items Excluding Goodwill": 80000.0,
        "Net Income From Continuing Operation Net Minority Interest": 50591000.0,
        "Reconciled Depreciation": 25844000.0,
        "Net Interest Income": 87436000.0,
        "Interest Expense": 60145000.0,
        "Interest Income": 147581000.0,
        "Normalized Income": 50512445.596056,
        "Net Income From Continuing And Discontinued Operation": 50591000.0,
        "Diluted Average Shares": 46298000.0,
        "Basic Average Shares": 45642000.0,
        "Diluted EPS": 1.09,
        "Basic EPS": 1.11,
        "Diluted NI Availto Com Stockholders": 50591000.0,
        "Net Income Common Stockholders": 50591000.0,
        "Net Income": 50591000.0,
        "Net Income Including Noncontrolling Interests": 50591000.0,
        "Net Income Continuous Operations": 50591000.0,
        "Tax Provision": 931000.0,
        "Pretax Income": 51522000.0,
        "Gain On Sale Of Security": 0.0,
        "Depreciation Amortization Depletion Income Statement": 1889000.0,
        "Depreciation And Amortization In Income Statement": 1889000.0,
        "Amortization": 1889000.0,
        "Amortization Of Intangibles Income Statement": 1889000.0,
        "Selling General And Administration": 45438000.0,
        "Selling And Marketing Expense": 1583000.0,
        "General And Administrative Expense": 43855000.0,
        "Other Gand A": NaN,
        "Salaries And Wages": 43855000.0,
        "Total Revenue": 143147000.0,
        "Operating Revenue": 143147000.0,
        "Occupancy And Equipment": 8232000.0,
        "Professional Expense And Contract Services Expense": 6687000.0,
        "Other Non Interest Expense": 28896000.0
    },
    "2024-09-30": {
        "Tax Effect Of Unusual Items": 0.0,
        "Tax Rate For Calcs": 0.022982,
        "Total Unusual Items": 0.0,
        "Total Unusual Items Excluding Goodwill": 0.0,
        "Net Income From Continuing Operation Net Minority Interest": 52716000.0,
        "Reconciled Depreciation": 13986000.0,
        "Net Interest Income": 88053000.0,
        "Interest Expense": 61921000.0,
        "Interest Income": 149974000.0,
        "Normalized Income": 52716000.0,
        "Net Income From Continuing And Discontinued Operation": 52716000.0,
        "Diluted Average Shares": 45557000.0,
        "Basic Average Shares": 44669000.0,
        "Diluted EPS": 1.16,
        "Basic EPS": 1.18,
        "Diluted NI Availto Com Stockholders": 52716000.0,
        "Net Income Common Stockholders": 52716000.0,
        "Net Income": 52716000.0,
        "Net Income Including Noncontrolling Interests": 52716000.0,
        "Net Income Continuous Operations": 52716000.0,
        "Tax Provision": 1240000.0,
        "Pretax Income": 53956000.0,
        "Gain On Sale Of Security": 0.0,
        "Depreciation Amortization Depletion Income Statement": 1942000.0,
        "Depreciation And Amortization In Income Statement": 1942000.0,
        "Amortization": 1942000.0,
        "Amortization Of Intangibles Income Statement": 1942000.0,
        "Selling General And Administration": 44992000.0,
        "Selling And Marketing Expense": 1289000.0,
        "General And Administrative Expense": 43703000.0,
        "Other Gand A": NaN,
        "Salaries And Wages": 43703000.0,
        "Total Revenue": 144038000.0,
        "Operating Revenue": 144038000.0,
        "Occupancy And Equipment": 8551000.0,
        "Professional Expense And Contract Services Expense": 4814000.0,
        "Other Non Interest Expense": 28467000.0
    },
    "2024-12-31": {
        "Tax Effect Of Unusual Items": -443.782333,
        "Tax Rate For Calcs": 0.024655,
        "Total Unusual Items": -18000.0,
        "Total Unusual Items Excluding Goodwill": -18000.0,
        "Net Income From Continuing Operation Net Minority Interest": 59578000.0,
        "Reconciled Depreciation": 8206000.0,
        "Net Interest Income": 88636000.0,
        "Interest Expense": 56814000.0,
        "Interest Income": 145450000.0,
        "Normalized Income": 59595556.217667,
        "Net Income From Continuing And Discontinued Operation": 59578000.0,
        "Diluted Average Shares": NaN,
        "Basic Average Shares": NaN,
        "Diluted EPS": NaN,
        "Basic EPS": NaN,
        "Diluted NI Availto Com Stockholders": 59578000.0,
        "Net Income Common Stockholders": 59578000.0,
        "Net Income": 59578000.0,
        "Net Income Including Noncontrolling Interests": 59578000.0,
        "Net Income Continuous Operations": 59578000.0,
        "Tax Provision": 1506000.0,
        "Pretax Income": 61084000.0,
        "Gain On Sale Of Security": 0.0,
        "Depreciation Amortization Depletion Income Statement": 2244000.0,
        "Depreciation And Amortization In Income Statement": 2244000.0,
        "Amortization": 2244000.0,
        "Amortization Of Intangibles Income Statement": 2244000.0,
        "Selling General And Administration": 49249000.0,
        "Selling And Marketing Expense": 2356000.0,
        "General And Administrative Expense": 46893000.0,
        "Other Gand A": NaN,
        "Salaries And Wages": 43693000.0,
        "Total Revenue": 152390000.0,
        "Operating Revenue": 152390000.0,
        "Occupancy And Equipment": 8575000.0,
        "Professional Expense And Contract Services Expense": 5680000.0,
        "Other Non Interest Expense": 24905000.0
    }
}