{
    "2023-06-30": {
        "Tax Effect Of Unusual Items": NaN,
        "Tax Rate For Calcs": NaN,
        "Normalized EBITDA": NaN,
        "Total Unusual Items": -2229000.0,
        "Total Unusual Items Excluding Goodwill": -2229000.0,
        "Net Income From Continuing Operation Net Minority Interest": NaN,
        "Reconciled Depreciation": NaN,
        "Reconciled Cost Of Revenue": NaN,
        "EBITDA": NaN,
        "EBIT": NaN,
        "Normalized Income": NaN,
        "Net Income From Continuing And Discontinued Operation": NaN,
        "Total Expenses": NaN,
        "Total Operating Income As Reported": NaN,
        "Diluted Average Shares": NaN,
        "Basic Average Shares": NaN,
        "Diluted EPS": NaN,
        "Basic EPS": NaN,
        "Diluted NI Availto Com Stockholders": NaN,
        "Net Income Common Stockholders": NaN,
        "Net Income": NaN,
        "Net Income Including Noncontrolling Interests": NaN,
        "Net Income Continuous Operations": NaN,
        "Tax Provision": NaN,
        "Pretax Income": NaN,
        "Other Income Expense": NaN,
        "Other Non Operating Income Expenses": NaN,
        "Special Income Charges": -2229000.0,
        "Other Special Charges": NaN,
        "Impairment Of Capital Assets": 0.0,
        "Restructuring And Mergern Acquisition": 2229000.0,
        "Operating Income": NaN,
        "Operating Expense": NaN,
        "Other Operating Expenses": 2229000.0,
        "Research And Development": NaN,
        "Selling General And Administration": NaN,
        "Selling And Marketing Expense": NaN,
        "General And Administrative Expense": NaN,
        "Other Gand A": NaN,
        "Gross Profit": NaN,
        "Cost Of Revenue": NaN,
        "Total Revenue": NaN,
        "Operating Revenue": NaN
    },
    "2023-03-31": {
        "Tax Effect Of Unusual Items": NaN,
        "Tax Rate For Calcs": NaN,
        "Normalized EBITDA": NaN,
        "Total Unusual Items": NaN,
        "Total Unusual Items Excluding Goodwill": NaN,
        "Net Income From Continuing Operation Net Minority Interest": NaN,
        "Reconciled Depreciation": NaN,
        "Reconciled Cost Of Revenue": NaN,
        "EBITDA": NaN,
        "EBIT": NaN,
        "Normalized Income": NaN,
        "Net Income From Continuing And Discontinued Operation": NaN,
        "Total Expenses": NaN,
        "Total Operating Income As Reported": NaN,
        "Diluted Average Shares": NaN,
        "Basic Average Shares": NaN,
        "Diluted EPS": NaN,
        "Basic EPS": NaN,
        "Diluted NI Availto Com Stockholders": NaN,
        "Net Income Common Stockholders": NaN,
        "Net Income": NaN,
        "Net Income Including Noncontrolling Interests": NaN,
        "Net Income Continuous Operations": NaN,
        "Tax Provision": NaN,
        "Pretax Income": NaN,
        "Other Income Expense": NaN,
        "Other Non Operating Income Expenses": NaN,
        "Special Income Charges": NaN,
        "Other Special Charges": NaN,
        "Impairment Of Capital Assets": 0.0,
        "Restructuring And Mergern Acquisition": NaN,
        "Operating Income": NaN,
        "Operating Expense": NaN,
        "Other Operating Expenses": 108000.0,
        "Research And Development": NaN,
        "Selling General And Administration": NaN,
        "Selling And Marketing Expense": NaN,
        "General And Administrative Expense": NaN,
        "Other Gand A": NaN,
        "Gross Profit": NaN,
        "Cost Of Revenue": NaN,
        "Total Revenue": NaN,
        "Operating Revenue": NaN
    },
    "2022-12-31": {
        "Tax Effect Of Unusual Items": NaN,
        "Tax Rate For Calcs": NaN,
        "Normalized EBITDA": NaN,
        "Total Unusual Items": NaN,
        "Total Unusual Items Excluding Goodwill": NaN,
        "Net Income From Continuing Operation Net Minority Interest": NaN,
        "Reconciled Depreciation": NaN,
        "Reconciled Cost Of Revenue": NaN,
        "EBITDA": NaN,
        "EBIT": NaN,
        "Normalized Income": NaN,
        "Net Income From Continuing And Discontinued Operation": NaN,
        "Total Expenses": NaN,
        "Total Operating Income As Reported": NaN,
        "Diluted Average Shares": NaN,
        "Basic Average Shares": NaN,
        "Diluted EPS": NaN,
        "Basic EPS": NaN,
        "Diluted NI Availto Com Stockholders": NaN,
        "Net Income Common Stockholders": NaN,
        "Net Income": NaN,
        "Net Income Including Noncontrolling Interests": NaN,
        "Net Income Continuous Operations": NaN,
        "Tax Provision": NaN,
        "Pretax Income": NaN,
        "Other Income Expense": NaN,
        "Other Non Operating Income Expenses": NaN,
        "Special Income Charges": NaN,
        "Other Special Charges": NaN,
        "Impairment Of Capital Assets": 0.0,
        "Restructuring And Mergern Acquisition": NaN,
        "Operating Income": NaN,
        "Operating Expense": NaN,
        "Other Operating Expenses": NaN,
        "Research And Development": NaN,
        "Selling General And Administration": NaN,
        "Selling And Marketing Expense": NaN,
        "General And Administrative Expense": NaN,
        "Other Gand A": NaN,
        "Gross Profit": NaN,
        "Cost Of Revenue": NaN,
        "Total Revenue": NaN,
        "Operating Revenue": NaN
    },
    "2022-09-30": {
        "Tax Effect Of Unusual Items": 0.0,
        "Tax Rate For Calcs": 0.21,
        "Normalized EBITDA": 296000.0,
        "Total Unusual Items": 0.0,
        "Total Unusual Items Excluding Goodwill": 0.0,
        "Net Income From Continuing Operation Net Minority Interest": 2801000.0,
        "Reconciled Depreciation": 2447000.0,
        "Reconciled Cost Of Revenue": 181058000.0,
        "EBITDA": 296000.0,
        "EBIT": -2151000.0,
        "Normalized Income": 2801000.0,
        "Net Income From Continuing And Discontinued Operation": 2801000.0,
        "Total Expenses": 251738000.0,
        "Total Operating Income As Reported": -2151000.0,
        "Diluted Average Shares": 29029000.0,
        "Basic Average Shares": 28891000.0,
        "Diluted EPS": 0.1,
        "Basic EPS": 0.1,
        "Diluted NI Availto Com Stockholders": 2801000.0,
        "Net Income Common Stockholders": 2801000.0,
        "Net Income": 2801000.0,
        "Net Income Including Noncontrolling Interests": 2801000.0,
        "Net Income Continuous Operations": 2801000.0,
        "Tax Provision": -4314000.0,
        "Pretax Income": -1513000.0,
        "Other Income Expense": 638000.0,
        "Other Non Operating Income Expenses": 638000.0,
        "Special Income Charges": 0.0,
        "Impairment Of Capital Assets": 0.0,
        "Operating Income": -2151000.0,
        "Operating Expense": 70680000.0,
        "Other Operating Expenses": 361000.0,
        "Research And Development": 22167000.0,
        "Selling General And Administration": 48152000.0,
        "Selling And Marketing Expense": 34203000.0,
        "General And Administrative Expense": 13949000.0,
        "Other Gand A": 13949000.0,
        "Gross Profit": 68529000.0,
        "Cost Of Revenue": 181058000.0,
        "Total Revenue": 249587000.0,
        "Operating Revenue": 249587000.0
    },
    "2022-06-30": {
        "Tax Effect Of Unusual Items": 0.0,
        "Tax Rate For Calcs": 0.214903,
        "Normalized EBITDA": -7459000.0,
        "Total Unusual Items": 0.0,
        "Total Unusual Items Excluding Goodwill": 0.0,
        "Net Income From Continuing Operation Net Minority Interest": -8534000.0,
        "Reconciled Depreciation": 2591000.0,
        "Reconciled Cost Of Revenue": 161803000.0,
        "EBITDA": -7459000.0,
        "EBIT": -10050000.0,
        "Normalized Income": -8534000.0,
        "Net Income From Continuing And Discontinued Operation": -8534000.0,
        "Total Expenses": 233274000.0,
        "Total Operating Income As Reported": -10050000.0,
        "Diluted Average Shares": 28891000.0,
        "Basic Average Shares": 28891000.0,
        "Diluted EPS": -0.3,
        "Basic EPS": -0.3,
        "Diluted NI Availto Com Stockholders": -8534000.0,
        "Net Income Common Stockholders": -8534000.0,
        "Net Income": -8534000.0,
        "Net Income Including Noncontrolling Interests": -8534000.0,
        "Net Income Continuous Operations": -8534000.0,
        "Tax Provision": -2336000.0,
        "Pretax Income": -10870000.0,
        "Other Income Expense": -820000.0,
        "Other Non Operating Income Expenses": -820000.0,
        "Special Income Charges": 0.0,
        "Impairment Of Capital Assets": 0.0,
        "Operating Income": -10050000.0,
        "Operating Expense": 71471000.0,
        "Other Operating Expenses": 573000.0,
        "Research And Development": 22205000.0,
        "Selling General And Administration": 48693000.0,
        "Selling And Marketing Expense": 34546000.0,
        "General And Administrative Expense": 14147000.0,
        "Other Gand A": 14147000.0,
        "Gross Profit": 61421000.0,
        "Cost Of Revenue": 161803000.0,
        "Total Revenue": 223224000.0,
        "Operating Revenue": 223224000.0
    },
    "2022-03-31": {
        "Diluted EPS": -1.95,
        "Total Revenue": 211,
        "Gross Profit": 59,
        "Operating Income": -59,
        "EBIT": -11,
        "Net Income": -57
    },
    "2021-12-31": {
        "Diluted EPS": -0.01,
        "Total Revenue": 251,
        "Gross Profit": 75,
        "Operating Income": 1,
        "EBIT": 4,
        "Net Income": -1
    },
    "2021-09-30": {
        "Diluted EPS": 0.31,
        "Total Revenue": 290,
        "Gross Profit": 87,
        "Operating Income": 13,
        "EBIT": 16,
        "Net Income": 10
    },
    "2021-06-30": {
        "Diluted EPS": 0.57,
        "Total Revenue": 309,
        "Gross Profit": 93,
        "Operating Income": 22,
        "EBIT": 25,
        "Net Income": 18
    },
    "2021-03-31": {
        "Diluted EPS": 0.72,
        "Total Revenue": 318,
        "Gross Profit": 111,
        "Operating Income": 31,
        "EBIT": 36,
        "Net Income": 23
    },
    "2020-12-31": {
        "Diluted EPS": 1.01,
        "Total Revenue": 367,
        "Gross Profit": 111,
        "Operating Income": 34,
        "EBIT": 39,
        "Net Income": 31
    },
    "2020-09-30": {
        "Diluted EPS": 0.83,
        "Total Revenue": 378,
        "Gross Profit": 113,
        "Operating Income": 32,
        "EBIT": 37,
        "Net Income": 26
    },
    "2020-06-30": {
        "Diluted EPS": 0.2,
        "Total Revenue": 280,
        "Gross Profit": 81,
        "Operating Income": 9,
        "EBIT": 14,
        "Net Income": 6
    },
    "2020-03-31": {
        "Diluted EPS": -0.14,
        "Total Revenue": 230,
        "Gross Profit": 66,
        "Operating Income": 1,
        "EBIT": 5,
        "Net Income": -4
    },
    "2019-12-31": {
        "Diluted EPS": 0.0,
        "Total Revenue": 253,
        "Gross Profit": 70,
        "Operating Income": 0,
        "EBIT": 5,
        "Net Income": 0
    },
    "2019-09-30": {
        "Diluted EPS": 0.39,
        "Total Revenue": 266,
        "Gross Profit": 77,
        "Operating Income": 12,
        "EBIT": 17,
        "Net Income": 13
    },
    "2019-06-30": {
        "Diluted EPS": 0.03,
        "Total Revenue": 231,
        "Gross Profit": 65,
        "Operating Income": 0,
        "EBIT": 5,
        "Net Income": 1
    },
    "2019-03-31": {
        "Diluted EPS": 0.39,
        "Total Revenue": 249,
        "Gross Profit": 82,
        "Operating Income": 14,
        "EBIT": 19,
        "Net Income": 13
    },
    "2018-12-31": {
        "Diluted EPS": -0.59,
        "Total Revenue": 289,
        "Gross Profit": 91,
        "Operating Income": 17,
        "EBIT": 22,
        "Net Income": -19
    },
    "2018-09-30": {
        "Diluted EPS": 0.3,
        "Total Revenue": 269,
        "Gross Profit": 94,
        "Operating Income": 20,
        "EBIT": 25,
        "Net Income": 10
    },
    "2018-06-30": {
        "Diluted EPS": -0.16,
        "Total Revenue": 255,
        "Gross Profit": 80,
        "Operating Income": 0,
        "EBIT": 4,
        "Net Income": -5
    },
    "2018-03-31": {
        "Diluted EPS": 0.17,
        "Total Revenue": 245,
        "Gross Profit": 76,
        "Operating Income": 2,
        "EBIT": 6,
        "Net Income": 6
    },
    "2017-12-31": {
        "Diluted EPS": -0.94,
        "Total Revenue": 29,
        "Gross Profit": 16,
        "Operating Income": -25,
        "EBIT": -23,
        "Net Income": -32
    },
    "2017-09-30": {
        "Diluted EPS": 0.64,
        "Total Revenue": 355,
        "Gross Profit": 103,
        "Operating Income": 25,
        "EBIT": 31,
        "Net Income": 21
    },
    "2017-06-30": {
        "Diluted EPS": 0.44,
        "Total Revenue": 331,
        "Gross Profit": 92,
        "Operating Income": 19,
        "EBIT": 25,
        "Net Income": 15
    },
    "2017-03-31": {
        "Diluted EPS": 0.47,
        "Total Revenue": 324,
        "Gross Profit": 97,
        "Operating Income": 23,
        "EBIT": 31,
        "Net Income": 16
    },
    "2016-12-31": {
        "Diluted EPS": 0.65,
        "Total Revenue": 183,
        "Gross Profit": 72,
        "Operating Income": 25,
        "EBIT": 30,
        "Net Income": 22
    },
    "2016-09-30": {
        "Diluted EPS": 0.62,
        "Total Revenue": 338,
        "Gross Profit": 103,
        "Operating Income": 30,
        "EBIT": 38,
        "Net Income": 21
    },
    "2016-06-30": {
        "Diluted EPS": 0.48,
        "Total Revenue": 312,
        "Gross Profit": 98,
        "Operating Income": 26,
        "EBIT": 34,
        "Net Income": 16
    },
    "2016-03-31": {
        "Diluted EPS": 0.5,
        "Total Revenue": 310,
        "Gross Profit": 101,
        "Operating Income": 26,
        "EBIT": 34,
        "Net Income": 17
    },
    "2015-12-31": {
        "Diluted EPS": 0.63,
        "Total Revenue": 361,
        "Gross Profit": 105,
        "Operating Income": 31,
        "EBIT": 39,
        "Net Income": 22
    },
    "2015-09-30": {
        "Diluted EPS": 0.47,
        "Total Revenue": 342,
        "Gross Profit": 96,
        "Operating Income": 26,
        "EBIT": 35,
        "Net Income": 15
    },
    "2015-06-30": {
        "Diluted EPS": 0.11,
        "Total Revenue": 289,
        "Gross Profit": 78,
        "Operating Income": 11,
        "EBIT": 21,
        "Net Income": 4
    },
    "2015-03-31": {
        "Diluted EPS": 0.23,
        "Total Revenue": 309,
        "Gross Profit": 88,
        "Operating Income": 17,
        "EBIT": 27,
        "Net Income": 8
    },
    "2014-12-31": {
        "Diluted EPS": -1.1,
        "Total Revenue": 353,
        "Gross Profit": 100,
        "Operating Income": -47,
        "EBIT": 37,
        "Net Income": -40
    },
    "2014-09-30": {
        "Diluted EPS": 0.55,
        "Total Revenue": 353,
        "Gross Profit": 102,
        "Operating Income": 27,
        "EBIT": 36,
        "Net Income": 20
    },
    "2014-06-30": {
        "Diluted EPS": 0.4,
        "Total Revenue": 338,
        "Gross Profit": 97,
        "Operating Income": 25,
        "EBIT": 33,
        "Net Income": 15
    },
    "2014-03-31": {
        "Diluted EPS": 0.39,
        "Total Revenue": 349,
        "Gross Profit": 98,
        "Operating Income": 23,
        "EBIT": 32,
        "Net Income": 14
    },
    "2013-12-31": {
        "Diluted EPS": 0.3,
        "Total Revenue": 357,
        "Gross Profit": 101,
        "Operating Income": 24,
        "EBIT": 33,
        "Net Income": 11
    },
    "2013-09-30": {
        "Diluted EPS": 0.37,
        "Total Revenue": 362,
        "Gross Profit": 102,
        "Operating Income": 24,
        "EBIT": 34,
        "Net Income": 14
    },
    "2013-06-30": {
        "Diluted EPS": 0.36,
        "Total Revenue": 358,
        "Gross Profit": 103,
        "Operating Income": 22,
        "EBIT": 31,
        "Net Income": 14
    },
    "2013-03-31": {
        "Diluted EPS": 0.39,
        "Total Revenue": 293,
        "Gross Profit": 88,
        "Operating Income": 24,
        "EBIT": 29,
        "Net Income": 15
    },
    "2012-12-31": {
        "Diluted EPS": 0.41,
        "Total Revenue": 310,
        "Gross Profit": 91,
        "Operating Income": 28,
        "EBIT": 34,
        "Net Income": 16
    },
    "2012-09-30": {
        "Diluted EPS": 0.61,
        "Total Revenue": 315,
        "Gross Profit": 98,
        "Operating Income": 31,
        "EBIT": 36,
        "Net Income": 24
    },
    "2012-06-30": {
        "Diluted EPS": 0.56,
        "Total Revenue": 321,
        "Gross Profit": 95,
        "Operating Income": 31,
        "EBIT": 36,
        "Net Income": 22
    },
    "2012-03-31": {
        "Diluted EPS": 0.65,
        "Total Revenue": 326,
        "Gross Profit": 100,
        "Operating Income": 36,
        "EBIT": 41,
        "Net Income": 25
    },
    "2011-12-31": {
        "Diluted EPS": 0.6,
        "Total Revenue": 309,
        "Gross Profit": 95,
        "Operating Income": 34,
        "EBIT": 38,
        "Net Income": 23
    },
    "2011-09-30": {
        "Diluted EPS": 0.7,
        "Total Revenue": 302,
        "Gross Profit": 96,
        "Operating Income": 33,
        "EBIT": 37,
        "Net Income": 27
    },
    "2011-06-30": {
        "Diluted EPS": 0.54,
        "Total Revenue": 291,
        "Gross Profit": 90,
        "Operating Income": 28,
        "EBIT": 31,
        "Net Income": 21
    },
    "2011-03-31": {
        "Diluted EPS": 0.57,
        "Total Revenue": 279,
        "Gross Profit": 88,
        "Operating Income": 31,
        "EBIT": 34,
        "Net Income": 21
    },
    "2010-12-31": {
        "Diluted EPS": 0.38,
        "Total Revenue": 259,
        "Gross Profit": 81,
        "Operating Income": 25,
        "EBIT": 29,
        "Net Income": 14
    },
    "2010-09-30": {
        "Diluted EPS": 0.36,
        "Total Revenue": 236,
        "Gross Profit": 76,
        "Operating Income": 22,
        "EBIT": 25,
        "Net Income": 13
    },
    "2010-06-30": {
        "Diluted EPS": 0.29,
        "Total Revenue": 196,
        "Gross Profit": 70,
        "Operating Income": 21,
        "EBIT": 24,
        "Net Income": 10
    },
    "2010-03-31": {
        "Diluted EPS": 0.38,
        "Total Revenue": 212,
        "Gross Profit": 73,
        "Operating Income": 24,
        "EBIT": 27,
        "Net Income": 14
    },
    "2009-12-31": {
        "Diluted EPS": 0.24,
        "Total Revenue": 219,
        "Gross Profit": 66,
        "Operating Income": 18,
        "EBIT": 21,
        "Net Income": 8
    },
    "2009-09-30": {
        "Diluted EPS": 0.24,
        "Total Revenue": 171,
        "Gross Profit": 56,
        "Operating Income": 15,
        "EBIT": 18,
        "Net Income": 9
    },
    "2009-06-30": {
        "Diluted EPS": -0.1,
        "Total Revenue": 145,
        "Gross Profit": 41,
        "Operating Income": 1,
        "EBIT": 4,
        "Net Income": -3
    },
    "2009-03-31": {
        "Diluted EPS": -0.11,
        "Total Revenue": 152,
        "Gross Profit": 43,
        "Operating Income": -2,
        "EBIT": 1,
        "Net Income": -4
    },
    "2023-09-30": {
        "Tax Effect Of Unusual Items": -224910.0,
        "Tax Rate For Calcs": 0.21,
        "Normalized EBITDA": 3119000.0,
        "Total Unusual Items": -1071000.0,
        "Total Unusual Items Excluding Goodwill": -1071000.0,
        "Net Income From Continuing Operation Net Minority Interest": -84799000.0,
        "Reconciled Depreciation": 1625000.0,
        "Reconciled Cost Of Revenue": 128911000.0,
        "EBITDA": 2048000.0,
        "EBIT": 423000.0,
        "Normalized Income": -83952910.0,
        "Net Income From Continuing And Discontinued Operation": -84799000.0,
        "Total Expenses": 197422000.0,
        "Total Operating Income As Reported": -648000.0,
        "Diluted Average Shares": 29524000.0,
        "Basic Average Shares": 29524000.0,
        "Diluted EPS": -2.87,
        "Basic EPS": -2.87,
        "Diluted NI Availto Com Stockholders": -84799000.0,
        "Net Income Common Stockholders": -84799000.0,
        "Net Income": -84799000.0,
        "Net Income Including Noncontrolling Interests": -84799000.0,
        "Net Income Continuous Operations": -84799000.0,
        "Tax Provision": 86431000.0,
        "Pretax Income": 1632000.0,
        "Other Income Expense": 1209000.0,
        "Other Non Operating Income Expenses": 2280000.0,
        "Special Income Charges": -1071000.0,
        "Other Special Charges": NaN,
        "Impairment Of Capital Assets": 1071000.0,
        "Restructuring And Mergern Acquisition": NaN,
        "Operating Income": 423000.0,
        "Operating Expense": 68511000.0,
        "Other Operating Expenses": 544000.0,
        "Research And Development": 20738000.0,
        "Selling General And Administration": 47229000.0,
        "Selling And Marketing Expense": 30865000.0,
        "General And Administrative Expense": 16364000.0,
        "Other Gand A": 16364000.0,
        "Gross Profit": 68934000.0,
        "Cost Of Revenue": 128911000.0,
        "Total Revenue": 197845000.0,
        "Operating Revenue": 197845000.0
    },
    "2023-12-31": {
        "Tax Effect Of Unusual Items": 1313130.0,
        "Tax Rate For Calcs": 0.21,
        "Normalized EBITDA": -7457000.0,
        "Total Unusual Items": 6253000.0,
        "Total Unusual Items Excluding Goodwill": 6253000.0,
        "Net Income From Continuing Operation Net Minority Interest": -1669000.0,
        "Reconciled Depreciation": 1670000.0,
        "Reconciled Cost Of Revenue": 123038000.0,
        "EBITDA": -1204000.0,
        "EBIT": -2874000.0,
        "Normalized Income": -6608870.0,
        "Net Income From Continuing And Discontinued Operation": -1669000.0,
        "Total Expenses": 191548000.0,
        "Total Operating Income As Reported": -2874000.0,
        "Diluted Average Shares": 29623000.0,
        "Basic Average Shares": 29623000.0,
        "Diluted EPS": -0.06,
        "Basic EPS": -0.06,
        "Diluted NI Availto Com Stockholders": -1669000.0,
        "Net Income Common Stockholders": -1669000.0,
        "Net Income": -1669000.0,
        "Net Income Including Noncontrolling Interests": -1669000.0,
        "Net Income Continuous Operations": -1669000.0,
        "Tax Provision": 1249000.0,
        "Pretax Income": -420000.0,
        "Other Income Expense": -4388000.0,
        "Other Non Operating Income Expenses": -10641000.0,
        "Special Income Charges": 6000000.0,
        "Other Special Charges": NaN,
        "Impairment Of Capital Assets": 0.0,
        "Restructuring And Mergern Acquisition": NaN,
        "Operating Income": -2874000.0,
        "Operating Expense": 68510000.0,
        "Other Operating Expenses": 1259000.0,
        "Research And Development": 19592000.0,
        "Selling General And Administration": 47659000.0,
        "Selling And Marketing Expense": 30552000.0,
        "General And Administrative Expense": 17107000.0,
        "Other Gand A": 17107000.0,
        "Gross Profit": 65636000.0,
        "Cost Of Revenue": 123038000.0,
        "Total Revenue": 188674000.0,
        "Operating Revenue": 188674000.0
    },
    "2024-03-31": {
        "Tax Effect Of Unusual Items": 0.0,
        "Tax Rate For Calcs": 0.008,
        "Normalized EBITDA": -20160000.0,
        "Total Unusual Items": NaN,
        "Total Unusual Items Excluding Goodwill": NaN,
        "Net Income From Continuing Operation Net Minority Interest": -18650000.0,
        "Reconciled Depreciation": 1488000.0,
        "Reconciled Cost Of Revenue": 116349000.0,
        "EBITDA": -20160000.0,
        "EBIT": -21648000.0,
        "Normalized Income": -18650000.0,
        "Net Income From Continuing And Discontinued Operation": -18650000.0,
        "Total Expenses": 186234000.0,
        "Total Operating Income As Reported": -21648000.0,
        "Diluted Average Shares": 29395000.0,
        "Basic Average Shares": 29395000.0,
        "Diluted EPS": -0.63,
        "Basic EPS": -0.63,
        "Diluted NI Availto Com Stockholders": -18650000.0,
        "Net Income Common Stockholders": -18650000.0,
        "Net Income": -18650000.0,
        "Net Income Including Noncontrolling Interests": -18650000.0,
        "Net Income Continuous Operations": -18650000.0,
        "Tax Provision": -148000.0,
        "Pretax Income": -18798000.0,
        "Other Income Expense": 2850000.0,
        "Other Non Operating Income Expenses": 2850000.0,
        "Special Income Charges": NaN,
        "Other Special Charges": NaN,
        "Impairment Of Capital Assets": NaN,
        "Restructuring And Mergern Acquisition": NaN,
        "Operating Income": -21648000.0,
        "Operating Expense": 69885000.0,
        "Other Operating Expenses": 1062000.0,
        "Research And Development": 20227000.0,
        "Selling General And Administration": 48596000.0,
        "Selling And Marketing Expense": 30529000.0,
        "General And Administrative Expense": 18067000.0,
        "Other Gand A": 18067000.0,
        "Gross Profit": 48237000.0,
        "Cost Of Revenue": 116349000.0,
        "Total Revenue": 164586000.0,
        "Operating Revenue": 164586000.0
    },
    "2024-06-30": {
        "Tax Effect Of Unusual Items": -2076480.0,
        "Tax Rate For Calcs": 0.21,
        "Normalized EBITDA": -25523000.0,
        "Total Unusual Items": -9888000.0,
        "Total Unusual Items Excluding Goodwill": -9888000.0,
        "Net Income From Continuing Operation Net Minority Interest": -45175000.0,
        "Reconciled Depreciation": 1560000.0,
        "Reconciled Cost Of Revenue": 112077000.0,
        "EBITDA": -35411000.0,
        "EBIT": -36971000.0,
        "Normalized Income": -37363480.0,
        "Net Income From Continuing And Discontinued Operation": -45175000.0,
        "Total Expenses": 180871000.0,
        "Total Operating Income As Reported": -46859000.0,
        "Diluted Average Shares": 28883000.0,
        "Basic Average Shares": 28883000.0,
        "Diluted EPS": -1.56,
        "Basic EPS": -1.56,
        "Diluted NI Availto Com Stockholders": -45175000.0,
        "Net Income Common Stockholders": -45175000.0,
        "Net Income": -45175000.0,
        "Net Income Including Noncontrolling Interests": -45175000.0,
        "Net Income Continuous Operations": -45175000.0,
        "Tax Provision": 1029000.0,
        "Pretax Income": -44146000.0,
        "Other Income Expense": -7175000.0,
        "Other Non Operating Income Expenses": 2713000.0,
        "Special Income Charges": -9888000.0,
        "Other Special Charges": 8200000.0,
        "Impairment Of Capital Assets": NaN,
        "Restructuring And Mergern Acquisition": 1688000.0,
        "Operating Income": -36971000.0,
        "Operating Expense": 68794000.0,
        "Other Operating Expenses": NaN,
        "Research And Development": 19851000.0,
        "Selling General And Administration": 48943000.0,
        "Selling And Marketing Expense": 29757000.0,
        "General And Administrative Expense": 19186000.0,
        "Other Gand A": 19186000.0,
        "Gross Profit": 31823000.0,
        "Cost Of Revenue": 112077000.0,
        "Total Revenue": 143900000.0,
        "Operating Revenue": 143900000.0
    },
    "2024-09-30": {
        "Tax Effect Of Unusual Items": 14289169.196217,
        "Tax Rate For Calcs": 0.143202,
        "Normalized EBITDA": -102045000.0,
        "Total Unusual Items": 99783000.0,
        "Total Unusual Items Excluding Goodwill": 99783000.0,
        "Net Income From Continuing Operation Net Minority Interest": 85074000.0,
        "Reconciled Depreciation": 1713000.0,
        "Reconciled Cost Of Revenue": 126371000.0,
        "EBITDA": -2262000.0,
        "EBIT": -3975000.0,
        "Normalized Income": -419830.803783,
        "Net Income From Continuing And Discontinued Operation": 85074000.0,
        "Total Expenses": 186829000.0,
        "Total Operating Income As Reported": 95808000.0,
        "Diluted Average Shares": 29364000.0,
        "Basic Average Shares": 28705000.0,
        "Diluted EPS": 2.9,
        "Basic EPS": 2.96,
        "Diluted NI Availto Com Stockholders": 85074000.0,
        "Net Income Common Stockholders": 85074000.0,
        "Net Income": 85074000.0,
        "Net Income Including Noncontrolling Interests": 85074000.0,
        "Net Income Continuous Operations": 85074000.0,
        "Tax Provision": 14219000.0,
        "Pretax Income": 99293000.0,
        "Other Income Expense": 103268000.0,
        "Other Non Operating Income Expenses": 3485000.0,
        "Special Income Charges": 99783000.0,
        "Other Special Charges": -100855000.0,
        "Impairment Of Capital Assets": 0.0,
        "Restructuring And Mergern Acquisition": 1072000.0,
        "Operating Income": -3975000.0,
        "Operating Expense": 60458000.0,
        "Other Operating Expenses": NaN,
        "Research And Development": 20905000.0,
        "Selling General And Administration": 39553000.0,
        "Selling And Marketing Expense": 31196000.0,
        "General And Administrative Expense": 8357000.0,
        "Other Gand A": 8357000.0,
        "Gross Profit": 56483000.0,
        "Cost Of Revenue": 126371000.0,
        "Total Revenue": 182854000.0,
        "Operating Revenue": 182854000.0
    }
}