{
    "2023-04-30": {
        "Tax Effect Of Unusual Items": NaN,
        "Tax Rate For Calcs": NaN,
        "Normalized EBITDA": NaN,
        "Total Unusual Items": 0.0,
        "Total Unusual Items Excluding Goodwill": 0.0,
        "Net Income From Continuing Operation Net Minority Interest": NaN,
        "Reconciled Depreciation": NaN,
        "Reconciled Cost Of Revenue": NaN,
        "EBITDA": NaN,
        "EBIT": NaN,
        "Net Interest Income": NaN,
        "Interest Expense": NaN,
        "Interest Income": NaN,
        "Normalized Income": NaN,
        "Net Income From Continuing And Discontinued Operation": NaN,
        "Total Expenses": NaN,
        "Total Operating Income As Reported": NaN,
        "Diluted Average Shares": NaN,
        "Basic Average Shares": NaN,
        "Diluted EPS": NaN,
        "Basic EPS": NaN,
        "Diluted NI Availto Com Stockholders": NaN,
        "Net Income Common Stockholders": NaN,
        "Net Income": NaN,
        "Net Income Including Noncontrolling Interests": NaN,
        "Net Income Continuous Operations": NaN,
        "Tax Provision": NaN,
        "Pretax Income": NaN,
        "Other Income Expense": NaN,
        "Other Non Operating Income Expenses": NaN,
        "Special Income Charges": 0.0,
        "Net Non Operating Interest Income Expense": NaN,
        "Interest Expense Non Operating": NaN,
        "Interest Income Non Operating": NaN,
        "Operating Income": NaN,
        "Operating Expense": NaN,
        "Research And Development": NaN,
        "Selling General And Administration": NaN,
        "Selling And Marketing Expense": NaN,
        "General And Administrative Expense": NaN,
        "Other Gand A": NaN,
        "Gross Profit": NaN,
        "Cost Of Revenue": NaN,
        "Total Revenue": NaN,
        "Operating Revenue": NaN
    },
    "2023-01-31": {
        "Tax Effect Of Unusual Items": NaN,
        "Tax Rate For Calcs": NaN,
        "Normalized EBITDA": NaN,
        "Total Unusual Items": 0.0,
        "Total Unusual Items Excluding Goodwill": 0.0,
        "Net Income From Continuing Operation Net Minority Interest": NaN,
        "Reconciled Depreciation": NaN,
        "Reconciled Cost Of Revenue": NaN,
        "EBITDA": NaN,
        "EBIT": NaN,
        "Net Interest Income": NaN,
        "Interest Expense": NaN,
        "Interest Income": NaN,
        "Normalized Income": NaN,
        "Net Income From Continuing And Discontinued Operation": NaN,
        "Total Expenses": NaN,
        "Total Operating Income As Reported": NaN,
        "Diluted Average Shares": NaN,
        "Basic Average Shares": NaN,
        "Diluted EPS": NaN,
        "Basic EPS": NaN,
        "Diluted NI Availto Com Stockholders": NaN,
        "Net Income Common Stockholders": NaN,
        "Net Income": NaN,
        "Net Income Including Noncontrolling Interests": NaN,
        "Net Income Continuous Operations": NaN,
        "Tax Provision": NaN,
        "Pretax Income": NaN,
        "Other Income Expense": NaN,
        "Other Non Operating Income Expenses": NaN,
        "Special Income Charges": 0.0,
        "Net Non Operating Interest Income Expense": NaN,
        "Interest Expense Non Operating": NaN,
        "Interest Income Non Operating": NaN,
        "Operating Income": NaN,
        "Operating Expense": NaN,
        "Research And Development": NaN,
        "Selling General And Administration": NaN,
        "Selling And Marketing Expense": NaN,
        "General And Administrative Expense": NaN,
        "Other Gand A": NaN,
        "Gross Profit": NaN,
        "Cost Of Revenue": NaN,
        "Total Revenue": NaN,
        "Operating Revenue": NaN
    },
    "2022-10-31": {
        "Tax Effect Of Unusual Items": NaN,
        "Tax Rate For Calcs": NaN,
        "Normalized EBITDA": NaN,
        "Total Unusual Items": 0.0,
        "Total Unusual Items Excluding Goodwill": 0.0,
        "Net Income From Continuing Operation Net Minority Interest": NaN,
        "Reconciled Depreciation": NaN,
        "Reconciled Cost Of Revenue": NaN,
        "EBITDA": NaN,
        "EBIT": NaN,
        "Net Interest Income": NaN,
        "Interest Expense": NaN,
        "Interest Income": NaN,
        "Normalized Income": NaN,
        "Net Income From Continuing And Discontinued Operation": NaN,
        "Total Expenses": NaN,
        "Total Operating Income As Reported": NaN,
        "Diluted Average Shares": NaN,
        "Basic Average Shares": NaN,
        "Diluted EPS": NaN,
        "Basic EPS": NaN,
        "Diluted NI Availto Com Stockholders": NaN,
        "Net Income Common Stockholders": NaN,
        "Net Income": NaN,
        "Net Income Including Noncontrolling Interests": NaN,
        "Net Income Continuous Operations": NaN,
        "Tax Provision": NaN,
        "Pretax Income": NaN,
        "Other Income Expense": NaN,
        "Other Non Operating Income Expenses": NaN,
        "Special Income Charges": 0.0,
        "Net Non Operating Interest Income Expense": NaN,
        "Interest Expense Non Operating": NaN,
        "Interest Income Non Operating": NaN,
        "Operating Income": NaN,
        "Operating Expense": NaN,
        "Research And Development": NaN,
        "Selling General And Administration": NaN,
        "Selling And Marketing Expense": NaN,
        "General And Administrative Expense": NaN,
        "Other Gand A": NaN,
        "Gross Profit": NaN,
        "Cost Of Revenue": NaN,
        "Total Revenue": NaN,
        "Operating Revenue": NaN
    },
    "2022-07-31": {
        "Tax Effect Of Unusual Items": 0.0,
        "Tax Rate For Calcs": 0.4,
        "Normalized EBITDA": -112591000.0,
        "Total Unusual Items": 0.0,
        "Total Unusual Items Excluding Goodwill": 0.0,
        "Net Income From Continuing Operation Net Minority Interest": -150990000.0,
        "Reconciled Depreciation": 20829000.0,
        "Reconciled Cost Of Revenue": 79892000.0,
        "EBITDA": -112591000.0,
        "EBIT": -133420000.0,
        "Net Interest Income": -12959000.0,
        "Interest Expense": 15525000.0,
        "Interest Income": 2566000.0,
        "Normalized Income": -150990000.0,
        "Net Income From Continuing And Discontinued Operation": -150990000.0,
        "Total Expenses": 518960000.0,
        "Total Operating Income As Reported": -133420000.0,
        "Diluted Average Shares": 225452000.0,
        "Basic Average Shares": 225452000.0,
        "Diluted EPS": -0.67,
        "Basic EPS": -0.67,
        "Diluted NI Availto Com Stockholders": -150990000.0,
        "Net Income Common Stockholders": -150990000.0,
        "Net Income": -150990000.0,
        "Net Income Including Noncontrolling Interests": -150990000.0,
        "Net Income Continuous Operations": -150990000.0,
        "Tax Provision": 6297000.0,
        "Pretax Income": -144693000.0,
        "Other Income Expense": -11273000.0,
        "Other Non Operating Income Expenses": -11273000.0,
        "Special Income Charges": 0.0,
        "Other Special Charges": 0.0,
        "Gain On Sale Of Security": 0.0,
        "Net Non Operating Interest Income Expense": -12959000.0,
        "Interest Expense Non Operating": 15525000.0,
        "Interest Income Non Operating": 2566000.0,
        "Operating Income": -133420000.0,
        "Operating Expense": 439068000.0,
        "Research And Development": 144013000.0,
        "Selling General And Administration": 295055000.0,
        "Selling And Marketing Expense": 252508000.0,
        "General And Administrative Expense": 42547000.0,
        "Other Gand A": 42547000.0,
        "Gross Profit": 305648000.0,
        "Cost Of Revenue": 79892000.0,
        "Total Revenue": 385540000.0,
        "Operating Revenue": 385540000.0
    },
    "2022-04-30": {
        "Diluted EPS": -0.5,
        "Total Revenue": 404,
        "Gross Profit": 324,
        "Operating Income": -93,
        "EBIT": -61,
        "Net Income": -112
    },
    "2022-01-31": {
        "Diluted EPS": -0.53,
        "Total Revenue": 413,
        "Gross Profit": 333,
        "Operating Income": -95,
        "EBIT": -63,
        "Net Income": -115
    },
    "2021-10-31": {
        "Diluted EPS": -1.95,
        "Total Revenue": 379,
        "Gross Profit": 297,
        "Operating Income": -137,
        "EBIT": -104,
        "Net Income": -420
    },
    "2021-07-31": {
        "Diluted EPS": -1.68,
        "Total Revenue": 391,
        "Gross Profit": 312,
        "Operating Income": -142,
        "EBIT": -100,
        "Net Income": -358
    },
    "2021-04-30": {
        "Diluted EPS": -0.6,
        "Total Revenue": 345,
        "Gross Profit": 270,
        "Operating Income": -181,
        "EBIT": -140,
        "Net Income": -124
    },
    "2021-01-31": {
        "Diluted EPS": -1.42,
        "Total Revenue": 346,
        "Gross Profit": 275,
        "Operating Income": -156,
        "EBIT": -116,
        "Net Income": -287
    },
    "2020-10-31": {
        "Diluted EPS": -1.31,
        "Total Revenue": 313,
        "Gross Profit": 245,
        "Operating Income": -182,
        "EBIT": -147,
        "Net Income": -265
    },
    "2020-07-31": {
        "Diluted EPS": -0.91,
        "Total Revenue": 328,
        "Gross Profit": 261,
        "Operating Income": -171,
        "EBIT": -139,
        "Net Income": -185
    },
    "2020-04-30": {
        "Diluted EPS": -1.23,
        "Total Revenue": 318,
        "Gross Profit": 246,
        "Operating Income": -230,
        "EBIT": -198,
        "Net Income": -241
    },
    "2020-01-31": {
        "Diluted EPS": -1.13,
        "Total Revenue": 347,
        "Gross Profit": 272,
        "Operating Income": -207,
        "EBIT": -176,
        "Net Income": -218
    },
    "2019-10-31": {
        "Diluted EPS": -1.21,
        "Total Revenue": 315,
        "Gross Profit": 243,
        "Operating Income": -220,
        "EBIT": -190,
        "Net Income": -229
    },
    "2019-07-31": {
        "Diluted EPS": -1.06,
        "Total Revenue": 300,
        "Gross Profit": 231,
        "Operating Income": -183,
        "EBIT": -153,
        "Net Income": -194
    },
    "2019-04-30": {
        "Diluted EPS": -1.15,
        "Total Revenue": 288,
        "Gross Profit": 213,
        "Operating Income": -204,
        "EBIT": -176,
        "Net Income": -210
    },
    "2019-01-31": {
        "Diluted EPS": -0.68,
        "Total Revenue": 335,
        "Gross Profit": 249,
        "Operating Income": -116,
        "EBIT": -90,
        "Net Income": -123
    },
    "2018-10-31": {
        "Diluted EPS": -0.54,
        "Total Revenue": 313,
        "Gross Profit": 239,
        "Operating Income": -95,
        "EBIT": -72,
        "Net Income": -94
    },
    "2018-07-31": {
        "Diluted EPS": -0.52,
        "Total Revenue": 304,
        "Gross Profit": 230,
        "Operating Income": -79,
        "EBIT": -58,
        "Net Income": -87
    },
    "2018-04-30": {
        "Diluted EPS": -0.51,
        "Total Revenue": 289,
        "Gross Profit": 194,
        "Operating Income": -82,
        "EBIT": -62,
        "Net Income": -86
    },
    "2018-01-31": {
        "Diluted EPS": -0.39,
        "Total Revenue": 287,
        "Gross Profit": 178,
        "Operating Income": -60,
        "EBIT": -47,
        "Net Income": -63
    },
    "2017-10-31": {
        "Diluted EPS": -0.39,
        "Total Revenue": 276,
        "Gross Profit": 167,
        "Operating Income": -59,
        "EBIT": -48,
        "Net Income": -61
    },
    "2017-07-31": {
        "Diluted EPS": 0.14,
        "Total Revenue": 252,
        "Gross Profit": 155,
        "Operating Income": -64,
        "EBIT": -54,
        "Net Income": -66
    },
    "2017-04-30": {
        "Diluted EPS": -0.67,
        "Total Revenue": 206,
        "Gross Profit": 122,
        "Operating Income": -94,
        "EBIT": -85,
        "Net Income": -97
    },
    "2017-01-31": {
        "Diluted EPS": -0.54,
        "Total Revenue": 199,
        "Gross Profit": 122,
        "Operating Income": -75,
        "EBIT": -66,
        "Net Income": -76
    },
    "2016-10-31": {
        "Diluted EPS": -1.89,
        "Total Revenue": 189,
        "Gross Profit": 119,
        "Operating Income": -114,
        "EBIT": -106,
        "Net Income": -140
    },
    "2016-07-31": {
        "Diluted EPS": 0.25,
        "Total Revenue": 198,
        "Gross Profit": 144,
        "Operating Income": 12,
        "EBIT": 20,
        "Net Income": 10
    },
    "2016-04-30": {
        "Diluted EPS": -1.05,
        "Total Revenue": 115,
        "Gross Profit": 71,
        "Operating Income": -45,
        "EBIT": -38,
        "Net Income": -47
    },
    "2016-01-31": {
        "Diluted EPS": -0.76,
        "Total Revenue": 103,
        "Gross Profit": 65,
        "Operating Income": -35,
        "EBIT": -29,
        "Net Income": -33
    },
    "2015-10-31": {
        "Diluted EPS": -0.9,
        "Total Revenue": 88,
        "Gross Profit": 53,
        "Operating Income": -37,
        "EBIT": -32,
        "Net Income": -39
    },
    "2015-07-31": {
        "Diluted EPS": -2.38,
        "Total Revenue": 74,
        "Gross Profit": 44,
        "Operating Income": -34,
        "EBIT": -22,
        "Net Income": -37
    },
    "2015-04-30": {
        "Diluted EPS": 0.0,
        "Total Revenue": 65,
        "Gross Profit": 38,
        "Operating Income": -32,
        "EBIT": -31,
        "Net Income": -33
    },
    "2015-01-31": {
        "Diluted EPS": 0.0,
        "Total Revenue": 57,
        "Gross Profit": 33,
        "Operating Income": -26,
        "EBIT": -26,
        "Net Income": -28
    },
    "2014-10-31": {
        "Diluted EPS": -0.73,
        "Total Revenue": 46,
        "Gross Profit": 26,
        "Operating Income": -27,
        "EBIT": -23,
        "Net Income": -29
    },
    "2014-07-31": {
        "Diluted EPS": 0.0,
        "Total Revenue": 39,
        "Gross Profit": 22,
        "Operating Income": -27,
        "EBIT": -18,
        "Net Income": -29
    },
    "2014-04-30": {
        "Diluted EPS": 0.0,
        "Total Revenue": 36,
        "Gross Profit": 19,
        "Operating Income": -22,
        "EBIT": -21,
        "Net Income": -24
    },
    "2014-01-31": {
        "Diluted EPS": 0.0,
        "Total Revenue": 32,
        "Gross Profit": 16,
        "Operating Income": -15,
        "EBIT": -14,
        "Net Income": -16
    },
    "2013-10-31": {
        "Diluted EPS": 0.0,
        "Total Revenue": 20,
        "Gross Profit": 10,
        "Operating Income": -15,
        "EBIT": -13,
        "Net Income": -15
    },
    "2013-07-31": {
        "Diluted EPS": 0.0,
        "Total Revenue": NaN,
        "Gross Profit": NaN,
        "Operating Income": NaN,
        "EBIT": NaN,
        "Net Income": NaN
    },
    "2023-07-31": {
        "Tax Effect Of Unusual Items": NaN,
        "Tax Rate For Calcs": NaN,
        "Normalized EBITDA": NaN,
        "Total Unusual Items": 0.0,
        "Total Unusual Items Excluding Goodwill": 0.0,
        "Net Income From Continuing Operation Net Minority Interest": NaN,
        "Reconciled Depreciation": NaN,
        "Reconciled Cost Of Revenue": NaN,
        "EBITDA": NaN,
        "EBIT": NaN,
        "Net Interest Income": NaN,
        "Interest Expense": NaN,
        "Interest Income": NaN,
        "Normalized Income": NaN,
        "Net Income From Continuing And Discontinued Operation": NaN,
        "Total Expenses": NaN,
        "Total Operating Income As Reported": NaN,
        "Diluted Average Shares": NaN,
        "Basic Average Shares": NaN,
        "Diluted EPS": NaN,
        "Basic EPS": NaN,
        "Diluted NI Availto Com Stockholders": NaN,
        "Net Income Common Stockholders": NaN,
        "Net Income": NaN,
        "Net Income Including Noncontrolling Interests": NaN,
        "Net Income Continuous Operations": NaN,
        "Tax Provision": NaN,
        "Pretax Income": NaN,
        "Other Income Expense": NaN,
        "Other Non Operating Income Expenses": NaN,
        "Special Income Charges": 0.0,
        "Net Non Operating Interest Income Expense": NaN,
        "Interest Expense Non Operating": NaN,
        "Interest Income Non Operating": NaN,
        "Operating Income": NaN,
        "Operating Expense": NaN,
        "Research And Development": NaN,
        "Selling General And Administration": NaN,
        "Selling And Marketing Expense": NaN,
        "General And Administrative Expense": NaN,
        "Other Gand A": NaN,
        "Gross Profit": NaN,
        "Cost Of Revenue": NaN,
        "Total Revenue": NaN,
        "Operating Revenue": NaN
    },
    "2023-10-31": {
        "Tax Effect Of Unusual Items": 0.0,
        "Tax Rate For Calcs": 0.21,
        "Normalized EBITDA": 23553000.0,
        "Total Unusual Items": NaN,
        "Total Unusual Items Excluding Goodwill": NaN,
        "Net Income From Continuing Operation Net Minority Interest": -15853000.0,
        "Reconciled Depreciation": 18187000.0,
        "Reconciled Cost Of Revenue": 81959000.0,
        "EBITDA": 23553000.0,
        "EBIT": 5366000.0,
        "Net Interest Income": -961000.0,
        "Interest Expense": 16347000.0,
        "Interest Income": 15386000.0,
        "Normalized Income": -15853000.0,
        "Net Income From Continuing And Discontinued Operation": -15853000.0,
        "Total Expenses": 516760000.0,
        "Total Operating Income As Reported": -5706000.0,
        "Diluted Average Shares": 241490000.0,
        "Basic Average Shares": 241490000.0,
        "Diluted EPS": -0.07,
        "Basic EPS": -0.07,
        "Diluted NI Availto Com Stockholders": -15853000.0,
        "Net Income Common Stockholders": -15853000.0,
        "Net Income": -15853000.0,
        "Net Income Including Noncontrolling Interests": -15853000.0,
        "Net Income Continuous Operations": -15853000.0,
        "Tax Provision": 4872000.0,
        "Pretax Income": -10981000.0,
        "Other Income Expense": -4314000.0,
        "Other Non Operating Income Expenses": -4314000.0,
        "Special Income Charges": NaN,
        "Net Non Operating Interest Income Expense": -961000.0,
        "Interest Expense Non Operating": 16347000.0,
        "Interest Income Non Operating": 15386000.0,
        "Operating Income": -5706000.0,
        "Operating Expense": 434801000.0,
        "Research And Development": 151975000.0,
        "Selling General And Administration": 282826000.0,
        "Selling And Marketing Expense": 235323000.0,
        "General And Administrative Expense": 47503000.0,
        "Other Gand A": 47503000.0,
        "Gross Profit": 429095000.0,
        "Cost Of Revenue": 81959000.0,
        "Total Revenue": 511054000.0,
        "Operating Revenue": 511054000.0
    },
    "2024-01-31": {
        "Tax Effect Of Unusual Items": 0.0,
        "Tax Rate For Calcs": 0.162132,
        "Normalized EBITDA": 73994000.0,
        "Net Income From Continuing Operation Net Minority Interest": 32795000.0,
        "Reconciled Depreciation": 18202000.0,
        "Reconciled Cost Of Revenue": 81556000.0,
        "EBITDA": 73994000.0,
        "EBIT": NaN,
        "Net Interest Income": 998000.0,
        "Interest Expense": 16651000.0,
        "Interest Income": 17649000.0,
        "Normalized Income": NaN,
        "Net Income From Continuing And Discontinued Operation": 32795000.0,
        "Total Expenses": 528188000.0,
        "Total Operating Income As Reported": 37045000.0,
        "Diluted Average Shares": 298540000.0,
        "Basic Average Shares": 243853000.0,
        "Diluted EPS": 0.13,
        "Basic EPS": 0.13,
        "Diluted NI Availto Com Stockholders": 32795000.0,
        "Net Income Common Stockholders": 32795000.0,
        "Net Income": 32795000.0,
        "Net Income Including Noncontrolling Interests": 32795000.0,
        "Net Income Continuous Operations": 32795000.0,
        "Tax Provision": 6346000.0,
        "Pretax Income": 39141000.0,
        "Other Income Expense": 1098000.0,
        "Other Non Operating Income Expenses": 1098000.0,
        "Net Non Operating Interest Income Expense": 998000.0,
        "Interest Expense Non Operating": 16651000.0,
        "Interest Income Non Operating": 17649000.0,
        "Operating Income": 37045000.0,
        "Operating Expense": 446632000.0,
        "Depreciation Amortization Depletion Income Statement": NaN,
        "Research And Development": 160401000.0,
        "Selling General And Administration": 286231000.0,
        "Selling And Marketing Expense": 236702000.0,
        "General And Administrative Expense": 49529000.0,
        "Other Gand A": 49529000.0,
        "Gross Profit": 483677000.0,
        "Cost Of Revenue": NaN,
        "Total Revenue": 565233000.0,
        "Operating Revenue": 565233000.0
    },
    "2024-04-30": {
        "Tax Effect Of Unusual Items": NaN,
        "Tax Rate For Calcs": NaN,
        "Normalized EBITDA": NaN,
        "Net Income From Continuing Operation Net Minority Interest": NaN,
        "Reconciled Depreciation": NaN,
        "Reconciled Cost Of Revenue": NaN,
        "EBITDA": NaN,
        "EBIT": NaN,
        "Net Interest Income": NaN,
        "Interest Expense": NaN,
        "Interest Income": NaN,
        "Normalized Income": NaN,
        "Net Income From Continuing And Discontinued Operation": NaN,
        "Total Expenses": NaN,
        "Total Operating Income As Reported": NaN,
        "Diluted Average Shares": NaN,
        "Basic Average Shares": NaN,
        "Diluted EPS": NaN,
        "Basic EPS": NaN,
        "Diluted NI Availto Com Stockholders": NaN,
        "Net Income Common Stockholders": NaN,
        "Net Income": NaN,
        "Net Income Including Noncontrolling Interests": NaN,
        "Net Income Continuous Operations": NaN,
        "Tax Provision": NaN,
        "Pretax Income": NaN,
        "Other Income Expense": NaN,
        "Other Non Operating Income Expenses": NaN,
        "Net Non Operating Interest Income Expense": NaN,
        "Interest Expense Non Operating": NaN,
        "Interest Income Non Operating": NaN,
        "Operating Income": NaN,
        "Operating Expense": NaN,
        "Depreciation Amortization Depletion Income Statement": 99000.0,
        "Depreciation And Amortization In Income Statement": 99000.0,
        "Amortization": 99000.0,
        "Amortization Of Intangibles Income Statement": 99000.0,
        "Research And Development": NaN,
        "Selling General And Administration": NaN,
        "Selling And Marketing Expense": NaN,
        "General And Administrative Expense": NaN,
        "Other Gand A": NaN,
        "Gross Profit": NaN,
        "Cost Of Revenue": NaN,
        "Total Revenue": NaN,
        "Operating Revenue": NaN
    },
    "2024-07-31": {
        "Tax Effect Of Unusual Items": 0.0,
        "Tax Rate For Calcs": 0.21,
        "Normalized EBITDA": 19170000.0,
        "Net Income From Continuing Operation Net Minority Interest": -126101000.0,
        "Reconciled Depreciation": 18213000.0,
        "Reconciled Cost Of Revenue": 80978000.0,
        "EBITDA": 19170000.0,
        "EBIT": 957000.0,
        "Net Interest Income": -102851000.0,
        "Interest Expense": 119506000.0,
        "Interest Income": 16655000.0,
        "Normalized Income": -126101000.0,
        "Net Income From Continuing And Discontinued Operation": -126101000.0,
        "Total Expenses": 560140000.0,
        "Total Operating Income As Reported": -12188000.0,
        "Diluted Average Shares": NaN,
        "Basic Average Shares": NaN,
        "Diluted EPS": NaN,
        "Basic EPS": NaN,
        "Diluted NI Availto Com Stockholders": -126101000.0,
        "Net Income Common Stockholders": -126101000.0,
        "Net Income": -126101000.0,
        "Net Income Including Noncontrolling Interests": -126101000.0,
        "Net Income Continuous Operations": -126101000.0,
        "Tax Provision": 7552000.0,
        "Pretax Income": -118549000.0,
        "Other Income Expense": -3510000.0,
        "Other Non Operating Income Expenses": -3510000.0,
        "Net Non Operating Interest Income Expense": -102851000.0,
        "Interest Expense Non Operating": 119506000.0,
        "Interest Income Non Operating": 16655000.0,
        "Operating Income": -12188000.0,
        "Operating Expense": 479162000.0,
        "Depreciation Amortization Depletion Income Statement": NaN,
        "Depreciation And Amortization In Income Statement": NaN,
        "Amortization": NaN,
        "Amortization Of Intangibles Income Statement": NaN,
        "Research And Development": 167396000.0,
        "Selling General And Administration": 311766000.0,
        "Selling And Marketing Expense": 259360000.0,
        "General And Administrative Expense": 52406000.0,
        "Other Gand A": 52406000.0,
        "Gross Profit": 466974000.0,
        "Cost Of Revenue": 80978000.0,
        "Total Revenue": 547952000.0,
        "Operating Revenue": 547952000.0
    },
    "2024-10-31": {
        "Tax Effect Of Unusual Items": 0.0,
        "Tax Rate For Calcs": 0.187301,
        "Normalized EBITDA": 55748000.0,
        "Net Income From Continuing Operation Net Minority Interest": 29926000.0,
        "Reconciled Depreciation": 18180000.0,
        "Reconciled Cost Of Revenue": 82670000.0,
        "EBITDA": 55748000.0,
        "EBIT": 37568000.0,
        "Net Interest Income": 10349000.0,
        "Interest Expense": 745000.0,
        "Interest Income": 11094000.0,
        "Normalized Income": 29926000.0,
        "Net Income From Continuing And Discontinued Operation": 29926000.0,
        "Total Expenses": 563706000.0,
        "Total Operating Income As Reported": 27250000.0,
        "Diluted Average Shares": 288829000.0,
        "Basic Average Shares": 266556000.0,
        "Diluted EPS": 0.1,
        "Basic EPS": 0.11,
        "Diluted NI Availto Com Stockholders": 29926000.0,
        "Net Income Common Stockholders": 29926000.0,
        "Net Income": 29926000.0,
        "Net Income Including Noncontrolling Interests": 29926000.0,
        "Net Income Continuous Operations": 29926000.0,
        "Tax Provision": 6897000.0,
        "Pretax Income": 36823000.0,
        "Other Income Expense": -776000.0,
        "Other Non Operating Income Expenses": -776000.0,
        "Net Non Operating Interest Income Expense": 10349000.0,
        "Interest Expense Non Operating": 745000.0,
        "Interest Income Non Operating": 11094000.0,
        "Operating Income": 27250000.0,
        "Operating Expense": 481036000.0,
        "Depreciation Amortization Depletion Income Statement": NaN,
        "Depreciation And Amortization In Income Statement": NaN,
        "Amortization": NaN,
        "Amortization Of Intangibles Income Statement": NaN,
        "Research And Development": 173959000.0,
        "Selling General And Administration": 307077000.0,
        "Selling And Marketing Expense": 253401000.0,
        "General And Administrative Expense": 53676000.0,
        "Other Gand A": 53676000.0,
        "Gross Profit": 508286000.0,
        "Cost Of Revenue": 82670000.0,
        "Total Revenue": 590956000.0,
        "Operating Revenue": 590956000.0
    },
    "2025-01-31": {
        "Tax Effect Of Unusual Items": 0.0,
        "Tax Rate For Calcs": 0.132999,
        "Normalized EBITDA": 85004000.0,
        "Net Income From Continuing Operation Net Minority Interest": 56427000.0,
        "Reconciled Depreciation": 18247000.0,
        "Reconciled Cost Of Revenue": 85288000.0,
        "EBITDA": 85004000.0,
        "EBIT": 66757000.0,
        "Net Interest Income": 12266000.0,
        "Interest Expense": 1674000.0,
        "Interest Income": 13940000.0,
        "Normalized Income": 56427000.0,
        "Net Income From Continuing And Discontinued Operation": 56427000.0,
        "Total Expenses": 589283000.0,
        "Total Operating Income As Reported": 65438000.0,
        "Diluted Average Shares": 293351000.0,
        "Basic Average Shares": 267138000.0,
        "Diluted EPS": 0.21,
        "Basic EPS": 0.21,
        "Diluted NI Availto Com Stockholders": 56427000.0,
        "Net Income Common Stockholders": 56427000.0,
        "Net Income": 56427000.0,
        "Net Income Including Noncontrolling Interests": 56427000.0,
        "Net Income Continuous Operations": 56427000.0,
        "Tax Provision": 8656000.0,
        "Pretax Income": 65083000.0,
        "Other Income Expense": -12621000.0,
        "Other Non Operating Income Expenses": -12621000.0,
        "Net Non Operating Interest Income Expense": 12266000.0,
        "Interest Expense Non Operating": 1674000.0,
        "Interest Income Non Operating": 13940000.0,
        "Operating Income": 65438000.0,
        "Operating Expense": 503995000.0,
        "Depreciation Amortization Depletion Income Statement": NaN,
        "Depreciation And Amortization In Income Statement": NaN,
        "Amortization": NaN,
        "Amortization Of Intangibles Income Statement": NaN,
        "Research And Development": 182785000.0,
        "Selling General And Administration": 321210000.0,
        "Selling And Marketing Expense": 261382000.0,
        "General And Administrative Expense": 59828000.0,
        "Other Gand A": 59828000.0,
        "Gross Profit": 569433000.0,
        "Cost Of Revenue": 85288000.0,
        "Total Revenue": 654721000.0,
        "Operating Revenue": 654721000.0
    },
    "2025-04-30": {
        "Tax Effect Of Unusual Items": 0.0,
        "Tax Rate For Calcs": 0.019133,
        "Normalized EBITDA": 85573000.0,
        "Net Income From Continuing Operation Net Minority Interest": 63363000.0,
        "Reconciled Depreciation": 18024000.0,
        "Reconciled Cost Of Revenue": 65056000.0,
        "EBITDA": 85573000.0,
        "EBIT": 67549000.0,
        "Net Interest Income": 15038000.0,
        "Interest Expense": 2950000.0,
        "Interest Income": 17988000.0,
        "Normalized Income": 63363000.0,
        "Net Income From Continuing And Discontinued Operation": 63363000.0,
        "Total Expenses": 590338000.0,
        "Total Operating Income As Reported": 48645000.0,
        "Diluted Average Shares": 296804000.0,
        "Basic Average Shares": 267566000.0,
        "Diluted EPS": 0.22,
        "Basic EPS": 0.24,
        "Diluted NI Availto Com Stockholders": 63363000.0,
        "Net Income Common Stockholders": 63363000.0,
        "Net Income": 63363000.0,
        "Net Income Including Noncontrolling Interests": 63363000.0,
        "Net Income Continuous Operations": 63363000.0,
        "Tax Provision": 1236000.0,
        "Pretax Income": 64599000.0,
        "Other Income Expense": 916000.0,
        "Other Non Operating Income Expenses": 916000.0,
        "Net Non Operating Interest Income Expense": 15038000.0,
        "Interest Expense Non Operating": 2950000.0,
        "Interest Income Non Operating": 17988000.0,
        "Operating Income": 48645000.0,
        "Operating Expense": 507347000.0,
        "Depreciation Amortization Depletion Income Statement": 89000.0,
        "Depreciation And Amortization In Income Statement": 89000.0,
        "Amortization": 89000.0,
        "Amortization Of Intangibles Income Statement": 89000.0,
        "Research And Development": 186413000.0,
        "Selling General And Administration": 320845000.0,
        "Selling And Marketing Expense": 260313000.0,
        "General And Administrative Expense": 60532000.0,
        "Other Gand A": 60532000.0,
        "Gross Profit": 555992000.0,
        "Cost Of Revenue": 82991000.0,
        "Total Revenue": 638983000.0,
        "Operating Revenue": 638983000.0
    },
    "2025-07-31": {
        "Tax Effect Of Unusual Items": 0.0,
        "Tax Rate For Calcs": 0.143832,
        "Normalized EBITDA": 66401000.0,
        "Net Income From Continuing Operation Net Minority Interest": 38650000.0,
        "Reconciled Depreciation": 18250000.0,
        "Reconciled Cost Of Revenue": 83833000.0,
        "EBITDA": 66401000.0,
        "EBIT": 48151000.0,
        "Net Interest Income": 16280000.0,
        "Interest Expense": 3008000.0,
        "Interest Income": 19288000.0,
        "Normalized Income": 38650000.0,
        "Net Income From Continuing And Discontinued Operation": 38650000.0,
        "Total Expenses": 622059000.0,
        "Total Operating Income As Reported": 31208000.0,
        "Diluted Average Shares": 297456000.0,
        "Basic Average Shares": 268659000.0,
        "Diluted EPS": 0.13,
        "Basic EPS": 0.14,
        "Diluted NI Availto Com Stockholders": 38650000.0,
        "Net Income Common Stockholders": 38650000.0,
        "Net Income": 38650000.0,
        "Net Income Including Noncontrolling Interests": 38650000.0,
        "Net Income Continuous Operations": 38650000.0,
        "Tax Provision": 6493000.0,
        "Pretax Income": 45143000.0,
        "Other Income Expense": -2345000.0,
        "Other Non Operating Income Expenses": -2345000.0,
        "Net Non Operating Interest Income Expense": 16280000.0,
        "Interest Expense Non Operating": 3008000.0,
        "Interest Income Non Operating": 19288000.0,
        "Operating Income": 31208000.0,
        "Operating Expense": 538226000.0,
        "Depreciation Amortization Depletion Income Statement": NaN,
        "Depreciation And Amortization In Income Statement": NaN,
        "Amortization": NaN,
        "Amortization Of Intangibles Income Statement": NaN,
        "Research And Development": 193666000.0,
        "Selling General And Administration": 344825000.0,
        "Selling And Marketing Expense": 281545000.0,
        "General And Administrative Expense": 63280000.0,
        "Other Gand A": 63280000.0,
        "Gross Profit": 569434000.0,
        "Cost Of Revenue": 83833000.0,
        "Total Revenue": 653267000.0,
        "Operating Revenue": 653267000.0
    },
    "2025-10-31": {
        "Tax Effect Of Unusual Items": NaN,
        "Tax Rate For Calcs": NaN,
        "Normalized EBITDA": NaN,
        "Net Income From Continuing Operation Net Minority Interest": NaN,
        "Reconciled Depreciation": NaN,
        "Reconciled Cost Of Revenue": NaN,
        "EBITDA": NaN,
        "EBIT": NaN,
        "Net Interest Income": NaN,
        "Interest Expense": NaN,
        "Interest Income": NaN,
        "Normalized Income": NaN,
        "Net Income From Continuing And Discontinued Operation": NaN,
        "Total Expenses": NaN,
        "Total Operating Income As Reported": NaN,
        "Diluted Average Shares": 296518000.0,
        "Basic Average Shares": 269872000.0,
        "Diluted EPS": 0.21,
        "Basic EPS": 0.23,
        "Diluted NI Availto Com Stockholders": NaN,
        "Net Income Common Stockholders": NaN,
        "Net Income": NaN,
        "Net Income Including Noncontrolling Interests": NaN,
        "Net Income Continuous Operations": NaN,
        "Tax Provision": NaN,
        "Pretax Income": NaN,
        "Other Income Expense": NaN,
        "Other Non Operating Income Expenses": NaN,
        "Net Non Operating Interest Income Expense": NaN,
        "Interest Expense Non Operating": NaN,
        "Interest Income Non Operating": NaN,
        "Operating Income": NaN,
        "Operating Expense": NaN,
        "Depreciation Amortization Depletion Income Statement": NaN,
        "Depreciation And Amortization In Income Statement": NaN,
        "Amortization": NaN,
        "Amortization Of Intangibles Income Statement": NaN,
        "Research And Development": NaN,
        "Selling General And Administration": NaN,
        "Selling And Marketing Expense": NaN,
        "General And Administrative Expense": NaN,
        "Other Gand A": NaN,
        "Gross Profit": NaN,
        "Cost Of Revenue": NaN,
        "Total Revenue": NaN,
        "Operating Revenue": NaN
    }
}