{
    "2023-03-31": {
        "Tax Effect Of Unusual Items": NaN,
        "Tax Rate For Calcs": NaN,
        "Normalized EBITDA": NaN,
        "Net Income From Continuing Operation Net Minority Interest": NaN,
        "Reconciled Depreciation": NaN,
        "Reconciled Cost Of Revenue": NaN,
        "EBITDA": NaN,
        "EBIT": NaN,
        "Net Interest Income": NaN,
        "Interest Expense": NaN,
        "Normalized Income": NaN,
        "Net Income From Continuing And Discontinued Operation": NaN,
        "Total Expenses": NaN,
        "Total Operating Income As Reported": NaN,
        "Diluted Average Shares": NaN,
        "Basic Average Shares": NaN,
        "Diluted EPS": NaN,
        "Basic EPS": NaN,
        "Diluted NI Availto Com Stockholders": NaN,
        "Net Income Common Stockholders": NaN,
        "Net Income": NaN,
        "Net Income Including Noncontrolling Interests": NaN,
        "Net Income Continuous Operations": NaN,
        "Tax Provision": NaN,
        "Pretax Income": NaN,
        "Net Non Operating Interest Income Expense": NaN,
        "Interest Expense Non Operating": NaN,
        "Operating Income": NaN,
        "Operating Expense": NaN,
        "Other Operating Expenses": 5374000.0,
        "Depreciation Amortization Depletion Income Statement": NaN,
        "Depreciation And Amortization In Income Statement": NaN,
        "Selling General And Administration": NaN,
        "General And Administrative Expense": NaN,
        "Other Gand A": NaN,
        "Salaries And Wages": NaN,
        "Gross Profit": NaN,
        "Cost Of Revenue": NaN,
        "Total Revenue": NaN,
        "Operating Revenue": NaN
    },
    "2022-12-31": {
        "Tax Effect Of Unusual Items": 0.0,
        "Tax Rate For Calcs": 0.316356,
        "Normalized EBITDA": 23678000.0,
        "Net Income From Continuing Operation Net Minority Interest": 8000000.0,
        "Reconciled Depreciation": 10972000.0,
        "Reconciled Cost Of Revenue": 95438000.0,
        "EBITDA": 23678000.0,
        "EBIT": 12706000.0,
        "Net Interest Income": -1004000.0,
        "Interest Expense": 1004000.0,
        "Normalized Income": 8000000.0,
        "Net Income From Continuing And Discontinued Operation": 8000000.0,
        "Total Expenses": 177112000.0,
        "Total Operating Income As Reported": 12706000.0,
        "Diluted Average Shares": 15320123.0,
        "Basic Average Shares": 14816773.0,
        "Diluted EPS": 0.52,
        "Basic EPS": 0.54,
        "Diluted NI Availto Com Stockholders": 8000000.0,
        "Net Income Common Stockholders": 8000000.0,
        "Net Income": 8000000.0,
        "Net Income Including Noncontrolling Interests": 8000000.0,
        "Net Income Continuous Operations": 8000000.0,
        "Tax Provision": 3702000.0,
        "Pretax Income": 11702000.0,
        "Net Non Operating Interest Income Expense": -1004000.0,
        "Interest Expense Non Operating": 1004000.0,
        "Operating Income": 12706000.0,
        "Operating Expense": 80267000.0,
        "Other Operating Expenses": NaN,
        "Depreciation Amortization Depletion Income Statement": 9565000.0,
        "Depreciation And Amortization In Income Statement": 9565000.0,
        "Selling General And Administration": 49450000.0,
        "General And Administrative Expense": 49450000.0,
        "Other Gand A": 2681000.0,
        "Salaries And Wages": 46769000.0,
        "Gross Profit": 92973000.0,
        "Cost Of Revenue": 96845000.0,
        "Total Revenue": 189818000.0,
        "Operating Revenue": 189818000.0
    },
    "2022-09-30": {
        "Tax Effect Of Unusual Items": NaN,
        "Tax Rate For Calcs": NaN,
        "Normalized EBITDA": NaN,
        "Net Income From Continuing Operation Net Minority Interest": NaN,
        "Reconciled Depreciation": NaN,
        "Reconciled Cost Of Revenue": NaN,
        "EBITDA": NaN,
        "EBIT": NaN,
        "Net Interest Income": NaN,
        "Interest Expense": NaN,
        "Normalized Income": NaN,
        "Net Income From Continuing And Discontinued Operation": NaN,
        "Total Expenses": NaN,
        "Total Operating Income As Reported": NaN,
        "Diluted Average Shares": NaN,
        "Basic Average Shares": NaN,
        "Diluted EPS": NaN,
        "Basic EPS": NaN,
        "Diluted NI Availto Com Stockholders": NaN,
        "Net Income Common Stockholders": NaN,
        "Net Income": NaN,
        "Net Income Including Noncontrolling Interests": NaN,
        "Net Income Continuous Operations": NaN,
        "Tax Provision": NaN,
        "Pretax Income": NaN,
        "Net Non Operating Interest Income Expense": NaN,
        "Interest Expense Non Operating": NaN,
        "Operating Income": NaN,
        "Operating Expense": NaN,
        "Other Operating Expenses": 5441000.0,
        "Depreciation Amortization Depletion Income Statement": NaN,
        "Depreciation And Amortization In Income Statement": NaN,
        "Selling General And Administration": NaN,
        "General And Administrative Expense": NaN,
        "Other Gand A": NaN,
        "Salaries And Wages": NaN,
        "Gross Profit": NaN,
        "Cost Of Revenue": NaN,
        "Total Revenue": NaN,
        "Operating Revenue": NaN
    },
    "2022-06-30": {
        "Tax Effect Of Unusual Items": 0.0,
        "Tax Rate For Calcs": 0.205,
        "Normalized EBITDA": 33491000.0,
        "Net Income From Continuing Operation Net Minority Interest": 17268000.0,
        "Reconciled Depreciation": 10891000.0,
        "Reconciled Cost Of Revenue": 102269000.0,
        "EBITDA": 33491000.0,
        "EBIT": 22600000.0,
        "Net Interest Income": -887000.0,
        "Interest Expense": 887000.0,
        "Normalized Income": 17268000.0,
        "Net Income From Continuing And Discontinued Operation": 17268000.0,
        "Total Expenses": 180132000.0,
        "Total Operating Income As Reported": 22600000.0,
        "Diluted Average Shares": 15232157.0,
        "Basic Average Shares": 14736167.0,
        "Diluted EPS": 1.13,
        "Basic EPS": 1.17,
        "Diluted NI Availto Com Stockholders": 17268000.0,
        "Net Income Common Stockholders": 17268000.0,
        "Net Income": 17268000.0,
        "Net Income Including Noncontrolling Interests": 17268000.0,
        "Net Income Continuous Operations": 17268000.0,
        "Tax Provision": 4445000.0,
        "Pretax Income": 21713000.0,
        "Net Non Operating Interest Income Expense": -887000.0,
        "Interest Expense Non Operating": 887000.0,
        "Operating Income": 22600000.0,
        "Operating Expense": 76640000.0,
        "Other Operating Expenses": NaN,
        "Depreciation Amortization Depletion Income Statement": 9668000.0,
        "Depreciation And Amortization In Income Statement": 9668000.0,
        "Selling General And Administration": 66972000.0,
        "General And Administrative Expense": 66972000.0,
        "Other Gand A": 19689000.0,
        "Salaries And Wages": 47283000.0,
        "Gross Profit": 99240000.0,
        "Cost Of Revenue": 103492000.0,
        "Total Revenue": 202732000.0,
        "Operating Revenue": 202732000.0
    },
    "2022-03-31": {
        "Diluted EPS": 0.57,
        "Total Revenue": 190,
        "Gross Profit": 94,
        "Operating Income": 13,
        "EBIT": 24,
        "Net Income": 9
    },
    "2021-12-31": {
        "Diluted EPS": 1.07,
        "Total Revenue": 189,
        "Gross Profit": 98,
        "Operating Income": 21,
        "EBIT": 33,
        "Net Income": 15
    },
    "2021-09-30": {
        "Diluted EPS": 0.83,
        "Total Revenue": 186,
        "Gross Profit": 92,
        "Operating Income": 19,
        "EBIT": 31,
        "Net Income": 13
    },
    "2021-06-30": {
        "Diluted EPS": 0.91,
        "Total Revenue": 180,
        "Gross Profit": 91,
        "Operating Income": 19,
        "EBIT": 30,
        "Net Income": 14
    },
    "2021-03-31": {
        "Diluted EPS": 0.41,
        "Total Revenue": 153,
        "Gross Profit": 79,
        "Operating Income": 10,
        "EBIT": 20,
        "Net Income": 5
    },
    "2020-12-31": {
        "Diluted EPS": 0.35,
        "Total Revenue": 161,
        "Gross Profit": 80,
        "Operating Income": 10,
        "EBIT": 21,
        "Net Income": 5
    },
    "2020-09-30": {
        "Diluted EPS": 0.61,
        "Total Revenue": 170,
        "Gross Profit": 87,
        "Operating Income": 14,
        "EBIT": 26,
        "Net Income": 8
    },
    "2020-06-30": {
        "Diluted EPS": 0.36,
        "Total Revenue": 163,
        "Gross Profit": 83,
        "Operating Income": 11,
        "EBIT": 23,
        "Net Income": 5
    },
    "2020-03-31": {
        "Diluted EPS": 0.33,
        "Total Revenue": 165,
        "Gross Profit": 85,
        "Operating Income": 9,
        "EBIT": 21,
        "Net Income": 4
    },
    "2019-12-31": {
        "Diluted EPS": 0.3,
        "Total Revenue": 133,
        "Gross Profit": 65,
        "Operating Income": 6,
        "EBIT": 13,
        "Net Income": 4
    },
    "2019-09-30": {
        "Diluted EPS": 0.46,
        "Total Revenue": 131,
        "Gross Profit": 63,
        "Operating Income": 8,
        "EBIT": 14,
        "Net Income": 6
    },
    "2019-06-30": {
        "Diluted EPS": 0.7,
        "Total Revenue": 128,
        "Gross Profit": 61,
        "Operating Income": 10,
        "EBIT": 16,
        "Net Income": 9
    },
    "2019-03-31": {
        "Diluted EPS": 0.44,
        "Total Revenue": 117,
        "Gross Profit": 55,
        "Operating Income": 7,
        "EBIT": 14,
        "Net Income": 6
    },
    "2018-12-31": {
        "Diluted EPS": 0.63,
        "Total Revenue": 115,
        "Gross Profit": 54,
        "Operating Income": 10,
        "EBIT": 16,
        "Net Income": 8
    },
    "2018-09-30": {
        "Diluted EPS": 0.62,
        "Total Revenue": 104,
        "Gross Profit": 50,
        "Operating Income": 10,
        "EBIT": 14,
        "Net Income": 7
    },
    "2018-06-30": {
        "Diluted EPS": 0.69,
        "Total Revenue": 104,
        "Gross Profit": 51,
        "Operating Income": 9,
        "EBIT": 13,
        "Net Income": 8
    },
    "2018-03-31": {
        "Diluted EPS": 0.39,
        "Total Revenue": 95,
        "Gross Profit": 47,
        "Operating Income": 6,
        "EBIT": 10,
        "Net Income": 4
    },
    "2017-12-31": {
        "Diluted EPS": 1.07,
        "Total Revenue": 94,
        "Gross Profit": 45,
        "Operating Income": 8,
        "EBIT": 12,
        "Net Income": 12
    },
    "2017-09-30": {
        "Diluted EPS": 0.55,
        "Total Revenue": 91,
        "Gross Profit": 47,
        "Operating Income": 9,
        "EBIT": 13,
        "Net Income": 6
    },
    "2017-06-30": {
        "Diluted EPS": 0.4,
        "Total Revenue": 84,
        "Gross Profit": 41,
        "Operating Income": 7,
        "EBIT": 10,
        "Net Income": 4
    },
    "2017-03-31": {
        "Diluted EPS": 0.21,
        "Total Revenue": 64,
        "Gross Profit": 32,
        "Operating Income": 3,
        "EBIT": 5,
        "Net Income": 2
    },
    "2016-12-31": {
        "Diluted EPS": 0.33,
        "Total Revenue": 63,
        "Gross Profit": 31,
        "Operating Income": 5,
        "EBIT": 7,
        "Net Income": 3
    },
    "2016-09-30": {
        "Diluted EPS": 0.33,
        "Total Revenue": 60,
        "Gross Profit": 28,
        "Operating Income": 5,
        "EBIT": 7,
        "Net Income": 3
    },
    "2016-06-30": {
        "Diluted EPS": 0.31,
        "Total Revenue": 56,
        "Gross Profit": 26,
        "Operating Income": 5,
        "EBIT": 6,
        "Net Income": 3
    },
    "2016-03-31": {
        "Diluted EPS": 0.25,
        "Total Revenue": 45,
        "Gross Profit": 23,
        "Operating Income": 3,
        "EBIT": 5,
        "Net Income": 2
    },
    "2015-12-31": {
        "Diluted EPS": 0.37,
        "Total Revenue": 42,
        "Gross Profit": 19,
        "Operating Income": 4,
        "EBIT": 5,
        "Net Income": 3
    },
    "2015-09-30": {
        "Diluted EPS": 0.38,
        "Total Revenue": 49,
        "Gross Profit": 22,
        "Operating Income": 5,
        "EBIT": 6,
        "Net Income": 3
    },
    "2015-06-30": {
        "Diluted EPS": 0.25,
        "Total Revenue": 34,
        "Gross Profit": 15,
        "Operating Income": 3,
        "EBIT": 4,
        "Net Income": 2
    },
    "2015-03-31": {
        "Diluted EPS": 0.18,
        "Total Revenue": 29,
        "Gross Profit": 13,
        "Operating Income": 2,
        "EBIT": 2,
        "Net Income": 1
    },
    "2014-12-31": {
        "Diluted EPS": 0.24,
        "Total Revenue": 29,
        "Gross Profit": 11,
        "Operating Income": 2,
        "EBIT": 3,
        "Net Income": 1
    },
    "2014-09-30": {
        "Diluted EPS": 0.31,
        "Total Revenue": 31,
        "Gross Profit": 13,
        "Operating Income": 3,
        "EBIT": 3,
        "Net Income": 2
    },
    "2014-06-30": {
        "Diluted EPS": 0.19,
        "Total Revenue": 29,
        "Gross Profit": 12,
        "Operating Income": 2,
        "EBIT": 2,
        "Net Income": 1
    },
    "2014-03-31": {
        "Diluted EPS": 0.13,
        "Total Revenue": 19,
        "Gross Profit": 9,
        "Operating Income": 1,
        "EBIT": 2,
        "Net Income": 1
    },
    "2013-12-31": {
        "Diluted EPS": 0.06,
        "Total Revenue": 17,
        "Gross Profit": 9,
        "Operating Income": 1,
        "EBIT": 1,
        "Net Income": 1
    },
    "2013-09-30": {
        "Diluted EPS": 0.23,
        "Total Revenue": 19,
        "Gross Profit": 9,
        "Operating Income": 1,
        "EBIT": 2,
        "Net Income": 1
    },
    "2013-06-30": {
        "Diluted EPS": 0.18,
        "Total Revenue": 17,
        "Gross Profit": 9,
        "Operating Income": 1,
        "EBIT": 1,
        "Net Income": 1
    },
    "2013-03-31": {
        "Diluted EPS": 0.23,
        "Total Revenue": 16,
        "Gross Profit": 8,
        "Operating Income": 1,
        "EBIT": 1,
        "Net Income": 1
    },
    "2012-12-31": {
        "Diluted EPS": 0.22,
        "Total Revenue": 15,
        "Gross Profit": 8,
        "Operating Income": 1,
        "EBIT": 1,
        "Net Income": 1
    },
    "2012-09-30": {
        "Diluted EPS": 0.27,
        "Total Revenue": 17,
        "Gross Profit": 9,
        "Operating Income": 1,
        "EBIT": 2,
        "Net Income": 1
    },
    "2012-06-30": {
        "Diluted EPS": 0.18,
        "Total Revenue": 15,
        "Gross Profit": 8,
        "Operating Income": 1,
        "EBIT": 1,
        "Net Income": 0
    },
    "2012-03-31": {
        "Diluted EPS": -0.15,
        "Total Revenue": 14,
        "Gross Profit": 7,
        "Operating Income": 0,
        "EBIT": 0,
        "Net Income": 0
    },
    "2011-12-31": {
        "Diluted EPS": 0.0,
        "Total Revenue": NaN,
        "Gross Profit": NaN,
        "Operating Income": NaN,
        "EBIT": NaN,
        "Net Income": NaN
    },
    "2023-06-30": {
        "Tax Effect Of Unusual Items": NaN,
        "Tax Rate For Calcs": NaN,
        "Normalized EBITDA": NaN,
        "Net Income From Continuing Operation Net Minority Interest": NaN,
        "Reconciled Depreciation": NaN,
        "Reconciled Cost Of Revenue": NaN,
        "EBITDA": NaN,
        "EBIT": NaN,
        "Net Interest Income": NaN,
        "Interest Expense": NaN,
        "Normalized Income": NaN,
        "Net Income From Continuing And Discontinued Operation": NaN,
        "Total Expenses": NaN,
        "Total Operating Income As Reported": NaN,
        "Diluted Average Shares": NaN,
        "Basic Average Shares": NaN,
        "Diluted EPS": NaN,
        "Basic EPS": NaN,
        "Diluted NI Availto Com Stockholders": NaN,
        "Net Income Common Stockholders": NaN,
        "Net Income": NaN,
        "Net Income Including Noncontrolling Interests": NaN,
        "Net Income Continuous Operations": NaN,
        "Tax Provision": NaN,
        "Pretax Income": NaN,
        "Net Non Operating Interest Income Expense": NaN,
        "Interest Expense Non Operating": NaN,
        "Operating Income": NaN,
        "Operating Expense": NaN,
        "Other Operating Expenses": 5823000.0,
        "Depreciation Amortization Depletion Income Statement": NaN,
        "Depreciation And Amortization In Income Statement": NaN,
        "Selling General And Administration": NaN,
        "General And Administrative Expense": NaN,
        "Other Gand A": NaN,
        "Salaries And Wages": NaN,
        "Gross Profit": NaN,
        "Cost Of Revenue": NaN,
        "Total Revenue": NaN,
        "Operating Revenue": NaN
    },
    "2023-09-30": {
        "Tax Effect Of Unusual Items": NaN,
        "Tax Rate For Calcs": NaN,
        "Normalized EBITDA": NaN,
        "Net Income From Continuing Operation Net Minority Interest": NaN,
        "Reconciled Depreciation": NaN,
        "Reconciled Cost Of Revenue": NaN,
        "EBITDA": NaN,
        "EBIT": NaN,
        "Net Interest Income": NaN,
        "Interest Expense": NaN,
        "Normalized Income": NaN,
        "Net Income From Continuing And Discontinued Operation": NaN,
        "Total Expenses": NaN,
        "Total Operating Income As Reported": NaN,
        "Diluted Average Shares": NaN,
        "Basic Average Shares": NaN,
        "Diluted EPS": NaN,
        "Basic EPS": NaN,
        "Diluted NI Availto Com Stockholders": NaN,
        "Net Income Common Stockholders": NaN,
        "Net Income": NaN,
        "Net Income Including Noncontrolling Interests": NaN,
        "Net Income Continuous Operations": NaN,
        "Tax Provision": NaN,
        "Pretax Income": NaN,
        "Net Non Operating Interest Income Expense": NaN,
        "Interest Expense Non Operating": NaN,
        "Operating Income": NaN,
        "Operating Expense": NaN,
        "Other Operating Expenses": 6011000.0,
        "Depreciation Amortization Depletion Income Statement": NaN,
        "Depreciation And Amortization In Income Statement": NaN,
        "Selling General And Administration": NaN,
        "General And Administrative Expense": NaN,
        "Other Gand A": NaN,
        "Salaries And Wages": NaN,
        "Gross Profit": NaN,
        "Cost Of Revenue": NaN,
        "Total Revenue": NaN,
        "Operating Revenue": NaN
    },
    "2023-12-31": {
        "Tax Effect Of Unusual Items": 0.0,
        "Tax Rate For Calcs": 0.225125,
        "Normalized EBITDA": 32205000.0,
        "Net Income From Continuing Operation Net Minority Interest": 9937000.0,
        "Reconciled Depreciation": 15522000.0,
        "Reconciled Cost Of Revenue": 105415000.0,
        "EBITDA": 32205000.0,
        "EBIT": 16683000.0,
        "Net Interest Income": -3859000.0,
        "Interest Expense": 3859000.0,
        "Normalized Income": 9937000.0,
        "Net Income From Continuing And Discontinued Operation": 9937000.0,
        "Total Expenses": 198814000.0,
        "Total Operating Income As Reported": 16683000.0,
        "Diluted Average Shares": 62198616.0,
        "Basic Average Shares": 60945860.0,
        "Diluted EPS": 0.16,
        "Basic EPS": 0.1625,
        "Diluted NI Availto Com Stockholders": 9937000.0,
        "Net Income Common Stockholders": 9937000.0,
        "Net Income": 9937000.0,
        "Net Income Including Noncontrolling Interests": 9937000.0,
        "Net Income Continuous Operations": 9937000.0,
        "Tax Provision": 2887000.0,
        "Pretax Income": 12824000.0,
        "Net Non Operating Interest Income Expense": -3859000.0,
        "Interest Expense Non Operating": 3859000.0,
        "Operating Income": 16683000.0,
        "Operating Expense": 91937000.0,
        "Other Operating Expenses": 5683000.0,
        "Depreciation Amortization Depletion Income Statement": 14060000.0,
        "Depreciation And Amortization In Income Statement": 14060000.0,
        "Selling General And Administration": 72194000.0,
        "General And Administrative Expense": 72194000.0,
        "Other Gand A": 17940000.0,
        "Salaries And Wages": 54254000.0,
        "Gross Profit": 108620000.0,
        "Cost Of Revenue": 106877000.0,
        "Total Revenue": 215497000.0,
        "Operating Revenue": 215497000.0
    },
    "2024-03-31": {
        "Tax Effect Of Unusual Items": 0.0,
        "Tax Rate For Calcs": 0.212,
        "Normalized EBITDA": 20752000.0,
        "Net Income From Continuing Operation Net Minority Interest": 408000.0,
        "Reconciled Depreciation": 16043000.0,
        "Reconciled Cost Of Revenue": 98906000.0,
        "EBITDA": 20752000.0,
        "EBIT": 4709000.0,
        "Net Interest Income": -4191000.0,
        "Interest Expense": 4191000.0,
        "Normalized Income": 408000.0,
        "Net Income From Continuing And Discontinued Operation": 408000.0,
        "Total Expenses": 208586000.0,
        "Total Operating Income As Reported": 4709000.0,
        "Diluted Average Shares": 62536104.0,
        "Basic Average Shares": 61068604.0,
        "Diluted EPS": 0.0075,
        "Basic EPS": 0.0075,
        "Diluted NI Availto Com Stockholders": 408000.0,
        "Net Income Common Stockholders": 408000.0,
        "Net Income": 408000.0,
        "Net Income Including Noncontrolling Interests": 408000.0,
        "Net Income Continuous Operations": 408000.0,
        "Tax Provision": 110000.0,
        "Pretax Income": 518000.0,
        "Net Non Operating Interest Income Expense": -4191000.0,
        "Interest Expense Non Operating": 4191000.0,
        "Operating Income": 4709000.0,
        "Operating Expense": 108119000.0,
        "Other Operating Expenses": NaN,
        "Depreciation Amortization Depletion Income Statement": 14482000.0,
        "Depreciation And Amortization In Income Statement": 14482000.0,
        "Selling General And Administration": 93637000.0,
        "General And Administrative Expense": 93637000.0,
        "Other Gand A": 28203000.0,
        "Salaries And Wages": 65434000.0,
        "Gross Profit": 112828000.0,
        "Cost Of Revenue": 100467000.0,
        "Total Revenue": 213295000.0,
        "Operating Revenue": 213295000.0
    },
    "2024-06-30": {
        "Tax Effect Of Unusual Items": 0.0,
        "Tax Rate For Calcs": 0.087,
        "Normalized EBITDA": 29472000.0,
        "Net Income From Continuing Operation Net Minority Interest": 7907000.0,
        "Reconciled Depreciation": 17592000.0,
        "Reconciled Cost Of Revenue": 111531000.0,
        "EBITDA": 29472000.0,
        "EBIT": 11880000.0,
        "Net Interest Income": -4606000.0,
        "Interest Expense": 4606000.0,
        "Normalized Income": 7907000.0,
        "Net Income From Continuing And Discontinued Operation": 7907000.0,
        "Total Expenses": 224446000.0,
        "Total Operating Income As Reported": 11880000.0,
        "Diluted Average Shares": 62684704.0,
        "Basic Average Shares": 61451300.0,
        "Diluted EPS": 0.125,
        "Basic EPS": 0.1275,
        "Diluted NI Availto Com Stockholders": 7907000.0,
        "Net Income Common Stockholders": 7907000.0,
        "Net Income": 7907000.0,
        "Net Income Including Noncontrolling Interests": 7907000.0,
        "Net Income Continuous Operations": 7907000.0,
        "Tax Provision": -633000.0,
        "Pretax Income": 7274000.0,
        "Net Non Operating Interest Income Expense": -4606000.0,
        "Interest Expense Non Operating": 4606000.0,
        "Operating Income": 11880000.0,
        "Operating Expense": 111391000.0,
        "Other Operating Expenses": 6035000.0,
        "Depreciation Amortization Depletion Income Statement": 16068000.0,
        "Depreciation And Amortization In Income Statement": 16068000.0,
        "Selling General And Administration": 89288000.0,
        "General And Administrative Expense": 89288000.0,
        "Other Gand A": 21178000.0,
        "Salaries And Wages": 68110000.0,
        "Gross Profit": 123271000.0,
        "Cost Of Revenue": 113055000.0,
        "Total Revenue": 236326000.0,
        "Operating Revenue": 236326000.0
    },
    "2024-09-30": {
        "Tax Effect Of Unusual Items": 0.0,
        "Tax Rate For Calcs": 0.21,
        "Normalized EBITDA": 36169000.0,
        "Net Income From Continuing Operation Net Minority Interest": 17078000.0,
        "Reconciled Depreciation": 15654000.0,
        "Reconciled Cost Of Revenue": 121024000.0,
        "EBITDA": 36169000.0,
        "EBIT": 20515000.0,
        "Net Interest Income": -4547000.0,
        "Interest Expense": 4547000.0,
        "Normalized Income": 17078000.0,
        "Net Income From Continuing And Discontinued Operation": 17078000.0,
        "Total Expenses": 230370000.0,
        "Total Operating Income As Reported": 20515000.0,
        "Diluted Average Shares": 63042962.0,
        "Basic Average Shares": 61982888.0,
        "Diluted EPS": 0.27,
        "Basic EPS": 0.28,
        "Diluted NI Availto Com Stockholders": 17078000.0,
        "Net Income Common Stockholders": 17078000.0,
        "Net Income": 17078000.0,
        "Net Income Including Noncontrolling Interests": 17078000.0,
        "Net Income Continuous Operations": 17078000.0,
        "Tax Provision": -1110000.0,
        "Pretax Income": 15968000.0,
        "Net Non Operating Interest Income Expense": -4547000.0,
        "Interest Expense Non Operating": 4547000.0,
        "Operating Income": 20515000.0,
        "Operating Expense": 108995000.0,
        "Other Operating Expenses": 5873000.0,
        "Depreciation Amortization Depletion Income Statement": 15303000.0,
        "Depreciation And Amortization In Income Statement": 15303000.0,
        "Selling General And Administration": 87819000.0,
        "General And Administrative Expense": 87819000.0,
        "Other Gand A": 20897000.0,
        "Salaries And Wages": 66922000.0,
        "Gross Profit": 129510000.0,
        "Cost Of Revenue": 121375000.0,
        "Total Revenue": 250885000.0,
        "Operating Revenue": 250885000.0
    },
    "2024-12-31": {
        "Tax Effect Of Unusual Items": 0.0,
        "Tax Rate For Calcs": 0.088008,
        "Normalized EBITDA": 27113000.0,
        "Net Income From Continuing Operation Net Minority Interest": 5430000.0,
        "Reconciled Depreciation": 17322000.0,
        "Reconciled Cost Of Revenue": 122851000.0,
        "EBITDA": 27113000.0,
        "EBIT": 9791000.0,
        "Net Interest Income": -3837000.0,
        "Interest Expense": 3837000.0,
        "Normalized Income": 5430000.0,
        "Net Income From Continuing And Discontinued Operation": 5430000.0,
        "Total Expenses": 236724000.0,
        "Total Operating Income As Reported": 9791000.0,
        "Diluted Average Shares": 63195665.0,
        "Basic Average Shares": 62043752.0,
        "Diluted EPS": 0.09,
        "Basic EPS": 0.09,
        "Diluted NI Availto Com Stockholders": 5430000.0,
        "Net Income Common Stockholders": 5430000.0,
        "Net Income": 5430000.0,
        "Net Income Including Noncontrolling Interests": 5430000.0,
        "Net Income Continuous Operations": 5430000.0,
        "Tax Provision": 524000.0,
        "Pretax Income": 5954000.0,
        "Net Non Operating Interest Income Expense": -3837000.0,
        "Interest Expense Non Operating": 3837000.0,
        "Operating Income": 9791000.0,
        "Operating Expense": 112399000.0,
        "Other Operating Expenses": 5995000.0,
        "Depreciation Amortization Depletion Income Statement": 15848000.0,
        "Depreciation And Amortization In Income Statement": 15848000.0,
        "Selling General And Administration": 90556000.0,
        "General And Administrative Expense": 90556000.0,
        "Other Gand A": 22652000.0,
        "Salaries And Wages": 67904000.0,
        "Gross Profit": 122190000.0,
        "Cost Of Revenue": 124325000.0,
        "Total Revenue": 246515000.0,
        "Operating Revenue": 246515000.0
    }
}