{
    "2023-03-31": {
        "Tax Effect Of Unusual Items": NaN,
        "Tax Rate For Calcs": NaN,
        "Normalized EBITDA": NaN,
        "Total Unusual Items": NaN,
        "Total Unusual Items Excluding Goodwill": NaN,
        "Net Income From Continuing Operation Net Minority Interest": NaN,
        "Reconciled Depreciation": NaN,
        "Reconciled Cost Of Revenue": NaN,
        "EBITDA": NaN,
        "EBIT": NaN,
        "Net Interest Income": NaN,
        "Interest Expense": NaN,
        "Interest Income": NaN,
        "Normalized Income": NaN,
        "Net Income From Continuing And Discontinued Operation": NaN,
        "Total Expenses": NaN,
        "Total Operating Income As Reported": NaN,
        "Diluted Average Shares": NaN,
        "Basic Average Shares": NaN,
        "Diluted EPS": NaN,
        "Basic EPS": NaN,
        "Diluted NI Availto Com Stockholders": NaN,
        "Net Income Common Stockholders": NaN,
        "Net Income": NaN,
        "Minority Interests": NaN,
        "Net Income Including Noncontrolling Interests": NaN,
        "Net Income Continuous Operations": NaN,
        "Tax Provision": NaN,
        "Pretax Income": NaN,
        "Other Income Expense": NaN,
        "Special Income Charges": -1693000.0,
        "Restructuring And Mergern Acquisition": 1693000.0,
        "Gain On Sale Of Security": NaN,
        "Net Non Operating Interest Income Expense": NaN,
        "Total Other Finance Cost": 571000.0,
        "Interest Expense Non Operating": NaN,
        "Interest Income Non Operating": NaN,
        "Operating Income": NaN,
        "Operating Expense": NaN,
        "Depreciation Amortization Depletion Income Statement": NaN,
        "Depreciation And Amortization In Income Statement": NaN,
        "Selling General And Administration": NaN,
        "Selling And Marketing Expense": 38299000.0,
        "General And Administrative Expense": NaN,
        "Other Gand A": NaN,
        "Salaries And Wages": NaN,
        "Gross Profit": NaN,
        "Cost Of Revenue": NaN,
        "Total Revenue": NaN,
        "Operating Revenue": NaN
    },
    "2022-12-31": {
        "Tax Effect Of Unusual Items": NaN,
        "Tax Rate For Calcs": NaN,
        "Normalized EBITDA": NaN,
        "Total Unusual Items": NaN,
        "Total Unusual Items Excluding Goodwill": NaN,
        "Net Income From Continuing Operation Net Minority Interest": NaN,
        "Reconciled Depreciation": NaN,
        "Reconciled Cost Of Revenue": NaN,
        "EBITDA": NaN,
        "EBIT": NaN,
        "Net Interest Income": NaN,
        "Interest Expense": NaN,
        "Interest Income": NaN,
        "Normalized Income": NaN,
        "Net Income From Continuing And Discontinued Operation": NaN,
        "Total Expenses": NaN,
        "Total Operating Income As Reported": NaN,
        "Diluted Average Shares": NaN,
        "Basic Average Shares": NaN,
        "Diluted EPS": NaN,
        "Basic EPS": NaN,
        "Diluted NI Availto Com Stockholders": NaN,
        "Net Income Common Stockholders": NaN,
        "Net Income": NaN,
        "Minority Interests": NaN,
        "Net Income Including Noncontrolling Interests": NaN,
        "Net Income Continuous Operations": NaN,
        "Tax Provision": NaN,
        "Pretax Income": NaN,
        "Other Income Expense": NaN,
        "Special Income Charges": 0.0,
        "Restructuring And Mergern Acquisition": 0.0,
        "Gain On Sale Of Security": NaN,
        "Net Non Operating Interest Income Expense": NaN,
        "Total Other Finance Cost": 0.0,
        "Interest Expense Non Operating": NaN,
        "Interest Income Non Operating": NaN,
        "Operating Income": NaN,
        "Operating Expense": NaN,
        "Depreciation Amortization Depletion Income Statement": NaN,
        "Depreciation And Amortization In Income Statement": NaN,
        "Selling General And Administration": NaN,
        "Selling And Marketing Expense": 27652000.0,
        "General And Administrative Expense": NaN,
        "Other Gand A": NaN,
        "Salaries And Wages": NaN,
        "Gross Profit": NaN,
        "Cost Of Revenue": NaN,
        "Total Revenue": NaN,
        "Operating Revenue": NaN
    },
    "2022-09-30": {
        "Tax Effect Of Unusual Items": NaN,
        "Tax Rate For Calcs": NaN,
        "Normalized EBITDA": NaN,
        "Total Unusual Items": NaN,
        "Total Unusual Items Excluding Goodwill": NaN,
        "Net Income From Continuing Operation Net Minority Interest": NaN,
        "Reconciled Depreciation": NaN,
        "Reconciled Cost Of Revenue": NaN,
        "EBITDA": NaN,
        "EBIT": NaN,
        "Net Interest Income": NaN,
        "Interest Expense": NaN,
        "Interest Income": NaN,
        "Normalized Income": NaN,
        "Net Income From Continuing And Discontinued Operation": NaN,
        "Total Expenses": NaN,
        "Total Operating Income As Reported": NaN,
        "Diluted Average Shares": 143716424.0,
        "Basic Average Shares": 141311785.0,
        "Diluted EPS": 0.08,
        "Basic EPS": 0.08,
        "Diluted NI Availto Com Stockholders": NaN,
        "Net Income Common Stockholders": NaN,
        "Net Income": NaN,
        "Minority Interests": NaN,
        "Net Income Including Noncontrolling Interests": NaN,
        "Net Income Continuous Operations": NaN,
        "Tax Provision": NaN,
        "Pretax Income": NaN,
        "Other Income Expense": NaN,
        "Special Income Charges": NaN,
        "Restructuring And Mergern Acquisition": NaN,
        "Gain On Sale Of Security": NaN,
        "Net Non Operating Interest Income Expense": NaN,
        "Total Other Finance Cost": NaN,
        "Interest Expense Non Operating": NaN,
        "Interest Income Non Operating": NaN,
        "Operating Income": NaN,
        "Operating Expense": NaN,
        "Depreciation Amortization Depletion Income Statement": NaN,
        "Depreciation And Amortization In Income Statement": NaN,
        "Selling General And Administration": NaN,
        "Selling And Marketing Expense": 28080000.0,
        "General And Administrative Expense": NaN,
        "Other Gand A": NaN,
        "Salaries And Wages": NaN,
        "Gross Profit": NaN,
        "Cost Of Revenue": NaN,
        "Total Revenue": NaN,
        "Operating Revenue": NaN
    },
    "2022-06-30": {
        "Tax Effect Of Unusual Items": 1332547.53874,
        "Tax Rate For Calcs": 0.142518,
        "Normalized EBITDA": 64521000.0,
        "Total Unusual Items": 9350000.0,
        "Total Unusual Items Excluding Goodwill": 9350000.0,
        "Net Income From Continuing Operation Net Minority Interest": 33979000.0,
        "Reconciled Depreciation": 27046000.0,
        "Reconciled Cost Of Revenue": 35980000.0,
        "EBITDA": 73871000.0,
        "EBIT": 46825000.0,
        "Net Interest Income": 3638000.0,
        "Interest Expense": 5911000.0,
        "Interest Income": 1665000.0,
        "Normalized Income": 25961547.53874,
        "Net Income From Continuing And Discontinued Operation": 33979000.0,
        "Total Expenses": 183368000.0,
        "Total Operating Income As Reported": 28809000.0,
        "Diluted Average Shares": 144884842.0,
        "Basic Average Shares": 141442328.0,
        "Diluted EPS": 0.23,
        "Basic EPS": 0.24,
        "Diluted NI Availto Com Stockholders": 33979000.0,
        "Net Income Common Stockholders": 33979000.0,
        "Net Income": 33979000.0,
        "Minority Interests": -1104000.0,
        "Net Income Including Noncontrolling Interests": 35083000.0,
        "Net Income Continuous Operations": 35083000.0,
        "Tax Provision": 5831000.0,
        "Pretax Income": 40914000.0,
        "Other Income Expense": 9350000.0,
        "Special Income Charges": 883000.0,
        "Restructuring And Mergern Acquisition": -883000.0,
        "Gain On Sale Of Security": 8467000.0,
        "Net Non Operating Interest Income Expense": 3638000.0,
        "Total Other Finance Cost": -7884000.0,
        "Interest Expense Non Operating": 5911000.0,
        "Interest Income Non Operating": 1665000.0,
        "Operating Income": 27926000.0,
        "Operating Expense": 147388000.0,
        "Depreciation Amortization Depletion Income Statement": 27046000.0,
        "Depreciation And Amortization In Income Statement": 27046000.0,
        "Selling General And Administration": 120342000.0,
        "Selling And Marketing Expense": 29757000.0,
        "General And Administrative Expense": 90585000.0,
        "Other Gand A": 20478000.0,
        "Salaries And Wages": 70107000.0,
        "Gross Profit": 175314000.0,
        "Cost Of Revenue": 35980000.0,
        "Total Revenue": 211294000.0,
        "Operating Revenue": 209121000.0
    },
    "2022-03-31": {
        "Diluted EPS": 0.02,
        "Total Revenue": 215,
        "Gross Profit": 168,
        "Operating Income": 21,
        "EBIT": 47,
        "Net Income": 3
    },
    "2021-12-31": {
        "Diluted EPS": 0.07,
        "Total Revenue": 212,
        "Gross Profit": 163,
        "Operating Income": 22,
        "EBIT": 48,
        "Net Income": 11
    },
    "2021-09-30": {
        "Diluted EPS": 0.19,
        "Total Revenue": 184,
        "Gross Profit": 146,
        "Operating Income": 40,
        "EBIT": 63,
        "Net Income": 27
    },
    "2021-06-30": {
        "Diluted EPS": 0.26,
        "Total Revenue": 178,
        "Gross Profit": 145,
        "Operating Income": 49,
        "EBIT": 70,
        "Net Income": 38
    },
    "2021-03-31": {
        "Diluted EPS": 0.19,
        "Total Revenue": 150,
        "Gross Profit": 123,
        "Operating Income": 35,
        "EBIT": 56,
        "Net Income": 27
    },
    "2020-12-31": {
        "Diluted EPS": 0.0,
        "Total Revenue": NaN,
        "Gross Profit": NaN,
        "Operating Income": NaN,
        "EBIT": NaN,
        "Net Income": NaN
    },
    "2020-09-30": {
        "Diluted EPS": -0.88,
        "Total Revenue": 94,
        "Gross Profit": 77,
        "Operating Income": 16,
        "EBIT": 16,
        "Net Income": -79
    },
    "2023-06-30": {
        "Tax Effect Of Unusual Items": NaN,
        "Tax Rate For Calcs": NaN,
        "Normalized EBITDA": NaN,
        "Total Unusual Items": NaN,
        "Total Unusual Items Excluding Goodwill": NaN,
        "Net Income From Continuing Operation Net Minority Interest": NaN,
        "Reconciled Depreciation": NaN,
        "Reconciled Cost Of Revenue": NaN,
        "EBITDA": NaN,
        "EBIT": NaN,
        "Net Interest Income": NaN,
        "Interest Expense": NaN,
        "Interest Income": NaN,
        "Normalized Income": NaN,
        "Net Income From Continuing And Discontinued Operation": NaN,
        "Total Expenses": NaN,
        "Total Operating Income As Reported": NaN,
        "Diluted Average Shares": 143542021.0,
        "Basic Average Shares": 138841224.0,
        "Diluted EPS": 0.07,
        "Basic EPS": 0.07,
        "Diluted NI Availto Com Stockholders": NaN,
        "Net Income Common Stockholders": NaN,
        "Net Income": NaN,
        "Minority Interests": NaN,
        "Net Income Including Noncontrolling Interests": NaN,
        "Net Income Continuous Operations": NaN,
        "Tax Provision": NaN,
        "Pretax Income": NaN,
        "Other Income Expense": NaN,
        "Special Income Charges": 0.0,
        "Restructuring And Mergern Acquisition": 0.0,
        "Gain On Sale Of Security": NaN,
        "Net Non Operating Interest Income Expense": NaN,
        "Total Other Finance Cost": NaN,
        "Interest Expense Non Operating": NaN,
        "Interest Income Non Operating": NaN,
        "Operating Income": NaN,
        "Operating Expense": NaN,
        "Depreciation Amortization Depletion Income Statement": 35925000.0,
        "Depreciation And Amortization In Income Statement": 35925000.0,
        "Selling General And Administration": NaN,
        "Selling And Marketing Expense": NaN,
        "General And Administrative Expense": 185830000.0,
        "Other Gand A": 96552000.0,
        "Salaries And Wages": 89278000.0,
        "Gross Profit": NaN,
        "Cost Of Revenue": NaN,
        "Total Revenue": NaN,
        "Operating Revenue": NaN
    },
    "2023-09-30": {
        "Tax Effect Of Unusual Items": -5213200.0,
        "Tax Rate For Calcs": 0.4,
        "Normalized EBITDA": 71177000.0,
        "Total Unusual Items": -13033000.0,
        "Total Unusual Items Excluding Goodwill": -13033000.0,
        "Net Income From Continuing Operation Net Minority Interest": -19814000.0,
        "Reconciled Depreciation": 36544000.0,
        "Reconciled Cost Of Revenue": 55650000.0,
        "EBITDA": 58144000.0,
        "EBIT": 21600000.0,
        "Net Interest Income": -27340000.0,
        "Interest Expense": 30053000.0,
        "Interest Income": 2713000.0,
        "Normalized Income": -11994200.0,
        "Net Income From Continuing And Discontinued Operation": -19814000.0,
        "Total Expenses": 272932000.0,
        "Total Operating Income As Reported": 31920000.0,
        "Diluted Average Shares": 139138382.0,
        "Basic Average Shares": 139138382.0,
        "Diluted EPS": -0.14,
        "Basic EPS": -0.14,
        "Diluted NI Availto Com Stockholders": -19814000.0,
        "Net Income Common Stockholders": -19814000.0,
        "Net Income": -19814000.0,
        "Minority Interests": -1694000.0,
        "Net Income Including Noncontrolling Interests": -18120000.0,
        "Net Income Continuous Operations": -18120000.0,
        "Tax Provision": 9667000.0,
        "Pretax Income": -8453000.0,
        "Other Income Expense": -13033000.0,
        "Special Income Charges": 0.0,
        "Restructuring And Mergern Acquisition": 0.0,
        "Gain On Sale Of Security": -13033000.0,
        "Net Non Operating Interest Income Expense": -27340000.0,
        "Total Other Finance Cost": NaN,
        "Interest Expense Non Operating": 30053000.0,
        "Interest Income Non Operating": 2713000.0,
        "Operating Income": 31920000.0,
        "Operating Expense": 217282000.0,
        "Depreciation Amortization Depletion Income Statement": 36544000.0,
        "Depreciation And Amortization In Income Statement": 36544000.0,
        "Selling General And Administration": 180738000.0,
        "Selling And Marketing Expense": NaN,
        "General And Administrative Expense": 180738000.0,
        "Other Gand A": 94278000.0,
        "Salaries And Wages": 86460000.0,
        "Gross Profit": 249202000.0,
        "Cost Of Revenue": 55650000.0,
        "Total Revenue": 304852000.0,
        "Operating Revenue": 302616000.0
    },
    "2023-12-31": {
        "Tax Effect Of Unusual Items": 4248400.0,
        "Tax Rate For Calcs": 0.4,
        "Normalized EBITDA": 67786000.0,
        "Total Unusual Items": 10621000.0,
        "Total Unusual Items Excluding Goodwill": 10621000.0,
        "Net Income From Continuing Operation Net Minority Interest": 11834000.0,
        "Reconciled Depreciation": 36298000.0,
        "Reconciled Cost Of Revenue": 58734000.0,
        "EBITDA": 78407000.0,
        "EBIT": 42109000.0,
        "Net Interest Income": -43261000.0,
        "Interest Expense": 28401000.0,
        "Interest Income": 234000.0,
        "Normalized Income": 5461400.0,
        "Net Income From Continuing And Discontinued Operation": 11834000.0,
        "Total Expenses": 275169000.0,
        "Total Operating Income As Reported": 46348000.0,
        "Diluted Average Shares": NaN,
        "Basic Average Shares": NaN,
        "Diluted EPS": NaN,
        "Basic EPS": NaN,
        "Diluted NI Availto Com Stockholders": 11834000.0,
        "Net Income Common Stockholders": 11834000.0,
        "Net Income": 11834000.0,
        "Minority Interests": -2262000.0,
        "Net Income Including Noncontrolling Interests": 14096000.0,
        "Net Income Continuous Operations": 14096000.0,
        "Tax Provision": -388000.0,
        "Pretax Income": 13708000.0,
        "Other Income Expense": 10621000.0,
        "Special Income Charges": 0.0,
        "Restructuring And Mergern Acquisition": 0.0,
        "Gain On Sale Of Security": 10621000.0,
        "Net Non Operating Interest Income Expense": -43261000.0,
        "Total Other Finance Cost": 15094000.0,
        "Interest Expense Non Operating": 28401000.0,
        "Interest Income Non Operating": 234000.0,
        "Operating Income": 46348000.0,
        "Operating Expense": 216435000.0,
        "Depreciation Amortization Depletion Income Statement": 36298000.0,
        "Depreciation And Amortization In Income Statement": 36298000.0,
        "Selling General And Administration": 180137000.0,
        "Selling And Marketing Expense": NaN,
        "General And Administrative Expense": 180137000.0,
        "Other Gand A": 98081000.0,
        "Salaries And Wages": 82056000.0,
        "Gross Profit": 262783000.0,
        "Cost Of Revenue": 58734000.0,
        "Total Revenue": 321517000.0,
        "Operating Revenue": 315817000.0
    },
    "2024-03-31": {
        "Tax Effect Of Unusual Items": -1342500.0,
        "Tax Rate For Calcs": 0.15,
        "Normalized EBITDA": 77646000.0,
        "Total Unusual Items": -8950000.0,
        "Total Unusual Items Excluding Goodwill": -8950000.0,
        "Net Income From Continuing Operation Net Minority Interest": -6863000.0,
        "Reconciled Depreciation": 36830000.0,
        "Reconciled Cost Of Revenue": 64730000.0,
        "EBITDA": 68696000.0,
        "EBIT": 31866000.0,
        "Net Interest Income": -29266000.0,
        "Interest Expense": 29804000.0,
        "Interest Income": 712000.0,
        "Normalized Income": 744500.0,
        "Net Income From Continuing And Discontinued Operation": -6863000.0,
        "Total Expenses": 294831000.0,
        "Total Operating Income As Reported": 40278000.0,
        "Diluted Average Shares": 139646509.0,
        "Basic Average Shares": 139646509.0,
        "Diluted EPS": -0.05,
        "Basic EPS": -0.05,
        "Diluted NI Availto Com Stockholders": -6863000.0,
        "Net Income Common Stockholders": -6863000.0,
        "Net Income": -6863000.0,
        "Minority Interests": -2056000.0,
        "Net Income Including Noncontrolling Interests": -4807000.0,
        "Net Income Continuous Operations": -4807000.0,
        "Tax Provision": 6869000.0,
        "Pretax Income": 2062000.0,
        "Other Income Expense": -8950000.0,
        "Special Income Charges": NaN,
        "Restructuring And Mergern Acquisition": NaN,
        "Gain On Sale Of Security": -8950000.0,
        "Net Non Operating Interest Income Expense": -29266000.0,
        "Total Other Finance Cost": 174000.0,
        "Interest Expense Non Operating": 29804000.0,
        "Interest Income Non Operating": 712000.0,
        "Operating Income": 40278000.0,
        "Operating Expense": 230101000.0,
        "Depreciation Amortization Depletion Income Statement": 36830000.0,
        "Depreciation And Amortization In Income Statement": 36830000.0,
        "Selling General And Administration": 193271000.0,
        "Selling And Marketing Expense": NaN,
        "General And Administrative Expense": 193271000.0,
        "Other Gand A": 103174000.0,
        "Salaries And Wages": 90097000.0,
        "Gross Profit": 270379000.0,
        "Cost Of Revenue": 64730000.0,
        "Total Revenue": 335109000.0,
        "Operating Revenue": 329426000.0
    },
    "2024-06-30": {
        "Tax Effect Of Unusual Items": -1283250.0,
        "Tax Rate For Calcs": 0.15,
        "Normalized EBITDA": 87628000.0,
        "Total Unusual Items": -8555000.0,
        "Total Unusual Items Excluding Goodwill": -8555000.0,
        "Net Income From Continuing Operation Net Minority Interest": 3465000.0,
        "Reconciled Depreciation": 38005000.0,
        "Reconciled Cost Of Revenue": 68039000.0,
        "EBITDA": 79073000.0,
        "EBIT": 41068000.0,
        "Net Interest Income": -28949000.0,
        "Interest Expense": 29625000.0,
        "Interest Income": 676000.0,
        "Normalized Income": 10736750.0,
        "Net Income From Continuing And Discontinued Operation": 3465000.0,
        "Total Expenses": 296531000.0,
        "Total Operating Income As Reported": 48947000.0,
        "Diluted Average Shares": 146442057.0,
        "Basic Average Shares": 140590664.0,
        "Diluted EPS": 0.02,
        "Basic EPS": 0.02,
        "Diluted NI Availto Com Stockholders": 3465000.0,
        "Net Income Common Stockholders": 3465000.0,
        "Net Income": 3465000.0,
        "Minority Interests": -1883000.0,
        "Net Income Including Noncontrolling Interests": 5348000.0,
        "Net Income Continuous Operations": 5348000.0,
        "Tax Provision": 6095000.0,
        "Pretax Income": 11443000.0,
        "Other Income Expense": -8555000.0,
        "Special Income Charges": NaN,
        "Restructuring And Mergern Acquisition": NaN,
        "Gain On Sale Of Security": -8555000.0,
        "Net Non Operating Interest Income Expense": -28949000.0,
        "Total Other Finance Cost": NaN,
        "Interest Expense Non Operating": 29625000.0,
        "Interest Income Non Operating": 676000.0,
        "Operating Income": 48947000.0,
        "Operating Expense": 228492000.0,
        "Depreciation Amortization Depletion Income Statement": NaN,
        "Depreciation And Amortization In Income Statement": NaN,
        "Selling General And Administration": 228492000.0,
        "Selling And Marketing Expense": NaN,
        "General And Administrative Expense": NaN,
        "Other Gand A": NaN,
        "Salaries And Wages": NaN,
        "Gross Profit": 277439000.0,
        "Cost Of Revenue": 68039000.0,
        "Total Revenue": 345478000.0,
        "Operating Revenue": 335811000.0
    },
    "2024-09-30": {
        "Tax Effect Of Unusual Items": 2068106.405821,
        "Tax Rate For Calcs": 0.314684,
        "Normalized EBITDA": 86727000.0,
        "Total Unusual Items": 6572000.0,
        "Total Unusual Items Excluding Goodwill": 6572000.0,
        "Net Income From Continuing Operation Net Minority Interest": 15364000.0,
        "Reconciled Depreciation": 39105000.0,
        "Reconciled Cost Of Revenue": 72051000.0,
        "EBITDA": 93299000.0,
        "EBIT": 54194000.0,
        "Net Interest Income": -27882000.0,
        "Interest Expense": 29045000.0,
        "Interest Income": 1163000.0,
        "Normalized Income": 10860106.405821,
        "Net Income From Continuing And Discontinued Operation": 15364000.0,
        "Total Expenses": 311159000.0,
        "Total Operating Income As Reported": 46459000.0,
        "Diluted Average Shares": 148450964.0,
        "Basic Average Shares": 141954687.0,
        "Diluted EPS": 0.1,
        "Basic EPS": 0.11,
        "Diluted NI Availto Com Stockholders": 15364000.0,
        "Net Income Common Stockholders": 15364000.0,
        "Net Income": 15364000.0,
        "Minority Interests": -1871000.0,
        "Net Income Including Noncontrolling Interests": 17235000.0,
        "Net Income Continuous Operations": 17235000.0,
        "Tax Provision": 7914000.0,
        "Pretax Income": 25149000.0,
        "Other Income Expense": 6572000.0,
        "Special Income Charges": NaN,
        "Restructuring And Mergern Acquisition": NaN,
        "Gain On Sale Of Security": 6572000.0,
        "Net Non Operating Interest Income Expense": -27882000.0,
        "Total Other Finance Cost": NaN,
        "Interest Expense Non Operating": 29045000.0,
        "Interest Income Non Operating": 1163000.0,
        "Operating Income": 46459000.0,
        "Operating Expense": 239108000.0,
        "Depreciation Amortization Depletion Income Statement": 39105000.0,
        "Depreciation And Amortization In Income Statement": 39105000.0,
        "Selling General And Administration": 200003000.0,
        "Selling And Marketing Expense": NaN,
        "General And Administrative Expense": 200003000.0,
        "Other Gand A": 116457000.0,
        "Salaries And Wages": 83546000.0,
        "Gross Profit": 285567000.0,
        "Cost Of Revenue": 72051000.0,
        "Total Revenue": 357618000.0,
        "Operating Revenue": 347224000.0
    }
}