{
    "2023-03-31": {
        "Tax Effect Of Unusual Items": NaN,
        "Tax Rate For Calcs": NaN,
        "Normalized EBITDA": NaN,
        "Total Unusual Items": NaN,
        "Total Unusual Items Excluding Goodwill": NaN,
        "Net Income From Continuing Operation Net Minority Interest": NaN,
        "Reconciled Depreciation": NaN,
        "Reconciled Cost Of Revenue": NaN,
        "EBITDA": NaN,
        "EBIT": NaN,
        "Net Interest Income": NaN,
        "Interest Expense": NaN,
        "Interest Income": NaN,
        "Normalized Income": NaN,
        "Net Income From Continuing And Discontinued Operation": NaN,
        "Total Expenses": NaN,
        "Total Operating Income As Reported": NaN,
        "Diluted Average Shares": NaN,
        "Basic Average Shares": NaN,
        "Diluted EPS": NaN,
        "Basic EPS": NaN,
        "Diluted NI Availto Com Stockholders": NaN,
        "Net Income Common Stockholders": NaN,
        "Net Income": NaN,
        "Minority Interests": NaN,
        "Net Income Including Noncontrolling Interests": NaN,
        "Net Income Continuous Operations": NaN,
        "Earnings From Equity Interest Net Of Tax": NaN,
        "Tax Provision": NaN,
        "Pretax Income": NaN,
        "Other Income Expense": NaN,
        "Other Non Operating Income Expenses": -171000.0,
        "Special Income Charges": NaN,
        "Gain On Sale Of Ppe": NaN,
        "Gain On Sale Of Security": NaN,
        "Net Non Operating Interest Income Expense": NaN,
        "Interest Expense Non Operating": NaN,
        "Interest Income Non Operating": NaN,
        "Operating Income": NaN,
        "Operating Expense": NaN,
        "Other Operating Expenses": NaN,
        "Selling General And Administration": NaN,
        "General And Administrative Expense": NaN,
        "Other Gand A": NaN,
        "Gross Profit": NaN,
        "Cost Of Revenue": NaN,
        "Total Revenue": NaN,
        "Operating Revenue": NaN
    },
    "2022-12-31": {
        "Tax Effect Of Unusual Items": NaN,
        "Tax Rate For Calcs": NaN,
        "Normalized EBITDA": NaN,
        "Total Unusual Items": NaN,
        "Total Unusual Items Excluding Goodwill": NaN,
        "Net Income From Continuing Operation Net Minority Interest": NaN,
        "Reconciled Depreciation": NaN,
        "Reconciled Cost Of Revenue": NaN,
        "EBITDA": NaN,
        "EBIT": NaN,
        "Net Interest Income": NaN,
        "Interest Expense": NaN,
        "Interest Income": NaN,
        "Normalized Income": NaN,
        "Net Income From Continuing And Discontinued Operation": NaN,
        "Total Expenses": NaN,
        "Total Operating Income As Reported": NaN,
        "Diluted Average Shares": 77537386.0,
        "Basic Average Shares": 77216530.0,
        "Diluted EPS": 0.13,
        "Basic EPS": 0.13,
        "Diluted NI Availto Com Stockholders": NaN,
        "Net Income Common Stockholders": NaN,
        "Net Income": NaN,
        "Minority Interests": NaN,
        "Net Income Including Noncontrolling Interests": NaN,
        "Net Income Continuous Operations": NaN,
        "Earnings From Equity Interest Net Of Tax": NaN,
        "Tax Provision": NaN,
        "Pretax Income": NaN,
        "Other Income Expense": NaN,
        "Other Non Operating Income Expenses": NaN,
        "Special Income Charges": 4363000.0,
        "Gain On Sale Of Ppe": 4363000.0,
        "Gain On Sale Of Security": NaN,
        "Net Non Operating Interest Income Expense": NaN,
        "Interest Expense Non Operating": NaN,
        "Interest Income Non Operating": NaN,
        "Operating Income": NaN,
        "Operating Expense": NaN,
        "Other Operating Expenses": NaN,
        "Selling General And Administration": NaN,
        "General And Administrative Expense": NaN,
        "Other Gand A": NaN,
        "Gross Profit": NaN,
        "Cost Of Revenue": NaN,
        "Total Revenue": NaN,
        "Operating Revenue": NaN
    },
    "2022-09-30": {
        "Tax Effect Of Unusual Items": 3063200.0,
        "Tax Rate For Calcs": 0.4,
        "Normalized EBITDA": 4120000.0,
        "Total Unusual Items": 7658000.0,
        "Total Unusual Items Excluding Goodwill": 7658000.0,
        "Net Income From Continuing Operation Net Minority Interest": 2445000.0,
        "Reconciled Depreciation": 32842000.0,
        "Reconciled Cost Of Revenue": 95356000.0,
        "EBITDA": 11778000.0,
        "EBIT": 11778000.0,
        "Net Interest Income": -12996000.0,
        "Interest Expense": 13166000.0,
        "Interest Income": 170000.0,
        "Normalized Income": -2149800.0,
        "Net Income From Continuing And Discontinued Operation": 2445000.0,
        "Total Expenses": 102863000.0,
        "Total Operating Income As Reported": 3950000.0,
        "Diluted Average Shares": 77574995.0,
        "Basic Average Shares": 77264139.0,
        "Diluted EPS": 0.03,
        "Basic EPS": 0.03,
        "Diluted NI Availto Com Stockholders": 2445000.0,
        "Net Income Common Stockholders": 2445000.0,
        "Net Income": 2445000.0,
        "Minority Interests": -414000.0,
        "Net Income Including Noncontrolling Interests": 2859000.0,
        "Net Income Continuous Operations": 2859000.0,
        "Earnings From Equity Interest Net Of Tax": 4673000.0,
        "Tax Provision": 426000.0,
        "Pretax Income": -1388000.0,
        "Other Income Expense": 7658000.0,
        "Other Non Operating Income Expenses": NaN,
        "Special Income Charges": 0.0,
        "Gain On Sale Of Ppe": 0.0,
        "Impairment Of Capital Assets": NaN,
        "Gain On Sale Of Security": 7658000.0,
        "Net Non Operating Interest Income Expense": -12996000.0,
        "Interest Expense Non Operating": 13166000.0,
        "Interest Income Non Operating": 170000.0,
        "Operating Income": 3950000.0,
        "Operating Expense": 7507000.0,
        "Other Operating Expenses": 1370000.0,
        "Selling General And Administration": 6137000.0,
        "General And Administrative Expense": 6137000.0,
        "Other Gand A": 6137000.0,
        "Gross Profit": 11457000.0,
        "Cost Of Revenue": 95356000.0,
        "Total Revenue": 106813000.0,
        "Operating Revenue": 106813000.0
    },
    "2022-06-30": {
        "Tax Effect Of Unusual Items": 232630.61323,
        "Tax Rate For Calcs": 0.081,
        "Normalized EBITDA": 48360000.0,
        "Total Unusual Items": 2872000.0,
        "Total Unusual Items Excluding Goodwill": 2872000.0,
        "Net Income From Continuing Operation Net Minority Interest": 14022000.0,
        "Reconciled Depreciation": 31477000.0,
        "Reconciled Cost Of Revenue": 97859000.0,
        "EBITDA": 51232000.0,
        "EBIT": 19755000.0,
        "Net Interest Income": -11359000.0,
        "Interest Expense": 11471000.0,
        "Interest Income": 112000.0,
        "Normalized Income": 11382630.61323,
        "Net Income From Continuing And Discontinued Operation": 14022000.0,
        "Total Expenses": 107146000.0,
        "Total Operating Income As Reported": 16771000.0,
        "Diluted Average Shares": 77582824.0,
        "Basic Average Shares": 77265022.0,
        "Diluted EPS": 0.18,
        "Basic EPS": 0.18,
        "Diluted NI Availto Com Stockholders": 14022000.0,
        "Net Income Common Stockholders": 14022000.0,
        "Net Income": 14022000.0,
        "Minority Interests": -348000.0,
        "Net Income Including Noncontrolling Interests": 14370000.0,
        "Net Income Continuous Operations": 14370000.0,
        "Earnings From Equity Interest Net Of Tax": 6757000.0,
        "Tax Provision": 671000.0,
        "Pretax Income": 8284000.0,
        "Other Income Expense": 2872000.0,
        "Other Non Operating Income Expenses": NaN,
        "Special Income Charges": 0.0,
        "Gain On Sale Of Ppe": 0.0,
        "Impairment Of Capital Assets": NaN,
        "Gain On Sale Of Security": 2872000.0,
        "Net Non Operating Interest Income Expense": -11359000.0,
        "Interest Expense Non Operating": 11471000.0,
        "Interest Income Non Operating": 112000.0,
        "Operating Income": 16771000.0,
        "Operating Expense": 9287000.0,
        "Other Operating Expenses": 1460000.0,
        "Selling General And Administration": 7827000.0,
        "General And Administrative Expense": 7827000.0,
        "Other Gand A": 7827000.0,
        "Gross Profit": 26058000.0,
        "Cost Of Revenue": 97859000.0,
        "Total Revenue": 123917000.0,
        "Operating Revenue": 123917000.0
    },
    "2022-03-31": {
        "Diluted EPS": 0.35,
        "Total Revenue": 120,
        "Gross Profit": 56,
        "Operating Income": 17,
        "EBIT": 50,
        "Net Income": 27
    },
    "2021-12-31": {
        "Diluted EPS": -0.64,
        "Total Revenue": 132,
        "Gross Profit": 64,
        "Operating Income": -36,
        "EBIT": -9,
        "Net Income": -41
    },
    "2021-09-30": {
        "Diluted EPS": 0.1,
        "Total Revenue": 103,
        "Gross Profit": 46,
        "Operating Income": 13,
        "EBIT": 38,
        "Net Income": 7
    },
    "2021-06-30": {
        "Diluted EPS": 0.01,
        "Total Revenue": 86,
        "Gross Profit": 34,
        "Operating Income": 7,
        "EBIT": 28,
        "Net Income": 0
    },
    "2021-03-31": {
        "Diluted EPS": 0.05,
        "Total Revenue": 86,
        "Gross Profit": 39,
        "Operating Income": 12,
        "EBIT": 32,
        "Net Income": 3
    },
    "2020-12-31": {
        "Diluted EPS": 0.06,
        "Total Revenue": 87,
        "Gross Profit": 38,
        "Operating Income": 11,
        "EBIT": 31,
        "Net Income": 3
    },
    "2020-09-30": {
        "Diluted EPS": 0.02,
        "Total Revenue": 81,
        "Gross Profit": 35,
        "Operating Income": 8,
        "EBIT": 29,
        "Net Income": 1
    },
    "2020-06-30": {
        "Diluted EPS": 0.05,
        "Total Revenue": 82,
        "Gross Profit": 38,
        "Operating Income": 13,
        "EBIT": 34,
        "Net Income": 3
    },
    "2020-03-31": {
        "Diluted EPS": -0.14,
        "Total Revenue": 81,
        "Gross Profit": 36,
        "Operating Income": 9,
        "EBIT": 30,
        "Net Income": -8
    },
    "2019-12-31": {
        "Diluted EPS": -0.05,
        "Total Revenue": 76,
        "Gross Profit": 36,
        "Operating Income": 9,
        "EBIT": 30,
        "Net Income": -3
    },
    "2019-09-30": {
        "Diluted EPS": -0.05,
        "Total Revenue": 76,
        "Gross Profit": 35,
        "Operating Income": 11,
        "EBIT": 31,
        "Net Income": -3
    },
    "2019-06-30": {
        "Diluted EPS": -0.14,
        "Total Revenue": 74,
        "Gross Profit": 30,
        "Operating Income": 4,
        "EBIT": 24,
        "Net Income": -8
    },
    "2019-03-31": {
        "Diluted EPS": -0.06,
        "Total Revenue": 76,
        "Gross Profit": 33,
        "Operating Income": 8,
        "EBIT": 28,
        "Net Income": -3
    },
    "2018-12-31": {
        "Diluted EPS": -0.06,
        "Total Revenue": 78,
        "Gross Profit": 36,
        "Operating Income": 11,
        "EBIT": 30,
        "Net Income": -4
    },
    "2018-09-30": {
        "Diluted EPS": 0.01,
        "Total Revenue": 81,
        "Gross Profit": 37,
        "Operating Income": 12,
        "EBIT": 31,
        "Net Income": 1
    },
    "2018-06-30": {
        "Diluted EPS": -0.06,
        "Total Revenue": 73,
        "Gross Profit": 33,
        "Operating Income": 8,
        "EBIT": 28,
        "Net Income": -3
    },
    "2018-03-31": {
        "Diluted EPS": 0.01,
        "Total Revenue": 78,
        "Gross Profit": 36,
        "Operating Income": 11,
        "EBIT": 31,
        "Net Income": 1
    },
    "2017-12-31": {
        "Diluted EPS": 0.03,
        "Total Revenue": 77,
        "Gross Profit": 35,
        "Operating Income": 11,
        "EBIT": 32,
        "Net Income": 1
    },
    "2017-09-30": {
        "Diluted EPS": -0.02,
        "Total Revenue": 70,
        "Gross Profit": 33,
        "Operating Income": 8,
        "EBIT": 26,
        "Net Income": -1
    },
    "2017-06-30": {
        "Diluted EPS": 0.04,
        "Total Revenue": 74,
        "Gross Profit": 36,
        "Operating Income": 12,
        "EBIT": 32,
        "Net Income": 2
    },
    "2017-03-31": {
        "Diluted EPS": 0.05,
        "Total Revenue": 77,
        "Gross Profit": 38,
        "Operating Income": 16,
        "EBIT": 35,
        "Net Income": 3
    },
    "2016-12-31": {
        "Diluted EPS": 0.13,
        "Total Revenue": 75,
        "Gross Profit": 39,
        "Operating Income": 18,
        "EBIT": 35,
        "Net Income": 8
    },
    "2016-09-30": {
        "Diluted EPS": 0.12,
        "Total Revenue": 70,
        "Gross Profit": 36,
        "Operating Income": 15,
        "EBIT": 31,
        "Net Income": 6
    },
    "2016-06-30": {
        "Diluted EPS": 0.2,
        "Total Revenue": 73,
        "Gross Profit": 40,
        "Operating Income": 19,
        "EBIT": 35,
        "Net Income": 11
    },
    "2016-03-31": {
        "Diluted EPS": 0.35,
        "Total Revenue": 76,
        "Gross Profit": 47,
        "Operating Income": 27,
        "EBIT": 43,
        "Net Income": 19
    },
    "2015-12-31": {
        "Diluted EPS": 0.43,
        "Total Revenue": 79,
        "Gross Profit": 51,
        "Operating Income": 32,
        "EBIT": 47,
        "Net Income": 24
    },
    "2015-09-30": {
        "Diluted EPS": 0.43,
        "Total Revenue": 78,
        "Gross Profit": 49,
        "Operating Income": 31,
        "EBIT": 44,
        "Net Income": 24
    },
    "2015-06-30": {
        "Diluted EPS": 0.49,
        "Total Revenue": 84,
        "Gross Profit": 53,
        "Operating Income": 35,
        "EBIT": 48,
        "Net Income": 27
    },
    "2015-03-31": {
        "Diluted EPS": 0.42,
        "Total Revenue": 74,
        "Gross Profit": 49,
        "Operating Income": 32,
        "EBIT": 47,
        "Net Income": 23
    },
    "2014-12-31": {
        "Diluted EPS": 0.44,
        "Total Revenue": 78,
        "Gross Profit": 49,
        "Operating Income": 17,
        "EBIT": 29,
        "Net Income": 24
    },
    "2014-09-30": {
        "Diluted EPS": 0.43,
        "Total Revenue": 81,
        "Gross Profit": 47,
        "Operating Income": 44,
        "EBIT": 56,
        "Net Income": 24
    },
    "2014-06-30": {
        "Diluted EPS": 0.35,
        "Total Revenue": 76,
        "Gross Profit": 44,
        "Operating Income": 29,
        "EBIT": 40,
        "Net Income": 20
    },
    "2014-03-31": {
        "Diluted EPS": 0.31,
        "Total Revenue": 70,
        "Gross Profit": 41,
        "Operating Income": 25,
        "EBIT": 36,
        "Net Income": 17
    },
    "2013-12-31": {
        "Diluted EPS": 0.22,
        "Total Revenue": 71,
        "Gross Profit": 38,
        "Operating Income": 19,
        "EBIT": 29,
        "Net Income": 11
    },
    "2013-09-30": {
        "Diluted EPS": 0.24,
        "Total Revenue": 64,
        "Gross Profit": 32,
        "Operating Income": 19,
        "EBIT": 30,
        "Net Income": 11
    },
    "2013-06-30": {
        "Diluted EPS": 0.25,
        "Total Revenue": 61,
        "Gross Profit": 29,
        "Operating Income": 18,
        "EBIT": 27,
        "Net Income": 11
    },
    "2013-03-31": {
        "Diluted EPS": 0.18,
        "Total Revenue": 42,
        "Gross Profit": 23,
        "Operating Income": 14,
        "EBIT": 21,
        "Net Income": 8
    },
    "2012-12-31": {
        "Diluted EPS": 0.23,
        "Total Revenue": 40,
        "Gross Profit": 20,
        "Operating Income": 12,
        "EBIT": 17,
        "Net Income": 9
    },
    "2012-09-30": {
        "Diluted EPS": 0.22,
        "Total Revenue": 40,
        "Gross Profit": 19,
        "Operating Income": 11,
        "EBIT": 17,
        "Net Income": 8
    },
    "2012-06-30": {
        "Diluted EPS": 0.18,
        "Total Revenue": 37,
        "Gross Profit": 18,
        "Operating Income": 10,
        "EBIT": 16,
        "Net Income": 7
    },
    "2012-03-31": {
        "Diluted EPS": 0.19,
        "Total Revenue": 30,
        "Gross Profit": 15,
        "Operating Income": 8,
        "EBIT": 13,
        "Net Income": 6
    },
    "2011-12-31": {
        "Diluted EPS": 0.15,
        "Total Revenue": 25,
        "Gross Profit": 25,
        "Operating Income": 25,
        "EBIT": 25,
        "Net Income": 5
    },
    "2023-06-30": {
        "Tax Effect Of Unusual Items": NaN,
        "Tax Rate For Calcs": NaN,
        "Normalized EBITDA": NaN,
        "Total Unusual Items": NaN,
        "Total Unusual Items Excluding Goodwill": NaN,
        "Net Income From Continuing Operation Net Minority Interest": NaN,
        "Reconciled Depreciation": NaN,
        "Reconciled Cost Of Revenue": NaN,
        "EBITDA": NaN,
        "EBIT": NaN,
        "Net Interest Income": NaN,
        "Interest Expense": NaN,
        "Interest Income": NaN,
        "Normalized Income": NaN,
        "Net Income From Continuing And Discontinued Operation": NaN,
        "Total Expenses": NaN,
        "Total Operating Income As Reported": NaN,
        "Diluted Average Shares": NaN,
        "Basic Average Shares": NaN,
        "Diluted EPS": NaN,
        "Basic EPS": NaN,
        "Diluted NI Availto Com Stockholders": NaN,
        "Net Income Common Stockholders": NaN,
        "Net Income": NaN,
        "Minority Interests": NaN,
        "Net Income Including Noncontrolling Interests": NaN,
        "Net Income Continuous Operations": NaN,
        "Earnings From Equity Interest Net Of Tax": NaN,
        "Tax Provision": NaN,
        "Pretax Income": NaN,
        "Other Income Expense": NaN,
        "Other Non Operating Income Expenses": NaN,
        "Special Income Charges": 4941000.0,
        "Gain On Sale Of Ppe": 4941000.0,
        "Gain On Sale Of Security": NaN,
        "Net Non Operating Interest Income Expense": NaN,
        "Interest Expense Non Operating": NaN,
        "Interest Income Non Operating": NaN,
        "Operating Income": NaN,
        "Operating Expense": NaN,
        "Other Operating Expenses": NaN,
        "Selling General And Administration": NaN,
        "General And Administrative Expense": NaN,
        "Other Gand A": NaN,
        "Gross Profit": NaN,
        "Cost Of Revenue": NaN,
        "Total Revenue": NaN,
        "Operating Revenue": NaN
    },
    "2023-09-30": {
        "Tax Effect Of Unusual Items": NaN,
        "Tax Rate For Calcs": NaN,
        "Normalized EBITDA": NaN,
        "Total Unusual Items": NaN,
        "Total Unusual Items Excluding Goodwill": NaN,
        "Net Income From Continuing Operation Net Minority Interest": NaN,
        "Reconciled Depreciation": NaN,
        "Reconciled Cost Of Revenue": NaN,
        "EBITDA": NaN,
        "EBIT": NaN,
        "Net Interest Income": NaN,
        "Interest Expense": NaN,
        "Interest Income": NaN,
        "Normalized Income": NaN,
        "Net Income From Continuing And Discontinued Operation": NaN,
        "Total Expenses": NaN,
        "Total Operating Income As Reported": NaN,
        "Diluted Average Shares": NaN,
        "Basic Average Shares": NaN,
        "Diluted EPS": NaN,
        "Basic EPS": NaN,
        "Diluted NI Availto Com Stockholders": NaN,
        "Net Income Common Stockholders": NaN,
        "Net Income": NaN,
        "Minority Interests": NaN,
        "Net Income Including Noncontrolling Interests": NaN,
        "Net Income Continuous Operations": NaN,
        "Earnings From Equity Interest Net Of Tax": NaN,
        "Tax Provision": NaN,
        "Pretax Income": NaN,
        "Other Income Expense": NaN,
        "Other Non Operating Income Expenses": NaN,
        "Special Income Charges": 0.0,
        "Gain On Sale Of Ppe": 0.0,
        "Gain On Sale Of Security": NaN,
        "Net Non Operating Interest Income Expense": NaN,
        "Interest Expense Non Operating": NaN,
        "Interest Income Non Operating": NaN,
        "Operating Income": NaN,
        "Operating Expense": NaN,
        "Other Operating Expenses": NaN,
        "Selling General And Administration": NaN,
        "General And Administrative Expense": NaN,
        "Other Gand A": NaN,
        "Gross Profit": NaN,
        "Cost Of Revenue": NaN,
        "Total Revenue": NaN,
        "Operating Revenue": NaN
    },
    "2023-12-31": {
        "Tax Effect Of Unusual Items": NaN,
        "Tax Rate For Calcs": NaN,
        "Normalized EBITDA": NaN,
        "Total Unusual Items": NaN,
        "Total Unusual Items Excluding Goodwill": NaN,
        "Net Income From Continuing Operation Net Minority Interest": NaN,
        "Reconciled Depreciation": NaN,
        "Reconciled Cost Of Revenue": NaN,
        "EBITDA": NaN,
        "EBIT": NaN,
        "Net Interest Income": NaN,
        "Interest Expense": NaN,
        "Interest Income": NaN,
        "Normalized Income": NaN,
        "Net Income From Continuing And Discontinued Operation": NaN,
        "Total Expenses": NaN,
        "Total Operating Income As Reported": NaN,
        "Diluted Average Shares": NaN,
        "Basic Average Shares": NaN,
        "Diluted EPS": NaN,
        "Basic EPS": NaN,
        "Diluted NI Availto Com Stockholders": NaN,
        "Net Income Common Stockholders": NaN,
        "Net Income": NaN,
        "Minority Interests": NaN,
        "Net Income Including Noncontrolling Interests": NaN,
        "Net Income Continuous Operations": NaN,
        "Earnings From Equity Interest Net Of Tax": NaN,
        "Tax Provision": NaN,
        "Pretax Income": NaN,
        "Other Income Expense": NaN,
        "Other Non Operating Income Expenses": 0.0,
        "Special Income Charges": -144000.0,
        "Gain On Sale Of Ppe": -144000.0,
        "Gain On Sale Of Security": NaN,
        "Net Non Operating Interest Income Expense": NaN,
        "Interest Expense Non Operating": NaN,
        "Interest Income Non Operating": NaN,
        "Operating Income": NaN,
        "Operating Expense": NaN,
        "Other Operating Expenses": NaN,
        "Selling General And Administration": NaN,
        "General And Administrative Expense": NaN,
        "Other Gand A": NaN,
        "Gross Profit": NaN,
        "Cost Of Revenue": NaN,
        "Total Revenue": NaN,
        "Operating Revenue": NaN
    },
    "2024-03-31": {
        "Tax Effect Of Unusual Items": -73630.641822,
        "Tax Rate For Calcs": 0.055487,
        "Normalized EBITDA": 71359000.0,
        "Total Unusual Items": -1327000.0,
        "Total Unusual Items Excluding Goodwill": -1327000.0,
        "Net Income From Continuing Operation Net Minority Interest": 22573000.0,
        "Reconciled Depreciation": 33440000.0,
        "Reconciled Cost Of Revenue": 89742000.0,
        "EBITDA": 70032000.0,
        "EBIT": 36592000.0,
        "Net Interest Income": -13245000.0,
        "Interest Expense": 14857000.0,
        "Interest Income": 1612000.0,
        "Normalized Income": 23826369.358178,
        "Net Income From Continuing And Discontinued Operation": 22573000.0,
        "Total Expenses": 97848000.0,
        "Total Operating Income As Reported": 36307000.0,
        "Diluted Average Shares": 73757164.0,
        "Basic Average Shares": 73209771.0,
        "Diluted EPS": 0.31,
        "Basic EPS": 0.31,
        "Diluted NI Availto Com Stockholders": 22573000.0,
        "Net Income Common Stockholders": 22573000.0,
        "Net Income": 22573000.0,
        "Minority Interests": -2346000.0,
        "Net Income Including Noncontrolling Interests": 24919000.0,
        "Net Income Continuous Operations": 24919000.0,
        "Earnings From Equity Interest Net Of Tax": 4390000.0,
        "Tax Provision": 1206000.0,
        "Pretax Income": 21735000.0,
        "Other Income Expense": -1327000.0,
        "Other Non Operating Income Expenses": NaN,
        "Special Income Charges": NaN,
        "Gain On Sale Of Ppe": NaN,
        "Gain On Sale Of Security": -1327000.0,
        "Net Non Operating Interest Income Expense": -13245000.0,
        "Interest Expense Non Operating": 14857000.0,
        "Interest Income Non Operating": 1612000.0,
        "Operating Income": 36307000.0,
        "Operating Expense": 8106000.0,
        "Other Operating Expenses": 1626000.0,
        "Selling General And Administration": 6480000.0,
        "General And Administrative Expense": 6480000.0,
        "Other Gand A": 6480000.0,
        "Gross Profit": 44413000.0,
        "Cost Of Revenue": 89742000.0,
        "Total Revenue": 134155000.0,
        "Operating Revenue": 134155000.0
    },
    "2024-06-30": {
        "Tax Effect Of Unusual Items": -122543.360782,
        "Tax Rate For Calcs": 0.049794,
        "Normalized EBITDA": 74421000.0,
        "Total Unusual Items": -2461000.0,
        "Total Unusual Items Excluding Goodwill": -2461000.0,
        "Net Income From Continuing Operation Net Minority Interest": 23240000.0,
        "Reconciled Depreciation": 33350000.0,
        "Reconciled Cost Of Revenue": 93966000.0,
        "EBITDA": 71960000.0,
        "EBIT": 38610000.0,
        "Net Interest Income": -13744000.0,
        "Interest Expense": 15294000.0,
        "Interest Income": 1550000.0,
        "Normalized Income": 25578456.639218,
        "Net Income From Continuing And Discontinued Operation": 23240000.0,
        "Total Expenses": 107155000.0,
        "Total Operating Income As Reported": 39521000.0,
        "Diluted Average Shares": 72883133.0,
        "Basic Average Shares": 72458773.0,
        "Diluted EPS": 0.32,
        "Basic EPS": 0.32,
        "Diluted NI Availto Com Stockholders": 23240000.0,
        "Net Income Common Stockholders": 23240000.0,
        "Net Income": 23240000.0,
        "Minority Interests": -3602000.0,
        "Net Income Including Noncontrolling Interests": 26842000.0,
        "Net Income Continuous Operations": 26842000.0,
        "Earnings From Equity Interest Net Of Tax": 4687000.0,
        "Tax Provision": 1161000.0,
        "Pretax Income": 23316000.0,
        "Other Income Expense": -2461000.0,
        "Other Non Operating Income Expenses": NaN,
        "Special Income Charges": 0.0,
        "Gain On Sale Of Ppe": 0.0,
        "Gain On Sale Of Security": -2461000.0,
        "Net Non Operating Interest Income Expense": -13744000.0,
        "Interest Expense Non Operating": 15294000.0,
        "Interest Income Non Operating": 1550000.0,
        "Operating Income": 39521000.0,
        "Operating Expense": 13189000.0,
        "Other Operating Expenses": 1869000.0,
        "Selling General And Administration": 11320000.0,
        "General And Administrative Expense": 11320000.0,
        "Other Gand A": 11320000.0,
        "Gross Profit": 52710000.0,
        "Cost Of Revenue": 93966000.0,
        "Total Revenue": 146676000.0,
        "Operating Revenue": 146676000.0
    },
    "2024-09-30": {
        "Tax Effect Of Unusual Items": -71202.475192,
        "Tax Rate For Calcs": 0.037574,
        "Normalized EBITDA": 67375000.0,
        "Total Unusual Items": -1895000.0,
        "Total Unusual Items Excluding Goodwill": -1895000.0,
        "Net Income From Continuing Operation Net Minority Interest": 18172000.0,
        "Reconciled Depreciation": 33290000.0,
        "Reconciled Cost Of Revenue": 98406000.0,
        "EBITDA": 65480000.0,
        "EBIT": 32190000.0,
        "Net Interest Income": -12354000.0,
        "Interest Expense": 14252000.0,
        "Interest Income": 1898000.0,
        "Normalized Income": 19995797.524808,
        "Net Income From Continuing And Discontinued Operation": 18172000.0,
        "Total Expenses": 109630000.0,
        "Total Operating Income As Reported": 32187000.0,
        "Diluted Average Shares": 70237014.0,
        "Basic Average Shares": 69539875.0,
        "Diluted EPS": 0.26,
        "Basic EPS": 0.26,
        "Diluted NI Availto Com Stockholders": 18172000.0,
        "Net Income Common Stockholders": 18172000.0,
        "Net Income": 18172000.0,
        "Minority Interests": -1306000.0,
        "Net Income Including Noncontrolling Interests": 19478000.0,
        "Net Income Continuous Operations": 19478000.0,
        "Earnings From Equity Interest Net Of Tax": 2214000.0,
        "Tax Provision": 674000.0,
        "Pretax Income": 17938000.0,
        "Other Income Expense": -1895000.0,
        "Other Non Operating Income Expenses": NaN,
        "Special Income Charges": 0.0,
        "Gain On Sale Of Ppe": 0.0,
        "Gain On Sale Of Security": -1895000.0,
        "Net Non Operating Interest Income Expense": -12354000.0,
        "Interest Expense Non Operating": 14252000.0,
        "Interest Income Non Operating": 1898000.0,
        "Operating Income": 32187000.0,
        "Operating Expense": 11224000.0,
        "Other Operating Expenses": 1845000.0,
        "Selling General And Administration": 9379000.0,
        "General And Administrative Expense": 9379000.0,
        "Other Gand A": 9379000.0,
        "Gross Profit": 43411000.0,
        "Cost Of Revenue": 98406000.0,
        "Total Revenue": 141817000.0,
        "Operating Revenue": 141817000.0
    },
    "2024-12-31": {
        "Tax Effect Of Unusual Items": -326755.953022,
        "Tax Rate For Calcs": 0.071329,
        "Normalized EBITDA": 68169000.0,
        "Total Unusual Items": -4581000.0,
        "Total Unusual Items Excluding Goodwill": -4581000.0,
        "Net Income From Continuing Operation Net Minority Interest": 21586000.0,
        "Reconciled Depreciation": 32645000.0,
        "Reconciled Cost Of Revenue": 97789000.0,
        "EBITDA": 63588000.0,
        "EBIT": 30943000.0,
        "Net Interest Income": -11197000.0,
        "Interest Expense": 12381000.0,
        "Interest Income": 1184000.0,
        "Normalized Income": 25840244.046978,
        "Net Income From Continuing And Discontinued Operation": 21586000.0,
        "Total Expenses": 108862000.0,
        "Total Operating Income As Reported": 35169000.0,
        "Diluted Average Shares": 70170335.0,
        "Basic Average Shares": 69426888.0,
        "Diluted EPS": 0.31,
        "Basic EPS": 0.31,
        "Diluted NI Availto Com Stockholders": 21586000.0,
        "Net Income Common Stockholders": 21586000.0,
        "Net Income": 21586000.0,
        "Minority Interests": -1272000.0,
        "Net Income Including Noncontrolling Interests": 22858000.0,
        "Net Income Continuous Operations": 22858000.0,
        "Earnings From Equity Interest Net Of Tax": 5620000.0,
        "Tax Provision": 1324000.0,
        "Pretax Income": 18562000.0,
        "Other Income Expense": -5410000.0,
        "Other Non Operating Income Expenses": NaN,
        "Special Income Charges": -1456000.0,
        "Gain On Sale Of Ppe": 0.0,
        "Gain On Sale Of Security": -3125000.0,
        "Net Non Operating Interest Income Expense": -11197000.0,
        "Interest Expense Non Operating": 12381000.0,
        "Interest Income Non Operating": 1184000.0,
        "Operating Income": 35169000.0,
        "Operating Expense": 11073000.0,
        "Other Operating Expenses": 1672000.0,
        "Selling General And Administration": 9401000.0,
        "General And Administrative Expense": 9401000.0,
        "Other Gand A": 9401000.0,
        "Gross Profit": 46242000.0,
        "Cost Of Revenue": 97789000.0,
        "Total Revenue": 144031000.0,
        "Operating Revenue": 144031000.0
    },
    "2025-03-31": {
        "Tax Effect Of Unusual Items": -813250.0,
        "Tax Rate For Calcs": 0.25,
        "Normalized EBITDA": 79615000.0,
        "Total Unusual Items": -3253000.0,
        "Total Unusual Items Excluding Goodwill": -3253000.0,
        "Net Income From Continuing Operation Net Minority Interest": 27036000.0,
        "Reconciled Depreciation": 34186000.0,
        "Reconciled Cost Of Revenue": 101861000.0,
        "EBITDA": 76362000.0,
        "EBIT": 42176000.0,
        "Net Interest Income": -11571000.0,
        "Interest Expense": 12692000.0,
        "Interest Income": 1121000.0,
        "Normalized Income": 29475750.0,
        "Net Income From Continuing And Discontinued Operation": 27036000.0,
        "Total Expenses": 107099000.0,
        "Total Operating Income As Reported": 39507000.0,
        "Diluted Average Shares": 70093465.0,
        "Basic Average Shares": 69380259.0,
        "Diluted EPS": 0.39,
        "Basic EPS": 0.39,
        "Diluted NI Availto Com Stockholders": 27036000.0,
        "Net Income Common Stockholders": 27036000.0,
        "Net Income": 27036000.0,
        "Minority Interests": -1687000.0,
        "Net Income Including Noncontrolling Interests": 28723000.0,
        "Net Income Continuous Operations": 28723000.0,
        "Earnings From Equity Interest Net Of Tax": -904000.0,
        "Tax Provision": -143000.0,
        "Pretax Income": 29484000.0,
        "Other Income Expense": -3253000.0,
        "Other Non Operating Income Expenses": NaN,
        "Special Income Charges": NaN,
        "Gain On Sale Of Ppe": NaN,
        "Gain On Sale Of Security": -3253000.0,
        "Net Non Operating Interest Income Expense": -11571000.0,
        "Interest Expense Non Operating": 12692000.0,
        "Interest Income Non Operating": 1121000.0,
        "Operating Income": 44308000.0,
        "Operating Expense": 5238000.0,
        "Other Operating Expenses": -2886000.0,
        "Selling General And Administration": 8124000.0,
        "General And Administrative Expense": 8124000.0,
        "Other Gand A": 8124000.0,
        "Gross Profit": 49546000.0,
        "Cost Of Revenue": 101861000.0,
        "Total Revenue": 151407000.0,
        "Operating Revenue": 151407000.0
    },
    "2025-06-30": {
        "Tax Effect Of Unusual Items": 956468.304279,
        "Tax Rate For Calcs": 0.078975,
        "Normalized EBITDA": 56709000.0,
        "Total Unusual Items": 12111000.0,
        "Total Unusual Items Excluding Goodwill": 12111000.0,
        "Net Income From Continuing Operation Net Minority Interest": 21453000.0,
        "Reconciled Depreciation": 34827000.0,
        "Reconciled Cost Of Revenue": 97413000.0,
        "EBITDA": 68820000.0,
        "EBIT": 33993000.0,
        "Net Interest Income": -13346000.0,
        "Interest Expense": 15063000.0,
        "Interest Income": 1717000.0,
        "Normalized Income": 10298468.304279,
        "Net Income From Continuing And Discontinued Operation": 21453000.0,
        "Total Expenses": 109213000.0,
        "Total Operating Income As Reported": 20422000.0,
        "Diluted Average Shares": 69502347.0,
        "Basic Average Shares": 68808277.0,
        "Diluted EPS": 0.31,
        "Basic EPS": 0.31,
        "Diluted NI Availto Com Stockholders": 21453000.0,
        "Net Income Common Stockholders": 21453000.0,
        "Net Income": 21453000.0,
        "Minority Interests": -787000.0,
        "Net Income Including Noncontrolling Interests": 22240000.0,
        "Net Income Continuous Operations": 22240000.0,
        "Earnings From Equity Interest Net Of Tax": 4805000.0,
        "Tax Provision": 1495000.0,
        "Pretax Income": 18930000.0,
        "Other Income Expense": 11854000.0,
        "Other Non Operating Income Expenses": -257000.0,
        "Special Income Charges": 12617000.0,
        "Gain On Sale Of Ppe": 12617000.0,
        "Gain On Sale Of Security": -506000.0,
        "Net Non Operating Interest Income Expense": -13346000.0,
        "Interest Expense Non Operating": 15063000.0,
        "Interest Income Non Operating": 1717000.0,
        "Operating Income": 20422000.0,
        "Operating Expense": 11800000.0,
        "Other Operating Expenses": 1536000.0,
        "Selling General And Administration": 10264000.0,
        "General And Administrative Expense": 10264000.0,
        "Other Gand A": 10264000.0,
        "Gross Profit": 32222000.0,
        "Cost Of Revenue": 97413000.0,
        "Total Revenue": 129635000.0,
        "Operating Revenue": 129635000.0
    }
}