{
    "2023-03-31": {
        "Tax Effect Of Unusual Items": 0.0,
        "Tax Rate For Calcs": 0.144273,
        "Normalized EBITDA": 39521000.0,
        "Net Income From Continuing Operation Net Minority Interest": 34627000.0,
        "Reconciled Depreciation": 3784000.0,
        "Reconciled Cost Of Revenue": 54927000.0,
        "EBITDA": 39521000.0,
        "EBIT": 35737000.0,
        "Net Interest Income": 4728000.0,
        "Interest Income": 4728000.0,
        "Normalized Income": 34627000.0,
        "Net Income From Continuing And Discontinued Operation": 34627000.0,
        "Total Expenses": 96456000.0,
        "Total Operating Income As Reported": 35737000.0,
        "Diluted Average Shares": 31824000.0,
        "Basic Average Shares": 28678000.0,
        "Diluted EPS": 1.1,
        "Basic EPS": 1.21,
        "Diluted NI Availto Com Stockholders": 34627000.0,
        "Net Income Common Stockholders": 34627000.0,
        "Net Income": 34627000.0,
        "Net Income Including Noncontrolling Interests": 34627000.0,
        "Net Income Continuous Operations": 34627000.0,
        "Tax Provision": 5838000.0,
        "Pretax Income": 40465000.0,
        "Net Non Operating Interest Income Expense": 4728000.0,
        "Total Other Finance Cost": NaN,
        "Interest Income Non Operating": 4728000.0,
        "Operating Income": 35737000.0,
        "Operating Expense": 41529000.0,
        "Research And Development": 22968000.0,
        "Selling General And Administration": 18561000.0,
        "Selling And Marketing Expense": 13522000.0,
        "General And Administrative Expense": 5039000.0,
        "Other Gand A": 5039000.0,
        "Gross Profit": 77266000.0,
        "Cost Of Revenue": 54927000.0,
        "Total Revenue": 132193000.0,
        "Operating Revenue": 132193000.0
    },
    "2022-12-31": {
        "Tax Effect Of Unusual Items": NaN,
        "Tax Rate For Calcs": NaN,
        "Normalized EBITDA": NaN,
        "Net Income From Continuing Operation Net Minority Interest": NaN,
        "Reconciled Depreciation": NaN,
        "Reconciled Cost Of Revenue": NaN,
        "EBITDA": NaN,
        "EBIT": NaN,
        "Net Interest Income": NaN,
        "Interest Income": NaN,
        "Normalized Income": NaN,
        "Net Income From Continuing And Discontinued Operation": NaN,
        "Total Expenses": NaN,
        "Total Operating Income As Reported": NaN,
        "Diluted Average Shares": NaN,
        "Basic Average Shares": NaN,
        "Diluted EPS": NaN,
        "Basic EPS": NaN,
        "Diluted NI Availto Com Stockholders": NaN,
        "Net Income Common Stockholders": NaN,
        "Net Income": NaN,
        "Net Income Including Noncontrolling Interests": NaN,
        "Net Income Continuous Operations": NaN,
        "Tax Provision": NaN,
        "Pretax Income": NaN,
        "Net Non Operating Interest Income Expense": NaN,
        "Total Other Finance Cost": 6508000.0,
        "Interest Income Non Operating": NaN,
        "Operating Income": NaN,
        "Operating Expense": NaN,
        "Research And Development": NaN,
        "Selling General And Administration": NaN,
        "Selling And Marketing Expense": NaN,
        "General And Administrative Expense": NaN,
        "Other Gand A": NaN,
        "Gross Profit": NaN,
        "Cost Of Revenue": NaN,
        "Total Revenue": NaN,
        "Operating Revenue": NaN
    },
    "2022-09-30": {
        "Tax Effect Of Unusual Items": NaN,
        "Tax Rate For Calcs": NaN,
        "Normalized EBITDA": NaN,
        "Net Income From Continuing Operation Net Minority Interest": NaN,
        "Reconciled Depreciation": NaN,
        "Reconciled Cost Of Revenue": NaN,
        "EBITDA": NaN,
        "EBIT": NaN,
        "Net Interest Income": NaN,
        "Interest Expense": 0.0,
        "Interest Income": NaN,
        "Normalized Income": NaN,
        "Net Income From Continuing And Discontinued Operation": NaN,
        "Total Expenses": NaN,
        "Total Operating Income As Reported": NaN,
        "Diluted Average Shares": NaN,
        "Basic Average Shares": NaN,
        "Diluted EPS": NaN,
        "Basic EPS": NaN,
        "Diluted NI Availto Com Stockholders": NaN,
        "Net Income Common Stockholders": NaN,
        "Net Income": NaN,
        "Net Income Including Noncontrolling Interests": NaN,
        "Net Income Continuous Operations": NaN,
        "Tax Provision": NaN,
        "Pretax Income": NaN,
        "Net Non Operating Interest Income Expense": NaN,
        "Total Other Finance Cost": -1535000.0,
        "Interest Expense Non Operating": 0.0,
        "Interest Income Non Operating": NaN,
        "Operating Income": NaN,
        "Operating Expense": NaN,
        "Depreciation Amortization Depletion Income Statement": 1444000.0,
        "Depreciation And Amortization In Income Statement": 1444000.0,
        "Amortization": 1444000.0,
        "Amortization Of Intangibles Income Statement": 1444000.0,
        "Research And Development": NaN,
        "Selling General And Administration": NaN,
        "Selling And Marketing Expense": NaN,
        "General And Administrative Expense": NaN,
        "Other Gand A": NaN,
        "Gross Profit": NaN,
        "Cost Of Revenue": NaN,
        "Total Revenue": NaN,
        "Operating Revenue": NaN
    },
    "2022-06-30": {
        "Tax Effect Of Unusual Items": 0.0,
        "Tax Rate For Calcs": 0.139473,
        "Normalized EBITDA": 40477000.0,
        "Net Income From Continuing Operation Net Minority Interest": 34878000.0,
        "Reconciled Depreciation": 3514000.0,
        "Reconciled Cost Of Revenue": 59239000.0,
        "EBITDA": 40477000.0,
        "EBIT": 36963000.0,
        "Net Interest Income": 3568000.0,
        "Interest Expense": NaN,
        "Interest Income": NaN,
        "Normalized Income": 34878000.0,
        "Net Income From Continuing And Discontinued Operation": 34878000.0,
        "Total Expenses": 104665000.0,
        "Total Operating Income As Reported": 36963000.0,
        "Diluted Average Shares": 31902000.0,
        "Basic Average Shares": 28688000.0,
        "Diluted EPS": 1.09,
        "Basic EPS": 1.22,
        "Diluted NI Availto Com Stockholders": 34878000.0,
        "Net Income Common Stockholders": 34878000.0,
        "Net Income": 34878000.0,
        "Net Income Including Noncontrolling Interests": 34878000.0,
        "Net Income Continuous Operations": 34878000.0,
        "Tax Provision": 5653000.0,
        "Pretax Income": 40531000.0,
        "Net Non Operating Interest Income Expense": 3568000.0,
        "Total Other Finance Cost": -3568000.0,
        "Interest Expense Non Operating": NaN,
        "Interest Income Non Operating": NaN,
        "Operating Income": 36963000.0,
        "Operating Expense": 43425000.0,
        "Depreciation Amortization Depletion Income Statement": 1513000.0,
        "Depreciation And Amortization In Income Statement": 1513000.0,
        "Amortization": 1513000.0,
        "Amortization Of Intangibles Income Statement": 1513000.0,
        "Research And Development": 22115000.0,
        "Selling General And Administration": 19797000.0,
        "Selling And Marketing Expense": 12342000.0,
        "General And Administrative Expense": 7455000.0,
        "Other Gand A": 7455000.0,
        "Gross Profit": 80388000.0,
        "Cost Of Revenue": 61240000.0,
        "Total Revenue": 141628000.0,
        "Operating Revenue": 141628000.0
    },
    "2023-06-30": {
        "Tax Effect Of Unusual Items": 0.0,
        "Tax Rate For Calcs": 0.12864,
        "Normalized EBITDA": 32667000.0,
        "Net Income From Continuing Operation Net Minority Interest": 29926000.0,
        "Reconciled Depreciation": 3951000.0,
        "Reconciled Cost Of Revenue": 53044000.0,
        "EBITDA": 32667000.0,
        "EBIT": 28716000.0,
        "Net Interest Income": 5628000.0,
        "Interest Income": 5628000.0,
        "Normalized Income": 29926000.0,
        "Net Income From Continuing And Discontinued Operation": 29926000.0,
        "Total Expenses": 93986000.0,
        "Total Operating Income As Reported": 28716000.0,
        "Diluted Average Shares": 31928000.0,
        "Basic Average Shares": 28766000.0,
        "Diluted EPS": 0.95,
        "Basic EPS": 1.04,
        "Diluted NI Availto Com Stockholders": 29926000.0,
        "Net Income Common Stockholders": 29926000.0,
        "Net Income": 29926000.0,
        "Net Income Including Noncontrolling Interests": 29926000.0,
        "Net Income Continuous Operations": 29926000.0,
        "Tax Provision": 4418000.0,
        "Pretax Income": 34344000.0,
        "Net Non Operating Interest Income Expense": 5628000.0,
        "Interest Income Non Operating": 5628000.0,
        "Operating Income": 28716000.0,
        "Operating Expense": 40942000.0,
        "Research And Development": 22413000.0,
        "Selling General And Administration": 18529000.0,
        "Selling And Marketing Expense": 12927000.0,
        "General And Administrative Expense": 5602000.0,
        "Other Gand A": 5602000.0,
        "Gross Profit": 69658000.0,
        "Cost Of Revenue": 53044000.0,
        "Total Revenue": 122702000.0,
        "Operating Revenue": 122702000.0
    },
    "2022-03-31": {
        "Diluted EPS": 1.07,
        "Total Revenue": 134,
        "Gross Profit": 75,
        "Operating Income": 37,
        "EBIT": 42,
        "Net Income": 34
    },
    "2021-12-31": {
        "Diluted EPS": 0.73,
        "Total Revenue": 122,
        "Gross Profit": 66,
        "Operating Income": 30,
        "EBIT": 33,
        "Net Income": 22
    },
    "2021-09-30": {
        "Diluted EPS": 1.02,
        "Total Revenue": 113,
        "Gross Profit": 65,
        "Operating Income": 36,
        "EBIT": 41,
        "Net Income": 30
    },
    "2021-06-30": {
        "Diluted EPS": 0.77,
        "Total Revenue": 98,
        "Gross Profit": 56,
        "Operating Income": 27,
        "EBIT": 31,
        "Net Income": 23
    },
    "2021-03-31": {
        "Diluted EPS": 0.6,
        "Total Revenue": 84,
        "Gross Profit": 48,
        "Operating Income": 20,
        "EBIT": 23,
        "Net Income": 18
    },
    "2020-12-31": {
        "Diluted EPS": 0.46,
        "Total Revenue": 76,
        "Gross Profit": 42,
        "Operating Income": 17,
        "EBIT": 20,
        "Net Income": 14
    },
    "2020-09-30": {
        "Diluted EPS": 0.48,
        "Total Revenue": 69,
        "Gross Profit": 40,
        "Operating Income": 16,
        "EBIT": 18,
        "Net Income": 14
    },
    "2020-06-30": {
        "Diluted EPS": 0.3,
        "Total Revenue": 63,
        "Gross Profit": 37,
        "Operating Income": 10,
        "EBIT": 12,
        "Net Income": 9
    },
    "2020-03-31": {
        "Diluted EPS": 0.41,
        "Total Revenue": 61,
        "Gross Profit": 34,
        "Operating Income": 13,
        "EBIT": 15,
        "Net Income": 12
    },
    "2019-12-31": {
        "Diluted EPS": 0.43,
        "Total Revenue": 65,
        "Gross Profit": 35,
        "Operating Income": 14,
        "EBIT": 13,
        "Net Income": 12
    },
    "2019-09-30": {
        "Diluted EPS": 0.3,
        "Total Revenue": 53,
        "Gross Profit": 27,
        "Operating Income": 6,
        "EBIT": 10,
        "Net Income": 9
    },
    "2019-06-30": {
        "Diluted EPS": 0.23,
        "Total Revenue": 51,
        "Gross Profit": 28,
        "Operating Income": 7,
        "EBIT": 10,
        "Net Income": 6
    },
    "2019-03-31": {
        "Diluted EPS": 0.27,
        "Total Revenue": 57,
        "Gross Profit": 32,
        "Operating Income": 9,
        "EBIT": 11,
        "Net Income": 8
    },
    "2018-12-31": {
        "Diluted EPS": 0.53,
        "Total Revenue": 63,
        "Gross Profit": 36,
        "Operating Income": 15,
        "EBIT": 14,
        "Net Income": 15
    },
    "2018-09-30": {
        "Diluted EPS": 0.46,
        "Total Revenue": 64,
        "Gross Profit": 37,
        "Operating Income": 16,
        "EBIT": 19,
        "Net Income": 13
    },
    "2018-06-30": {
        "Diluted EPS": 0.41,
        "Total Revenue": 62,
        "Gross Profit": 36,
        "Operating Income": 14,
        "EBIT": 17,
        "Net Income": 12
    },
    "2018-03-31": {
        "Diluted EPS": 0.49,
        "Total Revenue": 63,
        "Gross Profit": 36,
        "Operating Income": 16,
        "EBIT": 18,
        "Net Income": 14
    },
    "2017-12-31": {
        "Diluted EPS": 0.28,
        "Total Revenue": 57,
        "Gross Profit": 32,
        "Operating Income": 12,
        "EBIT": 12,
        "Net Income": 8
    },
    "2017-09-30": {
        "Diluted EPS": 0.4,
        "Total Revenue": 54,
        "Gross Profit": 33,
        "Operating Income": 15,
        "EBIT": 17,
        "Net Income": 12
    },
    "2017-06-30": {
        "Diluted EPS": 0.47,
        "Total Revenue": 56,
        "Gross Profit": 33,
        "Operating Income": 16,
        "EBIT": 18,
        "Net Income": 13
    },
    "2017-03-31": {
        "Diluted EPS": 0.48,
        "Total Revenue": 54,
        "Gross Profit": 33,
        "Operating Income": 15,
        "EBIT": 17,
        "Net Income": 13
    },
    "2016-12-31": {
        "Diluted EPS": 0.31,
        "Total Revenue": 50,
        "Gross Profit": 28,
        "Operating Income": 11,
        "EBIT": 10,
        "Net Income": 8
    },
    "2016-09-30": {
        "Diluted EPS": -0.18,
        "Total Revenue": 44,
        "Gross Profit": 10,
        "Operating Income": -7,
        "EBIT": -4,
        "Net Income": -5
    },
    "2016-06-30": {
        "Diluted EPS": 0.11,
        "Total Revenue": 36,
        "Gross Profit": 19,
        "Operating Income": 4,
        "EBIT": 6,
        "Net Income": 3
    },
    "2016-03-31": {
        "Diluted EPS": 0.11,
        "Total Revenue": 34,
        "Gross Profit": 19,
        "Operating Income": 3,
        "EBIT": 5,
        "Net Income": 3
    },
    "2015-12-31": {
        "Diluted EPS": 0.19,
        "Total Revenue": 40,
        "Gross Profit": 21,
        "Operating Income": 4,
        "EBIT": 4,
        "Net Income": 5
    },
    "2015-09-30": {
        "Diluted EPS": 0.2,
        "Total Revenue": 40,
        "Gross Profit": 23,
        "Operating Income": 5,
        "EBIT": 8,
        "Net Income": 5
    },
    "2015-06-30": {
        "Diluted EPS": 0.08,
        "Total Revenue": 41,
        "Gross Profit": 19,
        "Operating Income": 0,
        "EBIT": 5,
        "Net Income": 2
    },
    "2015-03-31": {
        "Diluted EPS": 0.11,
        "Total Revenue": 27,
        "Gross Profit": 14,
        "Operating Income": 2,
        "EBIT": 4,
        "Net Income": 3
    },
    "2014-12-31": {
        "Diluted EPS": 0.12,
        "Total Revenue": 26,
        "Gross Profit": 13,
        "Operating Income": 2,
        "EBIT": 3,
        "Net Income": 3
    },
    "2014-09-30": {
        "Diluted EPS": 0.12,
        "Total Revenue": 27,
        "Gross Profit": 15,
        "Operating Income": 3,
        "EBIT": 4,
        "Net Income": 3
    },
    "2014-06-30": {
        "Diluted EPS": 0.2,
        "Total Revenue": 33,
        "Gross Profit": 18,
        "Operating Income": 6,
        "EBIT": 6,
        "Net Income": 6
    },
    "2014-03-31": {
        "Diluted EPS": 0.23,
        "Total Revenue": 35,
        "Gross Profit": 18,
        "Operating Income": 6,
        "EBIT": 8,
        "Net Income": 6
    },
    "2013-12-31": {
        "Diluted EPS": 0.11,
        "Total Revenue": 30,
        "Gross Profit": 16,
        "Operating Income": 4,
        "EBIT": 5,
        "Net Income": 3
    },
    "2013-09-30": {
        "Diluted EPS": 0.08,
        "Total Revenue": 26,
        "Gross Profit": 13,
        "Operating Income": 2,
        "EBIT": 3,
        "Net Income": 2
    },
    "2013-06-30": {
        "Diluted EPS": 0.1,
        "Total Revenue": 28,
        "Gross Profit": 15,
        "Operating Income": 3,
        "EBIT": 4,
        "Net Income": 3
    },
    "2013-03-31": {
        "Diluted EPS": 0.09,
        "Total Revenue": 27,
        "Gross Profit": 15,
        "Operating Income": 3,
        "EBIT": 4,
        "Net Income": 2
    },
    "2012-12-31": {
        "Diluted EPS": 0.09,
        "Total Revenue": 22,
        "Gross Profit": 11,
        "Operating Income": 0,
        "EBIT": 1,
        "Net Income": 2
    },
    "2012-09-30": {
        "Diluted EPS": 0.11,
        "Total Revenue": 24,
        "Gross Profit": 13,
        "Operating Income": 3,
        "EBIT": 4,
        "Net Income": 3
    },
    "2012-06-30": {
        "Diluted EPS": 0.14,
        "Total Revenue": 27,
        "Gross Profit": 15,
        "Operating Income": 5,
        "EBIT": 6,
        "Net Income": 4
    },
    "2012-03-31": {
        "Diluted EPS": 0.1,
        "Total Revenue": 23,
        "Gross Profit": 13,
        "Operating Income": 3,
        "EBIT": 4,
        "Net Income": 3
    },
    "2011-12-31": {
        "Diluted EPS": 0.18,
        "Total Revenue": 19,
        "Gross Profit": 11,
        "Operating Income": 2,
        "EBIT": 3,
        "Net Income": 5
    },
    "2011-09-30": {
        "Diluted EPS": 0.22,
        "Total Revenue": 26,
        "Gross Profit": 14,
        "Operating Income": 6,
        "EBIT": 7,
        "Net Income": 6
    },
    "2011-06-30": {
        "Diluted EPS": 0.34,
        "Total Revenue": 30,
        "Gross Profit": 17,
        "Operating Income": 9,
        "EBIT": 10,
        "Net Income": 9
    },
    "2011-03-31": {
        "Diluted EPS": 0.3,
        "Total Revenue": 28,
        "Gross Profit": 16,
        "Operating Income": 8,
        "EBIT": 8,
        "Net Income": 8
    },
    "2010-12-31": {
        "Diluted EPS": 0.28,
        "Total Revenue": 27,
        "Gross Profit": 15,
        "Operating Income": 7,
        "EBIT": 8,
        "Net Income": 7
    },
    "2010-09-30": {
        "Diluted EPS": 0.27,
        "Total Revenue": 24,
        "Gross Profit": 13,
        "Operating Income": 7,
        "EBIT": 8,
        "Net Income": 7
    },
    "2010-06-30": {
        "Diluted EPS": 0.18,
        "Total Revenue": 19,
        "Gross Profit": 10,
        "Operating Income": 5,
        "EBIT": 5,
        "Net Income": 5
    },
    "2010-03-31": {
        "Diluted EPS": 0.11,
        "Total Revenue": 16,
        "Gross Profit": 8,
        "Operating Income": 3,
        "EBIT": 3,
        "Net Income": 3
    },
    "2009-12-31": {
        "Diluted EPS": 0.13,
        "Total Revenue": 15,
        "Gross Profit": 7,
        "Operating Income": 3,
        "EBIT": 3,
        "Net Income": 3
    },
    "2009-09-30": {
        "Diluted EPS": 0.08,
        "Total Revenue": 11,
        "Gross Profit": 6,
        "Operating Income": 2,
        "EBIT": 2,
        "Net Income": 2
    },
    "2009-06-30": {
        "Diluted EPS": -0.01,
        "Total Revenue": 7,
        "Gross Profit": 3,
        "Operating Income": 0,
        "EBIT": 0,
        "Net Income": 0
    },
    "2009-03-31": {
        "Diluted EPS": -0.09,
        "Total Revenue": 6,
        "Gross Profit": 2,
        "Operating Income": -2,
        "EBIT": -1,
        "Net Income": -2
    },
    "2023-09-30": {
        "Tax Effect Of Unusual Items": NaN,
        "Tax Rate For Calcs": NaN,
        "Normalized EBITDA": NaN,
        "Net Income From Continuing Operation Net Minority Interest": NaN,
        "Reconciled Depreciation": NaN,
        "Reconciled Cost Of Revenue": NaN,
        "EBITDA": NaN,
        "EBIT": NaN,
        "Net Interest Income": NaN,
        "Interest Income": NaN,
        "Normalized Income": NaN,
        "Net Income From Continuing And Discontinued Operation": NaN,
        "Total Expenses": NaN,
        "Total Operating Income As Reported": NaN,
        "Diluted Average Shares": 31983000.0,
        "Basic Average Shares": 28870000.0,
        "Diluted EPS": 1.06,
        "Basic EPS": 1.17,
        "Diluted NI Availto Com Stockholders": NaN,
        "Net Income Common Stockholders": NaN,
        "Net Income": NaN,
        "Net Income Including Noncontrolling Interests": NaN,
        "Net Income Continuous Operations": NaN,
        "Tax Provision": NaN,
        "Pretax Income": NaN,
        "Net Non Operating Interest Income Expense": NaN,
        "Interest Income Non Operating": NaN,
        "Operating Income": NaN,
        "Operating Expense": NaN,
        "Research And Development": NaN,
        "Selling General And Administration": NaN,
        "Selling And Marketing Expense": NaN,
        "General And Administrative Expense": NaN,
        "Other Gand A": NaN,
        "Gross Profit": NaN,
        "Cost Of Revenue": NaN,
        "Total Revenue": NaN,
        "Operating Revenue": NaN
    },
    "2023-12-31": {
        "Tax Effect Of Unusual Items": 0.0,
        "Tax Rate For Calcs": 0.070265,
        "Normalized EBITDA": 61599000.0,
        "Net Income From Continuing Operation Net Minority Interest": 38068000.0,
        "Reconciled Depreciation": 4217000.0,
        "Reconciled Cost Of Revenue": 60207000.0,
        "EBITDA": 61599000.0,
        "EBIT": 57382000.0,
        "Net Interest Income": 5980000.0,
        "Interest Income": 7490000.0,
        "Normalized Income": 38068000.0,
        "Net Income From Continuing And Discontinued Operation": 38068000.0,
        "Total Expenses": 100557000.0,
        "Total Operating Income As Reported": 33662000.0,
        "Diluted Average Shares": 32023000.0,
        "Basic Average Shares": 28975000.0,
        "Diluted EPS": 1.2,
        "Basic EPS": 1.31,
        "Diluted NI Availto Com Stockholders": 39198000.0,
        "Net Income Common Stockholders": 38068000.0,
        "Net Income": 38068000.0,
        "Net Income Including Noncontrolling Interests": 38068000.0,
        "Net Income Continuous Operations": 38068000.0,
        "Tax Provision": 2877000.0,
        "Pretax Income": 40945000.0,
        "Net Non Operating Interest Income Expense": 5980000.0,
        "Interest Income Non Operating": 7490000.0,
        "Operating Income": 33662000.0,
        "Operating Expense": 40350000.0,
        "Research And Development": 21290000.0,
        "Selling General And Administration": 19060000.0,
        "Selling And Marketing Expense": 13580000.0,
        "General And Administrative Expense": 5480000.0,
        "Other Gand A": 5480000.0,
        "Gross Profit": 74012000.0,
        "Cost Of Revenue": 60207000.0,
        "Total Revenue": 134219000.0,
        "Operating Revenue": 134219000.0
    },
    "2024-03-31": {
        "Tax Effect Of Unusual Items": 0.0,
        "Tax Rate For Calcs": 0.147154,
        "Normalized EBITDA": 41591000.0,
        "Net Income From Continuing Operation Net Minority Interest": 36860000.0,
        "Reconciled Depreciation": 4371000.0,
        "Reconciled Cost Of Revenue": 58537000.0,
        "EBITDA": 41591000.0,
        "EBIT": 37220000.0,
        "Net Interest Income": 6000000.0,
        "Interest Income": 6000000.0,
        "Normalized Income": 36860000.0,
        "Net Income From Continuing And Discontinued Operation": 36860000.0,
        "Total Expenses": 104578000.0,
        "Total Operating Income As Reported": 37220000.0,
        "Diluted Average Shares": 32159000.0,
        "Basic Average Shares": 29030000.0,
        "Diluted EPS": 1.15,
        "Basic EPS": 1.27,
        "Diluted NI Availto Com Stockholders": 36860000.0,
        "Net Income Common Stockholders": 36860000.0,
        "Net Income": 36860000.0,
        "Net Income Including Noncontrolling Interests": 36860000.0,
        "Net Income Continuous Operations": 36860000.0,
        "Tax Provision": 6360000.0,
        "Pretax Income": 43220000.0,
        "Net Non Operating Interest Income Expense": 6000000.0,
        "Interest Income Non Operating": 6000000.0,
        "Operating Income": 37220000.0,
        "Operating Expense": 46041000.0,
        "Research And Development": 24752000.0,
        "Selling General And Administration": 21289000.0,
        "Selling And Marketing Expense": 16493000.0,
        "General And Administrative Expense": 4796000.0,
        "Other Gand A": 4796000.0,
        "Gross Profit": 83261000.0,
        "Cost Of Revenue": 58537000.0,
        "Total Revenue": 141798000.0,
        "Operating Revenue": 141798000.0
    },
    "2024-06-30": {
        "Tax Effect Of Unusual Items": 0.0,
        "Tax Rate For Calcs": 0.157468,
        "Normalized EBITDA": 49977000.0,
        "Net Income From Continuing Operation Net Minority Interest": 45142000.0,
        "Reconciled Depreciation": 4359000.0,
        "Reconciled Cost Of Revenue": 64297000.0,
        "EBITDA": 49977000.0,
        "EBIT": 45618000.0,
        "Net Interest Income": 7961000.0,
        "Interest Income": 7961000.0,
        "Normalized Income": 45142000.0,
        "Net Income From Continuing And Discontinued Operation": 45142000.0,
        "Total Expenses": 111240000.0,
        "Total Operating Income As Reported": 45618000.0,
        "Diluted Average Shares": 32239000.0,
        "Basic Average Shares": 29048000.0,
        "Diluted EPS": 1.41,
        "Basic EPS": 1.55,
        "Diluted NI Availto Com Stockholders": 45142000.0,
        "Net Income Common Stockholders": 45142000.0,
        "Net Income": 45142000.0,
        "Net Income Including Noncontrolling Interests": 45142000.0,
        "Net Income Continuous Operations": 45142000.0,
        "Tax Provision": 8437000.0,
        "Pretax Income": 53579000.0,
        "Net Non Operating Interest Income Expense": 7961000.0,
        "Interest Income Non Operating": 7961000.0,
        "Operating Income": 45618000.0,
        "Operating Expense": 46943000.0,
        "Research And Development": 25513000.0,
        "Selling General And Administration": 21430000.0,
        "Selling And Marketing Expense": 16023000.0,
        "General And Administrative Expense": 5407000.0,
        "Other Gand A": 5407000.0,
        "Gross Profit": 92561000.0,
        "Cost Of Revenue": 64297000.0,
        "Total Revenue": 156858000.0,
        "Operating Revenue": 156858000.0
    },
    "2024-09-30": {
        "Tax Effect Of Unusual Items": 0.0,
        "Tax Rate For Calcs": 0.149052,
        "Normalized EBITDA": 53584000.0,
        "Net Income From Continuing Operation Net Minority Interest": 51279000.0,
        "Reconciled Depreciation": 4353000.0,
        "Reconciled Cost Of Revenue": 77641000.0,
        "EBITDA": 53584000.0,
        "EBIT": 49231000.0,
        "Net Interest Income": 11030000.0,
        "Interest Income": 11030000.0,
        "Normalized Income": 51279000.0,
        "Net Income From Continuing And Discontinued Operation": 51279000.0,
        "Total Expenses": 129743000.0,
        "Total Operating Income As Reported": 49231000.0,
        "Diluted Average Shares": 32238000.0,
        "Basic Average Shares": 29099000.0,
        "Diluted EPS": 1.6,
        "Basic EPS": 1.76,
        "Diluted NI Availto Com Stockholders": 51279000.0,
        "Net Income Common Stockholders": 51279000.0,
        "Net Income": 51279000.0,
        "Net Income Including Noncontrolling Interests": 51279000.0,
        "Net Income Continuous Operations": 51279000.0,
        "Tax Provision": 8982000.0,
        "Pretax Income": 60261000.0,
        "Net Non Operating Interest Income Expense": 11030000.0,
        "Interest Income Non Operating": 11030000.0,
        "Operating Income": 49231000.0,
        "Operating Expense": 52102000.0,
        "Research And Development": 29083000.0,
        "Selling General And Administration": 23019000.0,
        "Selling And Marketing Expense": 16594000.0,
        "General And Administrative Expense": 6425000.0,
        "Other Gand A": 6425000.0,
        "Gross Profit": 101333000.0,
        "Cost Of Revenue": 77641000.0,
        "Total Revenue": 178974000.0,
        "Operating Revenue": 178974000.0
    },
    "2024-12-31": {
        "Tax Effect Of Unusual Items": 0.0,
        "Tax Rate For Calcs": 0.147669,
        "Normalized EBITDA": 59767000.0,
        "Net Income From Continuing Operation Net Minority Interest": 50481000.0,
        "Reconciled Depreciation": 4296000.0,
        "Reconciled Cost Of Revenue": 84835000.0,
        "EBITDA": 59767000.0,
        "EBIT": 55471000.0,
        "Net Interest Income": 7942000.0,
        "Interest Income": 9556000.0,
        "Normalized Income": 50481000.0,
        "Net Income From Continuing And Discontinued Operation": 50481000.0,
        "Total Expenses": 139295000.0,
        "Total Operating Income As Reported": 55471000.0,
        "Diluted Average Shares": 32062000.0,
        "Basic Average Shares": 29304000.0,
        "Diluted EPS": 1.58,
        "Basic EPS": 1.72,
        "Diluted NI Availto Com Stockholders": 51590000.0,
        "Net Income Common Stockholders": 50481000.0,
        "Net Income": 50481000.0,
        "Net Income Including Noncontrolling Interests": 50481000.0,
        "Net Income Continuous Operations": 50481000.0,
        "Tax Provision": 8746000.0,
        "Pretax Income": 59227000.0,
        "Net Non Operating Interest Income Expense": 7942000.0,
        "Interest Income Non Operating": 9556000.0,
        "Operating Income": 55471000.0,
        "Operating Expense": 54460000.0,
        "Research And Development": 30909000.0,
        "Selling General And Administration": 23551000.0,
        "Selling And Marketing Expense": 15980000.0,
        "General And Administrative Expense": 7571000.0,
        "Other Gand A": 7571000.0,
        "Gross Profit": 109931000.0,
        "Cost Of Revenue": 84835000.0,
        "Total Revenue": 194766000.0,
        "Operating Revenue": 194766000.0
    },
    "2025-03-31": {
        "Tax Effect Of Unusual Items": 0.0,
        "Tax Rate For Calcs": 0.148958,
        "Normalized EBITDA": 68134000.0,
        "Net Income From Continuing Operation Net Minority Interest": 64823000.0,
        "Reconciled Depreciation": 4902000.0,
        "Reconciled Cost Of Revenue": 91053000.0,
        "EBITDA": 68134000.0,
        "EBIT": 63232000.0,
        "Net Interest Income": 12937000.0,
        "Interest Income": 12937000.0,
        "Normalized Income": 64823000.0,
        "Net Income From Continuing And Discontinued Operation": 64823000.0,
        "Total Expenses": 150124000.0,
        "Total Operating Income As Reported": 63232000.0,
        "Diluted Average Shares": 32062000.0,
        "Basic Average Shares": 29262000.0,
        "Diluted EPS": 2.03,
        "Basic EPS": 2.22,
        "Diluted NI Availto Com Stockholders": 64823000.0,
        "Net Income Common Stockholders": 64823000.0,
        "Net Income": 64823000.0,
        "Net Income Including Noncontrolling Interests": 64823000.0,
        "Net Income Continuous Operations": 64823000.0,
        "Tax Provision": 11346000.0,
        "Pretax Income": 76169000.0,
        "Net Non Operating Interest Income Expense": 12937000.0,
        "Interest Income Non Operating": 12937000.0,
        "Operating Income": 63232000.0,
        "Operating Expense": 59071000.0,
        "Research And Development": 33234000.0,
        "Selling General And Administration": 25837000.0,
        "Selling And Marketing Expense": 19788000.0,
        "General And Administrative Expense": 6049000.0,
        "Other Gand A": 6049000.0,
        "Gross Profit": 122303000.0,
        "Cost Of Revenue": 91053000.0,
        "Total Revenue": 213356000.0,
        "Operating Revenue": 213356000.0
    },
    "2025-06-30": {
        "Tax Effect Of Unusual Items": 0.0,
        "Tax Rate For Calcs": 0.155024,
        "Normalized EBITDA": 71113000.0,
        "Net Income From Continuing Operation Net Minority Interest": 68291000.0,
        "Reconciled Depreciation": 5470000.0,
        "Reconciled Cost Of Revenue": 92743000.0,
        "EBITDA": 71113000.0,
        "EBIT": 65643000.0,
        "Net Interest Income": 15177000.0,
        "Interest Income": 15177000.0,
        "Normalized Income": 68291000.0,
        "Net Income From Continuing And Discontinued Operation": 68291000.0,
        "Total Expenses": 154346000.0,
        "Total Operating Income As Reported": 65643000.0,
        "Diluted Average Shares": 32053000.0,
        "Basic Average Shares": 29422000.0,
        "Diluted EPS": 2.14,
        "Basic EPS": 2.32,
        "Diluted NI Availto Com Stockholders": 68791000.0,
        "Net Income Common Stockholders": 68291000.0,
        "Net Income": 68291000.0,
        "Net Income Including Noncontrolling Interests": 68291000.0,
        "Net Income Continuous Operations": 68291000.0,
        "Tax Provision": 12529000.0,
        "Pretax Income": 80820000.0,
        "Net Non Operating Interest Income Expense": 15177000.0,
        "Interest Income Non Operating": 15177000.0,
        "Operating Income": 65643000.0,
        "Operating Expense": 61603000.0,
        "Research And Development": 35446000.0,
        "Selling General And Administration": 26157000.0,
        "Selling And Marketing Expense": 19861000.0,
        "General And Administrative Expense": 6296000.0,
        "Other Gand A": 6296000.0,
        "Gross Profit": 127246000.0,
        "Cost Of Revenue": 92743000.0,
        "Total Revenue": 219989000.0,
        "Operating Revenue": 219989000.0
    }
}