{
    "2023-03-31": {
        "Tax Effect Of Unusual Items": NaN,
        "Tax Rate For Calcs": NaN,
        "Normalized EBITDA": NaN,
        "Total Unusual Items": NaN,
        "Total Unusual Items Excluding Goodwill": NaN,
        "Net Income From Continuing Operation Net Minority Interest": NaN,
        "Reconciled Depreciation": NaN,
        "Reconciled Cost Of Revenue": NaN,
        "EBITDA": NaN,
        "EBIT": NaN,
        "Net Interest Income": NaN,
        "Interest Expense": NaN,
        "Interest Income": NaN,
        "Normalized Income": NaN,
        "Net Income From Continuing And Discontinued Operation": NaN,
        "Total Expenses": NaN,
        "Total Operating Income As Reported": NaN,
        "Diluted Average Shares": NaN,
        "Basic Average Shares": NaN,
        "Diluted EPS": NaN,
        "Basic EPS": NaN,
        "Diluted NI Availto Com Stockholders": NaN,
        "Net Income Common Stockholders": NaN,
        "Net Income": NaN,
        "Minority Interests": NaN,
        "Net Income Including Noncontrolling Interests": NaN,
        "Net Income Discontinuous Operations": NaN,
        "Net Income Continuous Operations": NaN,
        "Earnings From Equity Interest Net Of Tax": NaN,
        "Tax Provision": NaN,
        "Pretax Income": NaN,
        "Other Income Expense": NaN,
        "Other Non Operating Income Expenses": NaN,
        "Special Income Charges": NaN,
        "Gain On Sale Of Ppe": 230000.0,
        "Gain On Sale Of Business": NaN,
        "Other Special Charges": NaN,
        "Write Off": NaN,
        "Impairment Of Capital Assets": NaN,
        "Restructuring And Mergern Acquisition": NaN,
        "Net Non Operating Interest Income Expense": NaN,
        "Total Other Finance Cost": NaN,
        "Interest Expense Non Operating": NaN,
        "Interest Income Non Operating": NaN,
        "Operating Income": NaN,
        "Operating Expense": NaN,
        "Research And Development": NaN,
        "Selling General And Administration": NaN,
        "General And Administrative Expense": NaN,
        "Other Gand A": NaN,
        "Salaries And Wages": NaN,
        "Gross Profit": NaN,
        "Cost Of Revenue": NaN,
        "Total Revenue": NaN,
        "Operating Revenue": NaN
    },
    "2022-12-31": {
        "Tax Effect Of Unusual Items": NaN,
        "Tax Rate For Calcs": NaN,
        "Normalized EBITDA": NaN,
        "Total Unusual Items": NaN,
        "Total Unusual Items Excluding Goodwill": NaN,
        "Net Income From Continuing Operation Net Minority Interest": NaN,
        "Reconciled Depreciation": NaN,
        "Reconciled Cost Of Revenue": NaN,
        "EBITDA": NaN,
        "EBIT": NaN,
        "Net Interest Income": NaN,
        "Interest Expense": NaN,
        "Interest Income": NaN,
        "Normalized Income": NaN,
        "Net Income From Continuing And Discontinued Operation": NaN,
        "Total Expenses": NaN,
        "Total Operating Income As Reported": NaN,
        "Diluted Average Shares": 79564000.0,
        "Basic Average Shares": 79564000.0,
        "Diluted EPS": -0.46,
        "Basic EPS": -0.46,
        "Diluted NI Availto Com Stockholders": NaN,
        "Net Income Common Stockholders": NaN,
        "Net Income": NaN,
        "Minority Interests": NaN,
        "Net Income Including Noncontrolling Interests": NaN,
        "Net Income Discontinuous Operations": NaN,
        "Net Income Continuous Operations": NaN,
        "Earnings From Equity Interest Net Of Tax": NaN,
        "Tax Provision": NaN,
        "Pretax Income": NaN,
        "Other Income Expense": NaN,
        "Other Non Operating Income Expenses": NaN,
        "Special Income Charges": NaN,
        "Gain On Sale Of Ppe": NaN,
        "Other Special Charges": NaN,
        "Write Off": 282000.0,
        "Impairment Of Capital Assets": NaN,
        "Restructuring And Mergern Acquisition": NaN,
        "Net Non Operating Interest Income Expense": NaN,
        "Total Other Finance Cost": NaN,
        "Interest Expense Non Operating": NaN,
        "Interest Income Non Operating": NaN,
        "Operating Income": NaN,
        "Operating Expense": NaN,
        "Research And Development": NaN,
        "Selling General And Administration": NaN,
        "General And Administrative Expense": NaN,
        "Other Gand A": NaN,
        "Salaries And Wages": NaN,
        "Gross Profit": NaN,
        "Cost Of Revenue": NaN,
        "Total Revenue": NaN,
        "Operating Revenue": NaN
    },
    "2022-09-30": {
        "Tax Effect Of Unusual Items": -662000.0,
        "Tax Rate For Calcs": 0.4,
        "Normalized EBITDA": 72767000.0,
        "Total Unusual Items": -1655000.0,
        "Total Unusual Items Excluding Goodwill": -1655000.0,
        "Net Income From Continuing Operation Net Minority Interest": 625000.0,
        "Reconciled Depreciation": 40430000.0,
        "Reconciled Cost Of Revenue": 392803000.0,
        "EBITDA": 71112000.0,
        "EBIT": 30682000.0,
        "Net Interest Income": -18799000.0,
        "Interest Expense": 19751000.0,
        "Interest Income": 952000.0,
        "Normalized Income": 1618000.0,
        "Net Income From Continuing And Discontinued Operation": 2079000.0,
        "Total Expenses": 457142000.0,
        "Total Operating Income As Reported": 30123000.0,
        "Diluted Average Shares": 79567000.0,
        "Basic Average Shares": 79531000.0,
        "Diluted EPS": 0.03,
        "Basic EPS": 0.03,
        "Diluted NI Availto Com Stockholders": 2079000.0,
        "Net Income Common Stockholders": 2079000.0,
        "Net Income": 2079000.0,
        "Minority Interests": -802000.0,
        "Net Income Including Noncontrolling Interests": 2881000.0,
        "Net Income Discontinuous Operations": 1454000.0,
        "Net Income Continuous Operations": 1427000.0,
        "Earnings From Equity Interest Net Of Tax": -128000.0,
        "Tax Provision": 9376000.0,
        "Pretax Income": 10931000.0,
        "Other Income Expense": -42000.0,
        "Other Non Operating Income Expenses": 1613000.0,
        "Special Income Charges": -1655000.0,
        "Gain On Sale Of Ppe": NaN,
        "Other Special Charges": NaN,
        "Write Off": 4000.0,
        "Impairment Of Capital Assets": 0.0,
        "Restructuring And Mergern Acquisition": 1651000.0,
        "Net Non Operating Interest Income Expense": -18799000.0,
        "Total Other Finance Cost": NaN,
        "Interest Expense Non Operating": 19751000.0,
        "Interest Income Non Operating": 952000.0,
        "Operating Income": 29772000.0,
        "Operating Expense": 64339000.0,
        "Research And Development": 193000.0,
        "Selling General And Administration": 64146000.0,
        "General And Administrative Expense": NaN,
        "Other Gand A": NaN,
        "Salaries And Wages": NaN,
        "Gross Profit": 94111000.0,
        "Cost Of Revenue": 392803000.0,
        "Total Revenue": 486914000.0,
        "Operating Revenue": 486914000.0
    },
    "2022-06-30": {
        "Tax Effect Of Unusual Items": -2999527.650406,
        "Tax Rate For Calcs": 0.028682,
        "Normalized EBITDA": 53610000.0,
        "Total Unusual Items": -104580000.0,
        "Total Unusual Items Excluding Goodwill": -104580000.0,
        "Net Income From Continuing Operation Net Minority Interest": -106700000.0,
        "Reconciled Depreciation": 40944000.0,
        "Reconciled Cost Of Revenue": 403199000.0,
        "EBITDA": -50970000.0,
        "EBIT": -91914000.0,
        "Net Interest Income": -15999000.0,
        "Interest Expense": 16692000.0,
        "Interest Income": 693000.0,
        "Normalized Income": -5119527.650406,
        "Net Income From Continuing And Discontinued Operation": -105591000.0,
        "Total Expenses": 471430000.0,
        "Total Operating Income As Reported": -97003000.0,
        "Diluted Average Shares": 79509000.0,
        "Basic Average Shares": 79509000.0,
        "Diluted EPS": -1.33,
        "Basic EPS": -1.33,
        "Diluted NI Availto Com Stockholders": -105591000.0,
        "Net Income Common Stockholders": -105591000.0,
        "Net Income": -105591000.0,
        "Minority Interests": -1095000.0,
        "Net Income Including Noncontrolling Interests": -104496000.0,
        "Net Income Discontinuous Operations": 1109000.0,
        "Net Income Continuous Operations": -105605000.0,
        "Earnings From Equity Interest Net Of Tax": -114000.0,
        "Tax Provision": -3115000.0,
        "Pretax Income": -108606000.0,
        "Other Income Expense": -102229000.0,
        "Other Non Operating Income Expenses": 2351000.0,
        "Special Income Charges": -104580000.0,
        "Gain On Sale Of Ppe": 92000.0,
        "Other Special Charges": NaN,
        "Write Off": 296000.0,
        "Impairment Of Capital Assets": 104580000.0,
        "Restructuring And Mergern Acquisition": 1082000.0,
        "Net Non Operating Interest Income Expense": -15999000.0,
        "Total Other Finance Cost": NaN,
        "Interest Expense Non Operating": 16692000.0,
        "Interest Income Non Operating": 693000.0,
        "Operating Income": 9622000.0,
        "Operating Expense": 68231000.0,
        "Research And Development": 296000.0,
        "Selling General And Administration": 67935000.0,
        "General And Administrative Expense": NaN,
        "Other Gand A": NaN,
        "Salaries And Wages": NaN,
        "Gross Profit": 77853000.0,
        "Cost Of Revenue": 403199000.0,
        "Total Revenue": 481052000.0,
        "Operating Revenue": 481052000.0
    },
    "2023-06-30": {
        "Tax Effect Of Unusual Items": NaN,
        "Tax Rate For Calcs": NaN,
        "Normalized EBITDA": NaN,
        "Total Unusual Items": NaN,
        "Total Unusual Items Excluding Goodwill": NaN,
        "Net Income From Continuing Operation Net Minority Interest": NaN,
        "Reconciled Depreciation": NaN,
        "Reconciled Cost Of Revenue": NaN,
        "EBITDA": NaN,
        "EBIT": NaN,
        "Net Interest Income": NaN,
        "Interest Expense": NaN,
        "Interest Income": NaN,
        "Normalized Income": NaN,
        "Net Income From Continuing And Discontinued Operation": NaN,
        "Total Expenses": NaN,
        "Total Operating Income As Reported": NaN,
        "Diluted Average Shares": NaN,
        "Basic Average Shares": NaN,
        "Diluted EPS": NaN,
        "Basic EPS": NaN,
        "Diluted NI Availto Com Stockholders": NaN,
        "Net Income Common Stockholders": NaN,
        "Net Income": NaN,
        "Minority Interests": NaN,
        "Net Income Including Noncontrolling Interests": NaN,
        "Net Income Discontinuous Operations": NaN,
        "Net Income Continuous Operations": NaN,
        "Earnings From Equity Interest Net Of Tax": NaN,
        "Tax Provision": NaN,
        "Pretax Income": NaN,
        "Other Income Expense": NaN,
        "Other Non Operating Income Expenses": NaN,
        "Special Income Charges": NaN,
        "Gain On Sale Of Ppe": 0.0,
        "Gain On Sale Of Business": 0.0,
        "Other Special Charges": -1760000.0,
        "Write Off": NaN,
        "Impairment Of Capital Assets": NaN,
        "Restructuring And Mergern Acquisition": NaN,
        "Net Non Operating Interest Income Expense": NaN,
        "Total Other Finance Cost": NaN,
        "Interest Expense Non Operating": NaN,
        "Interest Income Non Operating": NaN,
        "Operating Income": NaN,
        "Operating Expense": NaN,
        "Research And Development": NaN,
        "Selling General And Administration": NaN,
        "General And Administrative Expense": 92201000.0,
        "Other Gand A": 86801000.0,
        "Salaries And Wages": 5400000.0,
        "Gross Profit": NaN,
        "Cost Of Revenue": NaN,
        "Total Revenue": NaN,
        "Operating Revenue": NaN
    },
    "2022-03-31": {
        "Diluted EPS": -0.5,
        "Total Revenue": 453,
        "Gross Profit": 76,
        "Operating Income": 8,
        "EBIT": 50,
        "Net Income": -40
    },
    "2021-12-31": {
        "Diluted EPS": -0.3,
        "Total Revenue": 462,
        "Gross Profit": 80,
        "Operating Income": 16,
        "EBIT": 58,
        "Net Income": -24
    },
    "2021-09-30": {
        "Diluted EPS": 0.09,
        "Total Revenue": 470,
        "Gross Profit": 95,
        "Operating Income": 27,
        "EBIT": 69,
        "Net Income": 8
    },
    "2021-06-30": {
        "Diluted EPS": 0.17,
        "Total Revenue": 469,
        "Gross Profit": 93,
        "Operating Income": 26,
        "EBIT": 67,
        "Net Income": 13
    },
    "2021-03-31": {
        "Diluted EPS": 0.0,
        "Total Revenue": 447,
        "Gross Profit": 90,
        "Operating Income": 19,
        "EBIT": 61,
        "Net Income": 0
    },
    "2020-12-31": {
        "Diluted EPS": -0.08,
        "Total Revenue": 179,
        "Gross Profit": 29,
        "Operating Income": -13,
        "EBIT": 28,
        "Net Income": -6
    },
    "2020-09-30": {
        "Diluted EPS": -0.12,
        "Total Revenue": 509,
        "Gross Profit": 97,
        "Operating Income": 5,
        "EBIT": 46,
        "Net Income": -10
    },
    "2020-06-30": {
        "Diluted EPS": -0.13,
        "Total Revenue": 447,
        "Gross Profit": 83,
        "Operating Income": 2,
        "EBIT": 43,
        "Net Income": -11
    },
    "2020-03-31": {
        "Diluted EPS": 0.0,
        "Total Revenue": 399,
        "Gross Profit": 82,
        "Operating Income": 3,
        "EBIT": 39,
        "Net Income": 0
    },
    "2019-12-31": {
        "Diluted EPS": 0.46,
        "Total Revenue": 100,
        "Gross Profit": -1,
        "Operating Income": -8,
        "EBIT": 29,
        "Net Income": 39
    },
    "2019-09-30": {
        "Diluted EPS": 5.37,
        "Total Revenue": 423,
        "Gross Profit": 112,
        "Operating Income": 47,
        "EBIT": 83,
        "Net Income": 435
    },
    "2019-06-30": {
        "Diluted EPS": 0.11,
        "Total Revenue": 351,
        "Gross Profit": 85,
        "Operating Income": 18,
        "EBIT": 50,
        "Net Income": 9
    },
    "2019-03-31": {
        "Diluted EPS": 0.25,
        "Total Revenue": 330,
        "Gross Profit": 79,
        "Operating Income": 20,
        "EBIT": 53,
        "Net Income": 21
    },
    "2018-12-31": {
        "Diluted EPS": 0.56,
        "Total Revenue": 248,
        "Gross Profit": 56,
        "Operating Income": 14,
        "EBIT": 47,
        "Net Income": 46
    },
    "2018-09-30": {
        "Diluted EPS": 0.39,
        "Total Revenue": 352,
        "Gross Profit": 94,
        "Operating Income": 42,
        "EBIT": 75,
        "Net Income": 33
    },
    "2018-06-30": {
        "Diluted EPS": 0.48,
        "Total Revenue": 340,
        "Gross Profit": 88,
        "Operating Income": 38,
        "EBIT": 71,
        "Net Income": 40
    },
    "2018-03-31": {
        "Diluted EPS": 0.21,
        "Total Revenue": 408,
        "Gross Profit": 97,
        "Operating Income": 37,
        "EBIT": 70,
        "Net Income": 18
    },
    "2017-12-31": {
        "Diluted EPS": -0.4,
        "Total Revenue": 155,
        "Gross Profit": 30,
        "Operating Income": -2,
        "EBIT": 31,
        "Net Income": -33
    },
    "2017-09-30": {
        "Diluted EPS": 0.16,
        "Total Revenue": 385,
        "Gross Profit": 94,
        "Operating Income": 35,
        "EBIT": 68,
        "Net Income": 13
    },
    "2017-06-30": {
        "Diluted EPS": 0.23,
        "Total Revenue": 395,
        "Gross Profit": 101,
        "Operating Income": 43,
        "EBIT": 75,
        "Net Income": 19
    },
    "2017-03-31": {
        "Diluted EPS": 0.11,
        "Total Revenue": 373,
        "Gross Profit": 84,
        "Operating Income": 29,
        "EBIT": 61,
        "Net Income": 9
    },
    "2016-12-31": {
        "Diluted EPS": -0.19,
        "Total Revenue": 360,
        "Gross Profit": 74,
        "Operating Income": 26,
        "EBIT": 59,
        "Net Income": -16
    },
    "2016-09-30": {
        "Diluted EPS": -0.41,
        "Total Revenue": 368,
        "Gross Profit": 81,
        "Operating Income": 29,
        "EBIT": 65,
        "Net Income": -33
    },
    "2016-06-30": {
        "Diluted EPS": -0.33,
        "Total Revenue": 370,
        "Gross Profit": 53,
        "Operating Income": 1,
        "EBIT": 37,
        "Net Income": -26
    },
    "2016-03-31": {
        "Diluted EPS": -0.14,
        "Total Revenue": 353,
        "Gross Profit": 70,
        "Operating Income": 9,
        "EBIT": 45,
        "Net Income": -11
    },
    "2015-12-31": {
        "Diluted EPS": -0.08,
        "Total Revenue": 387,
        "Gross Profit": 89,
        "Operating Income": 6,
        "EBIT": 43,
        "Net Income": -7
    },
    "2015-09-30": {
        "Diluted EPS": -0.11,
        "Total Revenue": 428,
        "Gross Profit": 92,
        "Operating Income": 8,
        "EBIT": 47,
        "Net Income": -9
    },
    "2015-06-30": {
        "Diluted EPS": 0.08,
        "Total Revenue": 456,
        "Gross Profit": 95,
        "Operating Income": 36,
        "EBIT": 75,
        "Net Income": 7
    },
    "2015-03-31": {
        "Diluted EPS": 0.19,
        "Total Revenue": 452,
        "Gross Profit": 90,
        "Operating Income": 39,
        "EBIT": 79,
        "Net Income": 15
    },
    "2014-12-31": {
        "Diluted EPS": -0.55,
        "Total Revenue": 492,
        "Gross Profit": 84,
        "Operating Income": -20,
        "EBIT": 22,
        "Net Income": -44
    },
    "2014-09-30": {
        "Diluted EPS": 0.3,
        "Total Revenue": 526,
        "Gross Profit": 118,
        "Operating Income": 48,
        "EBIT": 92,
        "Net Income": 25
    },
    "2014-06-30": {
        "Diluted EPS": -0.16,
        "Total Revenue": 535,
        "Gross Profit": 118,
        "Operating Income": 9,
        "EBIT": 54,
        "Net Income": -13
    },
    "2014-03-31": {
        "Diluted EPS": 0.13,
        "Total Revenue": 512,
        "Gross Profit": 103,
        "Operating Income": 32,
        "EBIT": 77,
        "Net Income": 10
    },
    "2013-12-31": {
        "Diluted EPS": -0.37,
        "Total Revenue": 681,
        "Gross Profit": 151,
        "Operating Income": -11,
        "EBIT": 35,
        "Net Income": -30
    },
    "2013-09-30": {
        "Diluted EPS": -2.89,
        "Total Revenue": 740,
        "Gross Profit": 172,
        "Operating Income": -208,
        "EBIT": -148,
        "Net Income": -234
    },
    "2013-06-30": {
        "Diluted EPS": 0.29,
        "Total Revenue": 760,
        "Gross Profit": 183,
        "Operating Income": 51,
        "EBIT": 116,
        "Net Income": 24
    },
    "2013-03-31": {
        "Diluted EPS": 0.09,
        "Total Revenue": 715,
        "Gross Profit": 151,
        "Operating Income": 26,
        "EBIT": 92,
        "Net Income": 7
    },
    "2012-12-31": {
        "Diluted EPS": -3.29,
        "Total Revenue": 766,
        "Gross Profit": 175,
        "Operating Income": -247,
        "EBIT": -179,
        "Net Income": -264
    },
    "2012-09-30": {
        "Diluted EPS": 0.33,
        "Total Revenue": 757,
        "Gross Profit": 177,
        "Operating Income": 50,
        "EBIT": 116,
        "Net Income": 26
    },
    "2012-06-30": {
        "Diluted EPS": 0.16,
        "Total Revenue": 771,
        "Gross Profit": 186,
        "Operating Income": 35,
        "EBIT": 101,
        "Net Income": 13
    },
    "2012-03-31": {
        "Diluted EPS": -0.36,
        "Total Revenue": 752,
        "Gross Profit": 159,
        "Operating Income": -13,
        "EBIT": 59,
        "Net Income": -29
    },
    "2011-12-31": {
        "Diluted EPS": -1.15,
        "Total Revenue": 793,
        "Gross Profit": 171,
        "Operating Income": -57,
        "EBIT": 21,
        "Net Income": -92
    },
    "2011-09-30": {
        "Diluted EPS": 0.4,
        "Total Revenue": 856,
        "Gross Profit": 184,
        "Operating Income": 51,
        "EBIT": 129,
        "Net Income": 32
    },
    "2011-06-30": {
        "Diluted EPS": 0.47,
        "Total Revenue": 875,
        "Gross Profit": 208,
        "Operating Income": 64,
        "EBIT": 143,
        "Net Income": 38
    },
    "2011-03-31": {
        "Diluted EPS": 0.14,
        "Total Revenue": 779,
        "Gross Profit": 169,
        "Operating Income": 29,
        "EBIT": 106,
        "Net Income": 11
    },
    "2010-12-31": {
        "Diluted EPS": -0.64,
        "Total Revenue": 757,
        "Gross Profit": 165,
        "Operating Income": -56,
        "EBIT": 23,
        "Net Income": -51
    },
    "2010-09-30": {
        "Diluted EPS": 0.25,
        "Total Revenue": 752,
        "Gross Profit": 178,
        "Operating Income": 44,
        "EBIT": 123,
        "Net Income": 20
    },
    "2010-06-30": {
        "Diluted EPS": 0.37,
        "Total Revenue": 787,
        "Gross Profit": 196,
        "Operating Income": 62,
        "EBIT": 139,
        "Net Income": 30
    },
    "2010-03-31": {
        "Diluted EPS": 0.1,
        "Total Revenue": 742,
        "Gross Profit": 163,
        "Operating Income": 28,
        "EBIT": 109,
        "Net Income": 8
    },
    "2009-12-31": {
        "Diluted EPS": 0.49,
        "Total Revenue": 772,
        "Gross Profit": 184,
        "Operating Income": 55,
        "EBIT": 138,
        "Net Income": 39
    },
    "2009-09-30": {
        "Diluted EPS": 0.25,
        "Total Revenue": 744,
        "Gross Profit": 190,
        "Operating Income": 56,
        "EBIT": 132,
        "Net Income": 20
    },
    "2009-06-30": {
        "Diluted EPS": 0.5,
        "Total Revenue": 777,
        "Gross Profit": 204,
        "Operating Income": 70,
        "EBIT": 149,
        "Net Income": 41
    },
    "2009-03-31": {
        "Diluted EPS": 0.23,
        "Total Revenue": 697,
        "Gross Profit": 160,
        "Operating Income": 37,
        "EBIT": 112,
        "Net Income": 19
    },
    "2023-09-30": {
        "Tax Effect Of Unusual Items": NaN,
        "Tax Rate For Calcs": NaN,
        "Normalized EBITDA": NaN,
        "Total Unusual Items": NaN,
        "Total Unusual Items Excluding Goodwill": NaN,
        "Net Income From Continuing Operation Net Minority Interest": NaN,
        "Reconciled Depreciation": NaN,
        "Reconciled Cost Of Revenue": NaN,
        "EBITDA": NaN,
        "EBIT": NaN,
        "Net Interest Income": NaN,
        "Interest Expense": NaN,
        "Interest Income": NaN,
        "Normalized Income": NaN,
        "Net Income From Continuing And Discontinued Operation": NaN,
        "Total Expenses": NaN,
        "Total Operating Income As Reported": NaN,
        "Diluted Average Shares": NaN,
        "Basic Average Shares": NaN,
        "Diluted EPS": NaN,
        "Basic EPS": NaN,
        "Diluted NI Availto Com Stockholders": NaN,
        "Net Income Common Stockholders": NaN,
        "Net Income": NaN,
        "Minority Interests": NaN,
        "Net Income Including Noncontrolling Interests": NaN,
        "Net Income Discontinuous Operations": NaN,
        "Net Income Continuous Operations": NaN,
        "Earnings From Equity Interest Net Of Tax": NaN,
        "Tax Provision": NaN,
        "Pretax Income": NaN,
        "Other Income Expense": NaN,
        "Other Non Operating Income Expenses": NaN,
        "Special Income Charges": NaN,
        "Gain On Sale Of Ppe": NaN,
        "Gain On Sale Of Business": 0.0,
        "Other Special Charges": 1182000.0,
        "Write Off": NaN,
        "Impairment Of Capital Assets": NaN,
        "Restructuring And Mergern Acquisition": NaN,
        "Net Non Operating Interest Income Expense": NaN,
        "Total Other Finance Cost": NaN,
        "Interest Expense Non Operating": NaN,
        "Interest Income Non Operating": NaN,
        "Operating Income": NaN,
        "Operating Expense": NaN,
        "Research And Development": NaN,
        "Selling General And Administration": NaN,
        "General And Administrative Expense": 89825000.0,
        "Other Gand A": 84389000.0,
        "Salaries And Wages": 5436000.0,
        "Gross Profit": NaN,
        "Cost Of Revenue": NaN,
        "Total Revenue": NaN,
        "Operating Revenue": NaN
    },
    "2023-12-31": {
        "Tax Effect Of Unusual Items": NaN,
        "Tax Rate For Calcs": NaN,
        "Normalized EBITDA": NaN,
        "Total Unusual Items": NaN,
        "Total Unusual Items Excluding Goodwill": NaN,
        "Net Income From Continuing Operation Net Minority Interest": NaN,
        "Reconciled Depreciation": NaN,
        "Reconciled Cost Of Revenue": NaN,
        "EBITDA": NaN,
        "EBIT": NaN,
        "Net Interest Income": NaN,
        "Interest Expense": NaN,
        "Interest Income": NaN,
        "Normalized Income": NaN,
        "Net Income From Continuing And Discontinued Operation": NaN,
        "Total Expenses": NaN,
        "Total Operating Income As Reported": NaN,
        "Diluted Average Shares": NaN,
        "Basic Average Shares": NaN,
        "Diluted EPS": NaN,
        "Basic EPS": NaN,
        "Diluted NI Availto Com Stockholders": NaN,
        "Net Income Common Stockholders": NaN,
        "Net Income": NaN,
        "Minority Interests": NaN,
        "Net Income Including Noncontrolling Interests": NaN,
        "Net Income Discontinuous Operations": NaN,
        "Net Income Continuous Operations": NaN,
        "Earnings From Equity Interest Net Of Tax": NaN,
        "Tax Provision": NaN,
        "Pretax Income": NaN,
        "Other Income Expense": NaN,
        "Other Non Operating Income Expenses": NaN,
        "Special Income Charges": NaN,
        "Gain On Sale Of Ppe": NaN,
        "Gain On Sale Of Business": NaN,
        "Other Special Charges": NaN,
        "Write Off": NaN,
        "Impairment Of Capital Assets": NaN,
        "Restructuring And Mergern Acquisition": NaN,
        "Net Non Operating Interest Income Expense": NaN,
        "Total Other Finance Cost": NaN,
        "Interest Expense Non Operating": NaN,
        "Interest Income Non Operating": NaN,
        "Operating Income": NaN,
        "Operating Expense": NaN,
        "Research And Development": NaN,
        "Selling General And Administration": NaN,
        "General And Administrative Expense": 79209000.0,
        "Other Gand A": 79209000.0,
        "Salaries And Wages": 5422000.0,
        "Gross Profit": NaN,
        "Cost Of Revenue": NaN,
        "Total Revenue": NaN,
        "Operating Revenue": NaN
    },
    "2024-03-31": {
        "Tax Effect Of Unusual Items": NaN,
        "Tax Rate For Calcs": NaN,
        "Normalized EBITDA": NaN,
        "Total Unusual Items": NaN,
        "Total Unusual Items Excluding Goodwill": NaN,
        "Net Income From Continuing Operation Net Minority Interest": NaN,
        "Reconciled Depreciation": NaN,
        "Reconciled Cost Of Revenue": NaN,
        "EBITDA": NaN,
        "EBIT": NaN,
        "Net Interest Income": NaN,
        "Interest Expense": NaN,
        "Interest Income": NaN,
        "Normalized Income": NaN,
        "Net Income From Continuing And Discontinued Operation": NaN,
        "Total Expenses": NaN,
        "Total Operating Income As Reported": NaN,
        "Diluted Average Shares": NaN,
        "Basic Average Shares": NaN,
        "Diluted EPS": NaN,
        "Basic EPS": NaN,
        "Diluted NI Availto Com Stockholders": NaN,
        "Net Income Common Stockholders": NaN,
        "Net Income": NaN,
        "Minority Interests": NaN,
        "Net Income Including Noncontrolling Interests": NaN,
        "Net Income Discontinuous Operations": NaN,
        "Net Income Continuous Operations": NaN,
        "Earnings From Equity Interest Net Of Tax": NaN,
        "Tax Provision": NaN,
        "Pretax Income": NaN,
        "Other Income Expense": NaN,
        "Other Non Operating Income Expenses": NaN,
        "Special Income Charges": NaN,
        "Gain On Sale Of Ppe": NaN,
        "Gain On Sale Of Business": NaN,
        "Other Special Charges": 548000.0,
        "Write Off": NaN,
        "Impairment Of Capital Assets": NaN,
        "Restructuring And Mergern Acquisition": NaN,
        "Net Non Operating Interest Income Expense": NaN,
        "Total Other Finance Cost": NaN,
        "Interest Expense Non Operating": NaN,
        "Interest Income Non Operating": NaN,
        "Operating Income": NaN,
        "Operating Expense": NaN,
        "Research And Development": NaN,
        "Selling General And Administration": NaN,
        "General And Administrative Expense": 87126000.0,
        "Other Gand A": 87126000.0,
        "Salaries And Wages": 4176000.0,
        "Gross Profit": NaN,
        "Cost Of Revenue": NaN,
        "Total Revenue": NaN,
        "Operating Revenue": NaN
    },
    "2024-06-30": {
        "Tax Effect Of Unusual Items": NaN,
        "Tax Rate For Calcs": NaN,
        "Normalized EBITDA": NaN,
        "Total Unusual Items": NaN,
        "Total Unusual Items Excluding Goodwill": NaN,
        "Net Income From Continuing Operation Net Minority Interest": NaN,
        "Reconciled Depreciation": NaN,
        "Reconciled Cost Of Revenue": NaN,
        "EBITDA": NaN,
        "EBIT": NaN,
        "Net Interest Income": NaN,
        "Interest Expense": NaN,
        "Interest Income": NaN,
        "Normalized Income": NaN,
        "Net Income From Continuing And Discontinued Operation": NaN,
        "Total Expenses": NaN,
        "Total Operating Income As Reported": NaN,
        "Diluted Average Shares": NaN,
        "Basic Average Shares": NaN,
        "Diluted EPS": NaN,
        "Basic EPS": NaN,
        "Diluted NI Availto Com Stockholders": NaN,
        "Net Income Common Stockholders": NaN,
        "Net Income": NaN,
        "Minority Interests": NaN,
        "Net Income Including Noncontrolling Interests": NaN,
        "Net Income Discontinuous Operations": NaN,
        "Net Income Continuous Operations": NaN,
        "Earnings From Equity Interest Net Of Tax": NaN,
        "Tax Provision": NaN,
        "Pretax Income": NaN,
        "Other Income Expense": NaN,
        "Other Non Operating Income Expenses": NaN,
        "Special Income Charges": NaN,
        "Gain On Sale Of Ppe": NaN,
        "Gain On Sale Of Business": 1877000.0,
        "Other Special Charges": 339000.0,
        "Write Off": NaN,
        "Impairment Of Capital Assets": NaN,
        "Restructuring And Mergern Acquisition": NaN,
        "Net Non Operating Interest Income Expense": NaN,
        "Total Other Finance Cost": NaN,
        "Interest Expense Non Operating": NaN,
        "Interest Income Non Operating": NaN,
        "Operating Income": NaN,
        "Operating Expense": NaN,
        "Research And Development": NaN,
        "Selling General And Administration": NaN,
        "General And Administrative Expense": 90454000.0,
        "Other Gand A": 90454000.0,
        "Salaries And Wages": 4166000.0,
        "Gross Profit": NaN,
        "Cost Of Revenue": NaN,
        "Total Revenue": NaN,
        "Operating Revenue": NaN
    },
    "2024-09-30": {
        "Tax Effect Of Unusual Items": 1906590.0,
        "Tax Rate For Calcs": 0.21,
        "Normalized EBITDA": 67527000.0,
        "Total Unusual Items": 9079000.0,
        "Total Unusual Items Excluding Goodwill": 9079000.0,
        "Net Income From Continuing Operation Net Minority Interest": -11995000.0,
        "Reconciled Depreciation": 45488000.0,
        "Reconciled Cost Of Revenue": 454745000.0,
        "EBITDA": 76606000.0,
        "EBIT": 31118000.0,
        "Net Interest Income": -30810000.0,
        "Interest Expense": 28813000.0,
        "Interest Income": 981000.0,
        "Normalized Income": -19167410.0,
        "Net Income From Continuing And Discontinued Operation": -13168000.0,
        "Total Expenses": 544816000.0,
        "Total Operating Income As Reported": 37372000.0,
        "Diluted Average Shares": 80165000.0,
        "Basic Average Shares": 80165000.0,
        "Diluted EPS": -0.16,
        "Basic EPS": -0.16,
        "Diluted NI Availto Com Stockholders": -13168000.0,
        "Net Income Common Stockholders": -13168000.0,
        "Net Income": -13168000.0,
        "Minority Interests": -901000.0,
        "Net Income Including Noncontrolling Interests": -12267000.0,
        "Net Income Discontinuous Operations": -1173000.0,
        "Net Income Continuous Operations": -11094000.0,
        "Earnings From Equity Interest Net Of Tax": 38000.0,
        "Tax Provision": 13437000.0,
        "Pretax Income": 2305000.0,
        "Other Income Expense": 4304000.0,
        "Other Non Operating Income Expenses": -4775000.0,
        "Special Income Charges": 9079000.0,
        "Gain On Sale Of Ppe": 2547000.0,
        "Gain On Sale Of Business": 8601000.0,
        "Other Special Charges": 518000.0,
        "Write Off": 753000.0,
        "Impairment Of Capital Assets": 0.0,
        "Restructuring And Mergern Acquisition": 1316000.0,
        "Net Non Operating Interest Income Expense": -30810000.0,
        "Total Other Finance Cost": 2978000.0,
        "Interest Expense Non Operating": 28813000.0,
        "Interest Income Non Operating": 981000.0,
        "Operating Income": 28811000.0,
        "Operating Expense": 90071000.0,
        "Research And Development": 888000.0,
        "Selling General And Administration": 89183000.0,
        "General And Administrative Expense": NaN,
        "Other Gand A": NaN,
        "Salaries And Wages": NaN,
        "Gross Profit": 118882000.0,
        "Cost Of Revenue": 454745000.0,
        "Total Revenue": 573627000.0,
        "Operating Revenue": 573627000.0
    },
    "2024-12-31": {
        "Tax Effect Of Unusual Items": -5889899.987509,
        "Tax Rate For Calcs": 0.148915,
        "Normalized EBITDA": 15018000.0,
        "Total Unusual Items": -39552000.0,
        "Total Unusual Items Excluding Goodwill": -39552000.0,
        "Net Income From Continuing Operation Net Minority Interest": -82502000.0,
        "Reconciled Depreciation": 44186000.0,
        "Reconciled Cost Of Revenue": 489362000.0,
        "EBITDA": -24534000.0,
        "EBIT": -68720000.0,
        "Net Interest Income": -29244000.0,
        "Interest Expense": 27348000.0,
        "Interest Income": 682000.0,
        "Normalized Income": -48839899.987509,
        "Net Income From Continuing And Discontinued Operation": -83242000.0,
        "Total Expenses": 583256000.0,
        "Total Operating Income As Reported": -62695000.0,
        "Diluted Average Shares": 80216000.0,
        "Basic Average Shares": 80216000.0,
        "Diluted EPS": -1.04,
        "Basic EPS": -1.04,
        "Diluted NI Availto Com Stockholders": -83242000.0,
        "Net Income Common Stockholders": -83242000.0,
        "Net Income": -83242000.0,
        "Minority Interests": -814000.0,
        "Net Income Including Noncontrolling Interests": -82428000.0,
        "Net Income Discontinuous Operations": -740000.0,
        "Net Income Continuous Operations": -81688000.0,
        "Earnings From Equity Interest Net Of Tax": 74000.0,
        "Tax Provision": -14306000.0,
        "Pretax Income": -96068000.0,
        "Other Income Expense": -42276000.0,
        "Other Non Operating Income Expenses": -2724000.0,
        "Special Income Charges": -39552000.0,
        "Gain On Sale Of Ppe": 533000.0,
        "Gain On Sale Of Business": 0.0,
        "Other Special Charges": NaN,
        "Write Off": -106000.0,
        "Impairment Of Capital Assets": 39310000.0,
        "Restructuring And Mergern Acquisition": 881000.0,
        "Net Non Operating Interest Income Expense": -29244000.0,
        "Total Other Finance Cost": 2578000.0,
        "Interest Expense Non Operating": 27348000.0,
        "Interest Income Non Operating": 682000.0,
        "Operating Income": -24548000.0,
        "Operating Expense": 93894000.0,
        "Research And Development": 1269000.0,
        "Selling General And Administration": 92625000.0,
        "General And Administrative Expense": NaN,
        "Other Gand A": NaN,
        "Salaries And Wages": NaN,
        "Gross Profit": 69346000.0,
        "Cost Of Revenue": 489362000.0,
        "Total Revenue": 558708000.0,
        "Operating Revenue": 558708000.0
    },
    "2025-03-31": {
        "Tax Effect Of Unusual Items": -489930.0,
        "Tax Rate For Calcs": 0.21,
        "Normalized EBITDA": 69642000.0,
        "Total Unusual Items": -2333000.0,
        "Total Unusual Items Excluding Goodwill": -2333000.0,
        "Net Income From Continuing Operation Net Minority Interest": -12229000.0,
        "Reconciled Depreciation": 43845000.0,
        "Reconciled Cost Of Revenue": 423763000.0,
        "EBITDA": 67309000.0,
        "EBIT": 23464000.0,
        "Net Interest Income": -28732000.0,
        "Interest Expense": 26574000.0,
        "Interest Income": 454000.0,
        "Normalized Income": -10385930.0,
        "Net Income From Continuing And Discontinued Operation": -13396000.0,
        "Total Expenses": 513338000.0,
        "Total Operating Income As Reported": 30655000.0,
        "Diluted Average Shares": 80331000.0,
        "Basic Average Shares": 80331000.0,
        "Diluted EPS": -0.17,
        "Basic EPS": -0.17,
        "Diluted NI Availto Com Stockholders": -13396000.0,
        "Net Income Common Stockholders": -13396000.0,
        "Net Income": -13396000.0,
        "Minority Interests": -1201000.0,
        "Net Income Including Noncontrolling Interests": -12195000.0,
        "Net Income Discontinuous Operations": -1167000.0,
        "Net Income Continuous Operations": -11028000.0,
        "Earnings From Equity Interest Net Of Tax": 28000.0,
        "Tax Provision": 7946000.0,
        "Pretax Income": -3110000.0,
        "Other Income Expense": -9324000.0,
        "Other Non Operating Income Expenses": -6991000.0,
        "Special Income Charges": -2333000.0,
        "Gain On Sale Of Ppe": 768000.0,
        "Gain On Sale Of Business": NaN,
        "Other Special Charges": 1958000.0,
        "Write Off": 583000.0,
        "Impairment Of Capital Assets": 0.0,
        "Restructuring And Mergern Acquisition": 2518000.0,
        "Net Non Operating Interest Income Expense": -28732000.0,
        "Total Other Finance Cost": 2612000.0,
        "Interest Expense Non Operating": 26574000.0,
        "Interest Income Non Operating": 454000.0,
        "Operating Income": 34946000.0,
        "Operating Expense": 89575000.0,
        "Research And Development": 467000.0,
        "Selling General And Administration": 89108000.0,
        "General And Administrative Expense": 89108000.0,
        "Other Gand A": 89108000.0,
        "Salaries And Wages": NaN,
        "Gross Profit": 124521000.0,
        "Cost Of Revenue": 423763000.0,
        "Total Revenue": 548284000.0,
        "Operating Revenue": 548284000.0
    },
    "2025-06-30": {
        "Tax Effect Of Unusual Items": -2057370.0,
        "Tax Rate For Calcs": 0.21,
        "Normalized EBITDA": 40532000.0,
        "Total Unusual Items": -9797000.0,
        "Total Unusual Items Excluding Goodwill": -9797000.0,
        "Net Income From Continuing Operation Net Minority Interest": -46950000.0,
        "Reconciled Depreciation": 45462000.0,
        "Reconciled Cost Of Revenue": 463150000.0,
        "EBITDA": 30735000.0,
        "EBIT": -14727000.0,
        "Net Interest Income": -29749000.0,
        "Interest Expense": 27600000.0,
        "Interest Income": 470000.0,
        "Normalized Income": -39210370.0,
        "Net Income From Continuing And Discontinued Operation": -47607000.0,
        "Total Expenses": 559648000.0,
        "Total Operating Income As Reported": -7191000.0,
        "Diluted Average Shares": 80629000.0,
        "Basic Average Shares": 80629000.0,
        "Diluted EPS": -0.59,
        "Basic EPS": -0.59,
        "Diluted NI Availto Com Stockholders": -47607000.0,
        "Net Income Common Stockholders": -47607000.0,
        "Net Income": -47607000.0,
        "Minority Interests": -1058000.0,
        "Net Income Including Noncontrolling Interests": -46549000.0,
        "Net Income Discontinuous Operations": -657000.0,
        "Net Income Continuous Operations": -45892000.0,
        "Earnings From Equity Interest Net Of Tax": 44000.0,
        "Tax Provision": 3609000.0,
        "Pretax Income": -42327000.0,
        "Other Income Expense": -15184000.0,
        "Other Non Operating Income Expenses": -5387000.0,
        "Special Income Charges": -9797000.0,
        "Gain On Sale Of Ppe": 404000.0,
        "Gain On Sale Of Business": 0.0,
        "Other Special Charges": NaN,
        "Write Off": 0.0,
        "Impairment Of Capital Assets": 7386000.0,
        "Restructuring And Mergern Acquisition": 2815000.0,
        "Net Non Operating Interest Income Expense": -29749000.0,
        "Total Other Finance Cost": 2619000.0,
        "Interest Expense Non Operating": 27600000.0,
        "Interest Income Non Operating": 470000.0,
        "Operating Income": 2606000.0,
        "Operating Expense": 96498000.0,
        "Research And Development": 995000.0,
        "Selling General And Administration": 95503000.0,
        "General And Administrative Expense": NaN,
        "Other Gand A": NaN,
        "Salaries And Wages": NaN,
        "Gross Profit": 99104000.0,
        "Cost Of Revenue": 463150000.0,
        "Total Revenue": 562254000.0,
        "Operating Revenue": 562254000.0
    },
    "2025-09-30": {
        "Tax Effect Of Unusual Items": -1139880.0,
        "Tax Rate For Calcs": 0.21,
        "Normalized EBITDA": 61745000.0,
        "Total Unusual Items": -5428000.0,
        "Total Unusual Items Excluding Goodwill": -5428000.0,
        "Net Income From Continuing Operation Net Minority Interest": -21133000.0,
        "Reconciled Depreciation": 47115000.0,
        "Reconciled Cost Of Revenue": 454346000.0,
        "EBITDA": 56317000.0,
        "EBIT": 9202000.0,
        "Net Interest Income": -30309000.0,
        "Interest Expense": 28353000.0,
        "Interest Income": 552000.0,
        "Normalized Income": -16844880.0,
        "Net Income From Continuing And Discontinued Operation": -22313000.0,
        "Total Expenses": 548518000.0,
        "Total Operating Income As Reported": 16480000.0,
        "Diluted Average Shares": 80665000.0,
        "Basic Average Shares": 80665000.0,
        "Diluted EPS": -0.28,
        "Basic EPS": -0.28,
        "Diluted NI Availto Com Stockholders": -22313000.0,
        "Net Income Common Stockholders": -22313000.0,
        "Net Income": -22313000.0,
        "Minority Interests": -955000.0,
        "Net Income Including Noncontrolling Interests": -21358000.0,
        "Net Income Discontinuous Operations": -1180000.0,
        "Net Income Continuous Operations": -20178000.0,
        "Earnings From Equity Interest Net Of Tax": 39000.0,
        "Tax Provision": 1066000.0,
        "Pretax Income": -19151000.0,
        "Other Income Expense": -15139000.0,
        "Other Non Operating Income Expenses": -9711000.0,
        "Special Income Charges": -5428000.0,
        "Gain On Sale Of Ppe": 507000.0,
        "Gain On Sale Of Business": 0.0,
        "Other Special Charges": NaN,
        "Write Off": 0.0,
        "Impairment Of Capital Assets": 0.0,
        "Restructuring And Mergern Acquisition": 5935000.0,
        "Net Non Operating Interest Income Expense": -30309000.0,
        "Total Other Finance Cost": 2508000.0,
        "Interest Expense Non Operating": 28353000.0,
        "Interest Income Non Operating": 552000.0,
        "Operating Income": 26297000.0,
        "Operating Expense": 94172000.0,
        "Research And Development": 878000.0,
        "Selling General And Administration": 93294000.0,
        "General And Administrative Expense": NaN,
        "Other Gand A": NaN,
        "Salaries And Wages": NaN,
        "Gross Profit": 120469000.0,
        "Cost Of Revenue": 454346000.0,
        "Total Revenue": 574815000.0,
        "Operating Revenue": 574815000.0
    }
}