{
    "2023-03-31": {
        "Tax Effect Of Unusual Items": NaN,
        "Tax Rate For Calcs": NaN,
        "Normalized EBITDA": NaN,
        "Total Unusual Items": NaN,
        "Total Unusual Items Excluding Goodwill": NaN,
        "Net Income From Continuing Operation Net Minority Interest": NaN,
        "Reconciled Depreciation": NaN,
        "Reconciled Cost Of Revenue": NaN,
        "EBITDA": NaN,
        "EBIT": NaN,
        "Net Interest Income": NaN,
        "Interest Expense": NaN,
        "Normalized Income": NaN,
        "Net Income From Continuing And Discontinued Operation": NaN,
        "Total Expenses": NaN,
        "Total Operating Income As Reported": NaN,
        "Diluted Average Shares": NaN,
        "Basic Average Shares": NaN,
        "Diluted EPS": NaN,
        "Basic EPS": NaN,
        "Diluted NI Availto Com Stockholders": NaN,
        "Net Income Common Stockholders": NaN,
        "Net Income": NaN,
        "Net Income Including Noncontrolling Interests": NaN,
        "Net Income Discontinuous Operations": 0.0,
        "Net Income Continuous Operations": NaN,
        "Tax Provision": NaN,
        "Pretax Income": NaN,
        "Other Income Expense": NaN,
        "Other Non Operating Income Expenses": NaN,
        "Special Income Charges": NaN,
        "Impairment Of Capital Assets": NaN,
        "Net Non Operating Interest Income Expense": NaN,
        "Interest Expense Non Operating": NaN,
        "Operating Income": NaN,
        "Operating Expense": NaN,
        "Research And Development": NaN,
        "Selling General And Administration": NaN,
        "Gross Profit": NaN,
        "Cost Of Revenue": NaN,
        "Total Revenue": NaN,
        "Operating Revenue": NaN
    },
    "2022-12-31": {
        "Tax Effect Of Unusual Items": NaN,
        "Tax Rate For Calcs": NaN,
        "Normalized EBITDA": NaN,
        "Total Unusual Items": NaN,
        "Total Unusual Items Excluding Goodwill": NaN,
        "Net Income From Continuing Operation Net Minority Interest": NaN,
        "Reconciled Depreciation": NaN,
        "Reconciled Cost Of Revenue": NaN,
        "EBITDA": NaN,
        "EBIT": NaN,
        "Net Interest Income": NaN,
        "Interest Expense": NaN,
        "Normalized Income": NaN,
        "Net Income From Continuing And Discontinued Operation": NaN,
        "Total Expenses": NaN,
        "Total Operating Income As Reported": NaN,
        "Diluted Average Shares": NaN,
        "Basic Average Shares": NaN,
        "Diluted EPS": NaN,
        "Basic EPS": NaN,
        "Diluted NI Availto Com Stockholders": NaN,
        "Net Income Common Stockholders": NaN,
        "Net Income": NaN,
        "Net Income Including Noncontrolling Interests": NaN,
        "Net Income Discontinuous Operations": 0.0,
        "Net Income Continuous Operations": NaN,
        "Tax Provision": NaN,
        "Pretax Income": NaN,
        "Other Income Expense": NaN,
        "Other Non Operating Income Expenses": NaN,
        "Special Income Charges": NaN,
        "Impairment Of Capital Assets": NaN,
        "Net Non Operating Interest Income Expense": NaN,
        "Interest Expense Non Operating": NaN,
        "Operating Income": NaN,
        "Operating Expense": NaN,
        "Research And Development": NaN,
        "Selling General And Administration": NaN,
        "Gross Profit": NaN,
        "Cost Of Revenue": NaN,
        "Total Revenue": NaN,
        "Operating Revenue": NaN
    },
    "2022-09-30": {
        "Tax Effect Of Unusual Items": 0.0,
        "Tax Rate For Calcs": 0.21519,
        "Normalized EBITDA": 74800000.0,
        "Net Income From Continuing Operation Net Minority Interest": 49600000.0,
        "Reconciled Depreciation": 42200000.0,
        "Reconciled Cost Of Revenue": 266400000.0,
        "EBITDA": 74800000.0,
        "EBIT": 74800000.0,
        "Net Interest Income": -11600000.0,
        "Interest Expense": 11600000.0,
        "Normalized Income": 49600000.0,
        "Net Income From Continuing And Discontinued Operation": 47600000.0,
        "Total Expenses": 556600000.0,
        "Total Operating Income As Reported": 74500000.0,
        "Diluted Average Shares": 176900000.0,
        "Basic Average Shares": 163100000.0,
        "Diluted EPS": 0.27,
        "Basic EPS": 0.29,
        "Diluted NI Availto Com Stockholders": 47600000.0,
        "Net Income Common Stockholders": 47600000.0,
        "Net Income": 47600000.0,
        "Net Income Including Noncontrolling Interests": 47600000.0,
        "Net Income Discontinuous Operations": -2000000.0,
        "Net Income Continuous Operations": 49600000.0,
        "Tax Provision": 13600000.0,
        "Pretax Income": 63200000.0,
        "Other Income Expense": 300000.0,
        "Other Non Operating Income Expenses": 300000.0,
        "Net Non Operating Interest Income Expense": -11600000.0,
        "Interest Expense Non Operating": 11600000.0,
        "Operating Income": 74500000.0,
        "Operating Expense": 290200000.0,
        "Research And Development": 26000000.0,
        "Selling General And Administration": 264200000.0,
        "Gross Profit": 364700000.0,
        "Cost Of Revenue": 266400000.0,
        "Total Revenue": 631100000.0,
        "Operating Revenue": 631100000.0
    },
    "2022-06-30": {
        "Tax Effect Of Unusual Items": 0.0,
        "Tax Rate For Calcs": 0.247,
        "Normalized EBITDA": 105400000.0,
        "Net Income From Continuing Operation Net Minority Interest": 44500000.0,
        "Reconciled Depreciation": 39900000.0,
        "Reconciled Cost Of Revenue": 276000000.0,
        "EBITDA": 105400000.0,
        "EBIT": 65500000.0,
        "Net Interest Income": -6400000.0,
        "Interest Expense": 6400000.0,
        "Normalized Income": 44500000.0,
        "Net Income From Continuing And Discontinued Operation": 47100000.0,
        "Total Expenses": 580600000.0,
        "Total Operating Income As Reported": 65200000.0,
        "Diluted Average Shares": 178500000.0,
        "Basic Average Shares": 162900000.0,
        "Diluted EPS": 0.26,
        "Basic EPS": 0.29,
        "Diluted NI Availto Com Stockholders": 47100000.0,
        "Net Income Common Stockholders": 47100000.0,
        "Net Income": 47100000.0,
        "Net Income Including Noncontrolling Interests": 47100000.0,
        "Net Income Discontinuous Operations": 2600000.0,
        "Net Income Continuous Operations": 44500000.0,
        "Tax Provision": 14600000.0,
        "Pretax Income": 59100000.0,
        "Other Income Expense": 300000.0,
        "Other Non Operating Income Expenses": 300000.0,
        "Net Non Operating Interest Income Expense": -6400000.0,
        "Interest Expense Non Operating": 6400000.0,
        "Operating Income": 65200000.0,
        "Operating Expense": 304600000.0,
        "Research And Development": 25100000.0,
        "Selling General And Administration": 279500000.0,
        "Gross Profit": 369800000.0,
        "Cost Of Revenue": 276000000.0,
        "Total Revenue": 645800000.0,
        "Operating Revenue": 645800000.0
    },
    "2023-06-30": {
        "Tax Effect Of Unusual Items": NaN,
        "Tax Rate For Calcs": NaN,
        "Normalized EBITDA": NaN,
        "Total Unusual Items": 0.0,
        "Total Unusual Items Excluding Goodwill": 0.0,
        "Net Income From Continuing Operation Net Minority Interest": NaN,
        "Reconciled Depreciation": NaN,
        "Reconciled Cost Of Revenue": NaN,
        "EBITDA": NaN,
        "EBIT": NaN,
        "Net Interest Income": NaN,
        "Interest Expense": NaN,
        "Normalized Income": NaN,
        "Net Income From Continuing And Discontinued Operation": NaN,
        "Total Expenses": NaN,
        "Total Operating Income As Reported": NaN,
        "Diluted Average Shares": NaN,
        "Basic Average Shares": NaN,
        "Diluted EPS": NaN,
        "Basic EPS": NaN,
        "Diluted NI Availto Com Stockholders": NaN,
        "Net Income Common Stockholders": NaN,
        "Net Income": NaN,
        "Net Income Including Noncontrolling Interests": NaN,
        "Net Income Discontinuous Operations": 0.0,
        "Net Income Continuous Operations": NaN,
        "Tax Provision": NaN,
        "Pretax Income": NaN,
        "Other Income Expense": NaN,
        "Other Non Operating Income Expenses": NaN,
        "Special Income Charges": 0.0,
        "Impairment Of Capital Assets": 0.0,
        "Net Non Operating Interest Income Expense": NaN,
        "Interest Expense Non Operating": NaN,
        "Operating Income": NaN,
        "Operating Expense": NaN,
        "Research And Development": NaN,
        "Selling General And Administration": NaN,
        "Gross Profit": NaN,
        "Cost Of Revenue": NaN,
        "Total Revenue": NaN,
        "Operating Revenue": NaN
    },
    "2022-03-31": {
        "Diluted EPS": 0.42,
        "Total Revenue": 631,
        "Gross Profit": 374,
        "Operating Income": 92,
        "EBIT": 130,
        "Net Income": 75
    },
    "2021-12-31": {
        "Diluted EPS": 0.48,
        "Total Revenue": 652,
        "Gross Profit": 343,
        "Operating Income": 46,
        "EBIT": 90,
        "Net Income": 86
    },
    "2021-09-30": {
        "Diluted EPS": 0.52,
        "Total Revenue": 607,
        "Gross Profit": 356,
        "Operating Income": 82,
        "EBIT": 124,
        "Net Income": 93
    },
    "2021-06-30": {
        "Diluted EPS": 0.51,
        "Total Revenue": 637,
        "Gross Profit": 369,
        "Operating Income": 83,
        "EBIT": 127,
        "Net Income": 90
    },
    "2021-03-31": {
        "Diluted EPS": 0.41,
        "Total Revenue": 613,
        "Gross Profit": 358,
        "Operating Income": 95,
        "EBIT": 140,
        "Net Income": 72
    },
    "2020-12-31": {
        "Diluted EPS": 0.68,
        "Total Revenue": 473,
        "Gross Profit": 318,
        "Operating Income": 115,
        "EBIT": 161,
        "Net Income": 108
    },
    "2020-09-30": {
        "Diluted EPS": 0.22,
        "Total Revenue": 547,
        "Gross Profit": 308,
        "Operating Income": 62,
        "EBIT": 109,
        "Net Income": 36
    },
    "2020-06-30": {
        "Diluted EPS": -0.59,
        "Total Revenue": 362,
        "Gross Profit": 151,
        "Operating Income": -108,
        "EBIT": -65,
        "Net Income": -94
    },
    "2020-03-31": {
        "Diluted EPS": -0.11,
        "Total Revenue": 547,
        "Gross Profit": 278,
        "Operating Income": -25,
        "EBIT": 15,
        "Net Income": -17
    },
    "2019-12-31": {
        "Diluted EPS": 0.34,
        "Total Revenue": 254,
        "Gross Profit": 226,
        "Operating Income": 36,
        "EBIT": 78,
        "Net Income": 56
    },
    "2019-09-30": {
        "Diluted EPS": 0.48,
        "Total Revenue": 659,
        "Gross Profit": 367,
        "Operating Income": 79,
        "EBIT": 124,
        "Net Income": 62
    },
    "2019-06-30": {
        "Diluted EPS": 0.48,
        "Total Revenue": 712,
        "Gross Profit": 394,
        "Operating Income": 76,
        "EBIT": 115,
        "Net Income": 62
    },
    "2019-03-31": {
        "Diluted EPS": 0.3,
        "Total Revenue": 660,
        "Gross Profit": 363,
        "Operating Income": 45,
        "EBIT": 87,
        "Net Income": 38
    },
    "2018-12-31": {
        "Diluted EPS": 0.0,
        "Total Revenue": NaN,
        "Gross Profit": NaN,
        "Operating Income": NaN,
        "EBIT": NaN,
        "Net Income": NaN
    },
    "2018-09-30": {
        "Diluted EPS": 0.5,
        "Total Revenue": 680,
        "Gross Profit": 381,
        "Operating Income": 81,
        "EBIT": 81,
        "Net Income": 64
    },
    "2017-12-31": {
        "Diluted EPS": 0.0,
        "Total Revenue": NaN,
        "Gross Profit": NaN,
        "Operating Income": NaN,
        "EBIT": NaN,
        "Net Income": NaN
    },
    "2023-09-30": {
        "Tax Effect Of Unusual Items": NaN,
        "Tax Rate For Calcs": NaN,
        "Normalized EBITDA": NaN,
        "Total Unusual Items": NaN,
        "Total Unusual Items Excluding Goodwill": NaN,
        "Net Income From Continuing Operation Net Minority Interest": NaN,
        "Reconciled Depreciation": NaN,
        "Reconciled Cost Of Revenue": NaN,
        "EBITDA": NaN,
        "EBIT": NaN,
        "Net Interest Income": NaN,
        "Interest Expense": NaN,
        "Normalized Income": NaN,
        "Net Income From Continuing And Discontinued Operation": NaN,
        "Total Expenses": NaN,
        "Total Operating Income As Reported": NaN,
        "Diluted Average Shares": NaN,
        "Basic Average Shares": NaN,
        "Diluted EPS": NaN,
        "Basic EPS": NaN,
        "Diluted NI Availto Com Stockholders": NaN,
        "Net Income Common Stockholders": NaN,
        "Net Income": NaN,
        "Net Income Including Noncontrolling Interests": NaN,
        "Net Income Discontinuous Operations": 0.0,
        "Net Income Continuous Operations": NaN,
        "Tax Provision": NaN,
        "Pretax Income": NaN,
        "Other Income Expense": NaN,
        "Other Non Operating Income Expenses": NaN,
        "Special Income Charges": NaN,
        "Impairment Of Capital Assets": 0.0,
        "Restructuring And Mergern Acquisition": NaN,
        "Net Non Operating Interest Income Expense": NaN,
        "Interest Expense Non Operating": NaN,
        "Operating Income": NaN,
        "Operating Expense": NaN,
        "Research And Development": NaN,
        "Selling General And Administration": NaN,
        "Gross Profit": NaN,
        "Cost Of Revenue": NaN,
        "Total Revenue": NaN,
        "Operating Revenue": NaN
    },
    "2023-12-31": {
        "Tax Effect Of Unusual Items": NaN,
        "Tax Rate For Calcs": NaN,
        "Normalized EBITDA": NaN,
        "Total Unusual Items": NaN,
        "Total Unusual Items Excluding Goodwill": NaN,
        "Net Income From Continuing Operation Net Minority Interest": NaN,
        "Reconciled Depreciation": NaN,
        "Reconciled Cost Of Revenue": NaN,
        "EBITDA": NaN,
        "EBIT": NaN,
        "Net Interest Income": NaN,
        "Interest Expense": NaN,
        "Normalized Income": NaN,
        "Net Income From Continuing And Discontinued Operation": NaN,
        "Total Expenses": NaN,
        "Total Operating Income As Reported": NaN,
        "Diluted Average Shares": NaN,
        "Basic Average Shares": NaN,
        "Diluted EPS": NaN,
        "Basic EPS": NaN,
        "Diluted NI Availto Com Stockholders": NaN,
        "Net Income Common Stockholders": NaN,
        "Net Income": NaN,
        "Net Income Including Noncontrolling Interests": NaN,
        "Net Income Discontinuous Operations": 0.0,
        "Net Income Continuous Operations": NaN,
        "Tax Provision": NaN,
        "Pretax Income": NaN,
        "Other Income Expense": NaN,
        "Other Non Operating Income Expenses": NaN,
        "Special Income Charges": NaN,
        "Impairment Of Capital Assets": NaN,
        "Restructuring And Mergern Acquisition": NaN,
        "Net Non Operating Interest Income Expense": NaN,
        "Interest Expense Non Operating": NaN,
        "Operating Income": NaN,
        "Operating Expense": NaN,
        "Research And Development": NaN,
        "Selling General And Administration": NaN,
        "Gross Profit": NaN,
        "Cost Of Revenue": NaN,
        "Total Revenue": NaN,
        "Operating Revenue": NaN
    },
    "2024-03-31": {
        "Tax Effect Of Unusual Items": NaN,
        "Tax Rate For Calcs": NaN,
        "Normalized EBITDA": NaN,
        "Total Unusual Items": NaN,
        "Total Unusual Items Excluding Goodwill": NaN,
        "Net Income From Continuing Operation Net Minority Interest": NaN,
        "Reconciled Depreciation": NaN,
        "Reconciled Cost Of Revenue": NaN,
        "EBITDA": NaN,
        "EBIT": NaN,
        "Net Interest Income": NaN,
        "Interest Expense": NaN,
        "Normalized Income": NaN,
        "Net Income From Continuing And Discontinued Operation": NaN,
        "Total Expenses": NaN,
        "Total Operating Income As Reported": NaN,
        "Diluted Average Shares": NaN,
        "Basic Average Shares": NaN,
        "Diluted EPS": NaN,
        "Basic EPS": NaN,
        "Diluted NI Availto Com Stockholders": NaN,
        "Net Income Common Stockholders": NaN,
        "Net Income": NaN,
        "Net Income Including Noncontrolling Interests": NaN,
        "Net Income Continuous Operations": NaN,
        "Tax Provision": NaN,
        "Pretax Income": NaN,
        "Other Income Expense": NaN,
        "Other Non Operating Income Expenses": NaN,
        "Special Income Charges": NaN,
        "Impairment Of Capital Assets": NaN,
        "Restructuring And Mergern Acquisition": 5200000.0,
        "Net Non Operating Interest Income Expense": NaN,
        "Interest Expense Non Operating": NaN,
        "Operating Income": NaN,
        "Operating Expense": NaN,
        "Research And Development": NaN,
        "Selling General And Administration": NaN,
        "Gross Profit": NaN,
        "Cost Of Revenue": NaN,
        "Total Revenue": NaN,
        "Operating Revenue": NaN
    },
    "2024-06-30": {
        "Tax Effect Of Unusual Items": NaN,
        "Tax Rate For Calcs": NaN,
        "Normalized EBITDA": NaN,
        "Total Unusual Items": NaN,
        "Total Unusual Items Excluding Goodwill": NaN,
        "Net Income From Continuing Operation Net Minority Interest": NaN,
        "Reconciled Depreciation": NaN,
        "Reconciled Cost Of Revenue": NaN,
        "EBITDA": NaN,
        "EBIT": NaN,
        "Net Interest Income": NaN,
        "Interest Expense": NaN,
        "Normalized Income": NaN,
        "Net Income From Continuing And Discontinued Operation": NaN,
        "Total Expenses": NaN,
        "Total Operating Income As Reported": NaN,
        "Diluted Average Shares": NaN,
        "Basic Average Shares": NaN,
        "Diluted EPS": NaN,
        "Basic EPS": NaN,
        "Diluted NI Availto Com Stockholders": NaN,
        "Net Income Common Stockholders": NaN,
        "Net Income": NaN,
        "Net Income Including Noncontrolling Interests": NaN,
        "Net Income Continuous Operations": NaN,
        "Tax Provision": NaN,
        "Pretax Income": NaN,
        "Other Income Expense": NaN,
        "Other Non Operating Income Expenses": NaN,
        "Special Income Charges": NaN,
        "Impairment Of Capital Assets": 1153800000.0,
        "Restructuring And Mergern Acquisition": NaN,
        "Net Non Operating Interest Income Expense": NaN,
        "Interest Expense Non Operating": NaN,
        "Operating Income": NaN,
        "Operating Expense": NaN,
        "Research And Development": NaN,
        "Selling General And Administration": NaN,
        "Gross Profit": NaN,
        "Cost Of Revenue": NaN,
        "Total Revenue": NaN,
        "Operating Revenue": NaN
    },
    "2024-09-30": {
        "Tax Effect Of Unusual Items": 0.0,
        "Tax Rate For Calcs": 0.146,
        "Normalized EBITDA": 58800000.0,
        "Total Unusual Items": 0.0,
        "Total Unusual Items Excluding Goodwill": 0.0,
        "Net Income From Continuing Operation Net Minority Interest": 8200000.0,
        "Reconciled Depreciation": 37300000.0,
        "Reconciled Cost Of Revenue": 283700000.0,
        "EBITDA": 58800000.0,
        "EBIT": 21500000.0,
        "Net Interest Income": -11900000.0,
        "Interest Expense": 11900000.0,
        "Normalized Income": 8200000.0,
        "Net Income From Continuing And Discontinued Operation": 8200000.0,
        "Total Expenses": 580100000.0,
        "Total Operating Income As Reported": 20900000.0,
        "Diluted Average Shares": NaN,
        "Basic Average Shares": NaN,
        "Diluted EPS": NaN,
        "Basic EPS": NaN,
        "Diluted NI Availto Com Stockholders": 8200000.0,
        "Net Income Common Stockholders": 8200000.0,
        "Net Income": 8200000.0,
        "Net Income Including Noncontrolling Interests": 8200000.0,
        "Net Income Continuous Operations": 8200000.0,
        "Tax Provision": 1400000.0,
        "Pretax Income": 9600000.0,
        "Other Income Expense": 600000.0,
        "Other Non Operating Income Expenses": 600000.0,
        "Special Income Charges": 0.0,
        "Impairment Of Capital Assets": 0.0,
        "Restructuring And Mergern Acquisition": NaN,
        "Net Non Operating Interest Income Expense": -11900000.0,
        "Interest Expense Non Operating": 11900000.0,
        "Operating Income": 20900000.0,
        "Operating Expense": 296400000.0,
        "Research And Development": 25500000.0,
        "Selling General And Administration": 270900000.0,
        "Gross Profit": 317300000.0,
        "Cost Of Revenue": 283700000.0,
        "Total Revenue": 601000000.0,
        "Operating Revenue": 601000000.0
    },
    "2024-12-31": {
        "Tax Effect Of Unusual Items": -4536000.0,
        "Tax Rate For Calcs": 0.21,
        "Normalized EBITDA": 104100000.0,
        "Total Unusual Items": -21600000.0,
        "Total Unusual Items Excluding Goodwill": -21600000.0,
        "Net Income From Continuing Operation Net Minority Interest": 1200000.0,
        "Reconciled Depreciation": 36100000.0,
        "Reconciled Cost Of Revenue": 280400000.0,
        "EBITDA": 82500000.0,
        "EBIT": 46400000.0,
        "Net Interest Income": -9900000.0,
        "Interest Expense": 9900000.0,
        "Normalized Income": 18264000.0,
        "Net Income From Continuing And Discontinued Operation": 1200000.0,
        "Total Expenses": 585200000.0,
        "Total Operating Income As Reported": 46100000.0,
        "Diluted Average Shares": 173700000.0,
        "Basic Average Shares": 172500000.0,
        "Diluted EPS": 0.01,
        "Basic EPS": 0.01,
        "Diluted NI Availto Com Stockholders": 1200000.0,
        "Net Income Common Stockholders": 1200000.0,
        "Net Income": 1200000.0,
        "Net Income Including Noncontrolling Interests": 1200000.0,
        "Net Income Continuous Operations": 1200000.0,
        "Tax Provision": 35300000.0,
        "Pretax Income": 36500000.0,
        "Other Income Expense": -21300000.0,
        "Other Non Operating Income Expenses": 300000.0,
        "Special Income Charges": -21600000.0,
        "Impairment Of Capital Assets": 0.0,
        "Restructuring And Mergern Acquisition": NaN,
        "Net Non Operating Interest Income Expense": -9900000.0,
        "Interest Expense Non Operating": 9900000.0,
        "Operating Income": 67700000.0,
        "Operating Expense": 304800000.0,
        "Research And Development": 26700000.0,
        "Selling General And Administration": 278100000.0,
        "Gross Profit": 372500000.0,
        "Cost Of Revenue": 280400000.0,
        "Total Revenue": 652900000.0,
        "Operating Revenue": 652900000.0
    },
    "2025-03-31": {
        "Tax Effect Of Unusual Items": -3183600.0,
        "Tax Rate For Calcs": 0.379,
        "Normalized EBITDA": 83000000.0,
        "Total Unusual Items": -8400000.0,
        "Total Unusual Items Excluding Goodwill": -8400000.0,
        "Net Income From Continuing Operation Net Minority Interest": 18000000.0,
        "Reconciled Depreciation": 36300000.0,
        "Reconciled Cost Of Revenue": 280900000.0,
        "EBITDA": 74600000.0,
        "EBIT": 38300000.0,
        "Net Interest Income": -9300000.0,
        "Interest Expense": 9300000.0,
        "Normalized Income": 23216400.0,
        "Net Income From Continuing And Discontinued Operation": 18000000.0,
        "Total Expenses": 569500000.0,
        "Total Operating Income As Reported": 39000000.0,
        "Diluted Average Shares": 173600000.0,
        "Basic Average Shares": 172400000.0,
        "Diluted EPS": 0.1,
        "Basic EPS": 0.1,
        "Diluted NI Availto Com Stockholders": 18000000.0,
        "Net Income Common Stockholders": 18000000.0,
        "Net Income": 18000000.0,
        "Net Income Including Noncontrolling Interests": 18000000.0,
        "Net Income Continuous Operations": 18000000.0,
        "Tax Provision": 11000000.0,
        "Pretax Income": 29000000.0,
        "Other Income Expense": -9100000.0,
        "Other Non Operating Income Expenses": -700000.0,
        "Special Income Charges": -8400000.0,
        "Impairment Of Capital Assets": NaN,
        "Restructuring And Mergern Acquisition": 8400000.0,
        "Net Non Operating Interest Income Expense": -9300000.0,
        "Interest Expense Non Operating": 9300000.0,
        "Operating Income": 47400000.0,
        "Operating Expense": 288600000.0,
        "Research And Development": 25300000.0,
        "Selling General And Administration": 263300000.0,
        "Gross Profit": 336000000.0,
        "Cost Of Revenue": 280900000.0,
        "Total Revenue": 616900000.0,
        "Operating Revenue": 616900000.0
    },
    "2025-06-30": {
        "Tax Effect Of Unusual Items": 0.0,
        "Tax Rate For Calcs": 0.351,
        "Normalized EBITDA": 87300000.0,
        "Total Unusual Items": 0.0,
        "Total Unusual Items Excluding Goodwill": 0.0,
        "Net Income From Continuing Operation Net Minority Interest": 26400000.0,
        "Reconciled Depreciation": 38600000.0,
        "Reconciled Cost Of Revenue": 312200000.0,
        "EBITDA": 87300000.0,
        "EBIT": 48700000.0,
        "Net Interest Income": -8000000.0,
        "Interest Expense": 8000000.0,
        "Normalized Income": 26400000.0,
        "Net Income From Continuing And Discontinued Operation": 26400000.0,
        "Total Expenses": 635800000.0,
        "Total Operating Income As Reported": 46300000.0,
        "Diluted Average Shares": 169900000.0,
        "Basic Average Shares": 169000000.0,
        "Diluted EPS": 0.16,
        "Basic EPS": 0.16,
        "Diluted NI Availto Com Stockholders": 26400000.0,
        "Net Income Common Stockholders": 26400000.0,
        "Net Income": 26400000.0,
        "Net Income Including Noncontrolling Interests": 26400000.0,
        "Net Income Continuous Operations": 26400000.0,
        "Tax Provision": 14300000.0,
        "Pretax Income": 40700000.0,
        "Other Income Expense": 2400000.0,
        "Other Non Operating Income Expenses": 2400000.0,
        "Special Income Charges": 0.0,
        "Impairment Of Capital Assets": 0.0,
        "Restructuring And Mergern Acquisition": NaN,
        "Net Non Operating Interest Income Expense": -8000000.0,
        "Interest Expense Non Operating": 8000000.0,
        "Operating Income": 46300000.0,
        "Operating Expense": 323600000.0,
        "Research And Development": 28300000.0,
        "Selling General And Administration": 295300000.0,
        "Gross Profit": 369900000.0,
        "Cost Of Revenue": 312200000.0,
        "Total Revenue": 682100000.0,
        "Operating Revenue": 682100000.0
    },
    "2025-09-30": {
        "Tax Effect Of Unusual Items": 0.0,
        "Tax Rate For Calcs": 0.21,
        "Normalized EBITDA": 96700000.0,
        "Total Unusual Items": 0.0,
        "Total Unusual Items Excluding Goodwill": 0.0,
        "Net Income From Continuing Operation Net Minority Interest": -30300000.0,
        "Reconciled Depreciation": 37800000.0,
        "Reconciled Cost Of Revenue": 299700000.0,
        "EBITDA": 96700000.0,
        "EBIT": 58900000.0,
        "Net Interest Income": -9000000.0,
        "Interest Expense": 9000000.0,
        "Normalized Income": -30300000.0,
        "Net Income From Continuing And Discontinued Operation": -30300000.0,
        "Total Expenses": 612400000.0,
        "Total Operating Income As Reported": 57500000.0,
        "Diluted Average Shares": 166100000.0,
        "Basic Average Shares": 166100000.0,
        "Diluted EPS": -0.18,
        "Basic EPS": -0.18,
        "Diluted NI Availto Com Stockholders": -30300000.0,
        "Net Income Common Stockholders": -30300000.0,
        "Net Income": -30300000.0,
        "Net Income Including Noncontrolling Interests": -30300000.0,
        "Net Income Continuous Operations": -30300000.0,
        "Tax Provision": 80200000.0,
        "Pretax Income": 49900000.0,
        "Other Income Expense": 1400000.0,
        "Other Non Operating Income Expenses": 1400000.0,
        "Special Income Charges": 0.0,
        "Impairment Of Capital Assets": 0.0,
        "Restructuring And Mergern Acquisition": NaN,
        "Net Non Operating Interest Income Expense": -9000000.0,
        "Interest Expense Non Operating": 9000000.0,
        "Operating Income": 57500000.0,
        "Operating Expense": 312700000.0,
        "Research And Development": 28300000.0,
        "Selling General And Administration": 284400000.0,
        "Gross Profit": 370200000.0,
        "Cost Of Revenue": 299700000.0,
        "Total Revenue": 669900000.0,
        "Operating Revenue": 669900000.0
    },
    "2025-12-31": {
        "Tax Effect Of Unusual Items": NaN,
        "Tax Rate For Calcs": NaN,
        "Normalized EBITDA": NaN,
        "Total Unusual Items": NaN,
        "Total Unusual Items Excluding Goodwill": NaN,
        "Net Income From Continuing Operation Net Minority Interest": NaN,
        "Reconciled Depreciation": NaN,
        "Reconciled Cost Of Revenue": NaN,
        "EBITDA": NaN,
        "EBIT": NaN,
        "Net Interest Income": NaN,
        "Interest Expense": NaN,
        "Normalized Income": NaN,
        "Net Income From Continuing And Discontinued Operation": NaN,
        "Total Expenses": NaN,
        "Total Operating Income As Reported": NaN,
        "Diluted Average Shares": 166000000.0,
        "Basic Average Shares": 164400000.0,
        "Diluted EPS": 0.2,
        "Basic EPS": 0.2,
        "Diluted NI Availto Com Stockholders": NaN,
        "Net Income Common Stockholders": NaN,
        "Net Income": NaN,
        "Net Income Including Noncontrolling Interests": NaN,
        "Net Income Continuous Operations": NaN,
        "Tax Provision": NaN,
        "Pretax Income": NaN,
        "Other Income Expense": NaN,
        "Other Non Operating Income Expenses": NaN,
        "Special Income Charges": NaN,
        "Impairment Of Capital Assets": NaN,
        "Restructuring And Mergern Acquisition": NaN,
        "Net Non Operating Interest Income Expense": NaN,
        "Interest Expense Non Operating": NaN,
        "Operating Income": NaN,
        "Operating Expense": NaN,
        "Research And Development": NaN,
        "Selling General And Administration": NaN,
        "Gross Profit": NaN,
        "Cost Of Revenue": NaN,
        "Total Revenue": NaN,
        "Operating Revenue": NaN
    }
}