{
    "2023-06-30": {
        "Tax Effect Of Unusual Items": NaN,
        "Tax Rate For Calcs": NaN,
        "Normalized EBITDA": NaN,
        "Total Unusual Items": 10200000.0,
        "Total Unusual Items Excluding Goodwill": 10200000.0,
        "Net Income From Continuing Operation Net Minority Interest": NaN,
        "Reconciled Depreciation": NaN,
        "Reconciled Cost Of Revenue": NaN,
        "EBITDA": NaN,
        "EBIT": NaN,
        "Net Interest Income": NaN,
        "Interest Expense": NaN,
        "Normalized Income": NaN,
        "Net Income From Continuing And Discontinued Operation": NaN,
        "Total Expenses": NaN,
        "Total Operating Income As Reported": NaN,
        "Diluted Average Shares": NaN,
        "Basic Average Shares": NaN,
        "Diluted EPS": NaN,
        "Basic EPS": NaN,
        "Diluted NI Availto Com Stockholders": NaN,
        "Net Income Common Stockholders": NaN,
        "Net Income": NaN,
        "Net Income Including Noncontrolling Interests": NaN,
        "Net Income Discontinuous Operations": NaN,
        "Net Income Continuous Operations": NaN,
        "Tax Provision": NaN,
        "Pretax Income": NaN,
        "Other Income Expense": NaN,
        "Other Non Operating Income Expenses": NaN,
        "Gain On Sale Of Security": 10200000.0,
        "Net Non Operating Interest Income Expense": NaN,
        "Interest Expense Non Operating": NaN,
        "Operating Income": NaN,
        "Operating Expense": NaN,
        "Research And Development": NaN,
        "Selling General And Administration": NaN,
        "Gross Profit": NaN,
        "Cost Of Revenue": NaN,
        "Total Revenue": NaN,
        "Operating Revenue": NaN
    },
    "2023-03-31": {
        "Tax Effect Of Unusual Items": 0.0,
        "Tax Rate For Calcs": 0.185,
        "Normalized EBITDA": 151600000.0,
        "Total Unusual Items": NaN,
        "Total Unusual Items Excluding Goodwill": NaN,
        "Net Income From Continuing Operation Net Minority Interest": 93800000.0,
        "Reconciled Depreciation": 28700000.0,
        "Reconciled Cost Of Revenue": 437400000.0,
        "EBITDA": 151600000.0,
        "EBIT": 122900000.0,
        "Net Interest Income": -7800000.0,
        "Interest Expense": 7800000.0,
        "Normalized Income": 93800000.0,
        "Net Income From Continuing And Discontinued Operation": 93800000.0,
        "Total Expenses": 616500000.0,
        "Total Operating Income As Reported": 124100000.0,
        "Diluted Average Shares": 168000000.0,
        "Basic Average Shares": 165300000.0,
        "Diluted EPS": 0.56,
        "Basic EPS": 0.57,
        "Diluted NI Availto Com Stockholders": 93800000.0,
        "Net Income Common Stockholders": 93800000.0,
        "Net Income": 93800000.0,
        "Net Income Including Noncontrolling Interests": 93800000.0,
        "Net Income Continuous Operations": 93800000.0,
        "Tax Provision": 21300000.0,
        "Pretax Income": 115100000.0,
        "Other Income Expense": -1200000.0,
        "Other Non Operating Income Expenses": -1200000.0,
        "Gain On Sale Of Security": NaN,
        "Net Non Operating Interest Income Expense": -7800000.0,
        "Interest Expense Non Operating": 7800000.0,
        "Operating Income": 124100000.0,
        "Operating Expense": 179100000.0,
        "Research And Development": 16700000.0,
        "Selling General And Administration": 162400000.0,
        "Gross Profit": 303200000.0,
        "Cost Of Revenue": 437400000.0,
        "Total Revenue": 740600000.0,
        "Operating Revenue": 740600000.0
    },
    "2022-12-31": {
        "Tax Effect Of Unusual Items": 0.0,
        "Tax Rate For Calcs": 0.129934,
        "Normalized EBITDA": 219100000.0,
        "Total Unusual Items": NaN,
        "Total Unusual Items Excluding Goodwill": NaN,
        "Net Income From Continuing Operation Net Minority Interest": 158700000.0,
        "Reconciled Depreciation": 28300000.0,
        "Reconciled Cost Of Revenue": 450000000.0,
        "EBITDA": 219100000.0,
        "EBIT": 190800000.0,
        "Net Interest Income": -8400000.0,
        "Interest Expense": 8400000.0,
        "Normalized Income": 158700000.0,
        "Net Income From Continuing And Discontinued Operation": 158700000.0,
        "Total Expenses": 616500000.0,
        "Total Operating Income As Reported": 125100000.0,
        "Diluted Average Shares": 168400000.0,
        "Basic Average Shares": 166200000.0,
        "Diluted EPS": 0.94,
        "Basic EPS": 0.95,
        "Diluted NI Availto Com Stockholders": 158700000.0,
        "Net Income Common Stockholders": 158700000.0,
        "Net Income": 158700000.0,
        "Net Income Including Noncontrolling Interests": 158700000.0,
        "Net Income Continuous Operations": 158700000.0,
        "Tax Provision": 23700000.0,
        "Pretax Income": 182400000.0,
        "Other Income Expense": 65700000.0,
        "Other Non Operating Income Expenses": 65700000.0,
        "Gain On Sale Of Security": NaN,
        "Net Non Operating Interest Income Expense": -8400000.0,
        "Interest Expense Non Operating": 8400000.0,
        "Operating Income": 125100000.0,
        "Operating Expense": 166500000.0,
        "Research And Development": 15900000.0,
        "Selling General And Administration": 150600000.0,
        "Gross Profit": 291600000.0,
        "Cost Of Revenue": 450000000.0,
        "Total Revenue": 741600000.0,
        "Operating Revenue": 741600000.0
    },
    "2022-09-30": {
        "Tax Effect Of Unusual Items": 0.0,
        "Tax Rate For Calcs": 0.165,
        "Normalized EBITDA": 120000000.0,
        "Total Unusual Items": NaN,
        "Total Unusual Items Excluding Goodwill": NaN,
        "Net Income From Continuing Operation Net Minority Interest": 93400000.0,
        "Reconciled Depreciation": 28800000.0,
        "Reconciled Cost Of Revenue": 455200000.0,
        "EBITDA": 120000000.0,
        "EBIT": 120000000.0,
        "Net Interest Income": -8100000.0,
        "Interest Expense": 8100000.0,
        "Normalized Income": 93400000.0,
        "Net Income From Continuing And Discontinued Operation": 93400000.0,
        "Total Expenses": 624700000.0,
        "Total Operating Income As Reported": 120500000.0,
        "Diluted Average Shares": 168300000.0,
        "Basic Average Shares": 166500000.0,
        "Diluted EPS": 0.55,
        "Basic EPS": 0.56,
        "Diluted NI Availto Com Stockholders": 93400000.0,
        "Net Income Common Stockholders": 93400000.0,
        "Net Income": 93400000.0,
        "Net Income Including Noncontrolling Interests": 93400000.0,
        "Net Income Continuous Operations": 93400000.0,
        "Tax Provision": 18500000.0,
        "Pretax Income": 111900000.0,
        "Other Income Expense": -500000.0,
        "Other Non Operating Income Expenses": -500000.0,
        "Special Income Charges": NaN,
        "Gain On Sale Of Security": NaN,
        "Net Non Operating Interest Income Expense": -8100000.0,
        "Interest Expense Non Operating": 8100000.0,
        "Operating Income": 120500000.0,
        "Operating Expense": 169500000.0,
        "Research And Development": 14700000.0,
        "Selling General And Administration": 154800000.0,
        "Gross Profit": 290000000.0,
        "Cost Of Revenue": 455200000.0,
        "Total Revenue": 745200000.0,
        "Operating Revenue": 745200000.0
    },
    "2022-06-30": {
        "Tax Effect Of Unusual Items": 0.0,
        "Tax Rate For Calcs": 0.168,
        "Normalized EBITDA": 132100000.0,
        "Total Unusual Items": NaN,
        "Total Unusual Items Excluding Goodwill": NaN,
        "Net Income From Continuing Operation Net Minority Interest": 79900000.0,
        "Reconciled Depreciation": 28600000.0,
        "Reconciled Cost Of Revenue": 459700000.0,
        "EBITDA": 132100000.0,
        "EBIT": 103500000.0,
        "Net Interest Income": -7500000.0,
        "Interest Expense": 7500000.0,
        "Normalized Income": 79900000.0,
        "Net Income From Continuing And Discontinued Operation": 79900000.0,
        "Total Expenses": 622800000.0,
        "Total Operating Income As Reported": 104700000.0,
        "Diluted Average Shares": 168200000.0,
        "Basic Average Shares": 166400000.0,
        "Diluted EPS": 0.48,
        "Basic EPS": 0.48,
        "Diluted NI Availto Com Stockholders": 79900000.0,
        "Net Income Common Stockholders": 79900000.0,
        "Net Income": 79900000.0,
        "Net Income Including Noncontrolling Interests": 79900000.0,
        "Net Income Continuous Operations": 79900000.0,
        "Tax Provision": 16100000.0,
        "Pretax Income": 96000000.0,
        "Other Income Expense": -1200000.0,
        "Other Non Operating Income Expenses": -1200000.0,
        "Special Income Charges": NaN,
        "Gain On Sale Of Security": NaN,
        "Net Non Operating Interest Income Expense": -7500000.0,
        "Interest Expense Non Operating": 7500000.0,
        "Operating Income": 104700000.0,
        "Operating Expense": 163100000.0,
        "Research And Development": 14600000.0,
        "Selling General And Administration": 148500000.0,
        "Gross Profit": 267800000.0,
        "Cost Of Revenue": 459700000.0,
        "Total Revenue": 727500000.0,
        "Operating Revenue": 727500000.0
    },
    "2022-03-31": {
        "Diluted EPS": 0.4,
        "Total Revenue": 695,
        "Gross Profit": 247,
        "Operating Income": 90,
        "EBIT": 119,
        "Net Income": 68
    },
    "2021-12-31": {
        "Diluted EPS": 0.39,
        "Total Revenue": 669,
        "Gross Profit": 247,
        "Operating Income": 89,
        "EBIT": 118,
        "Net Income": 67
    },
    "2021-09-30": {
        "Diluted EPS": 0.44,
        "Total Revenue": 643,
        "Gross Profit": 251,
        "Operating Income": 98,
        "EBIT": 126,
        "Net Income": 74
    },
    "2021-06-30": {
        "Diluted EPS": 0.39,
        "Total Revenue": 601,
        "Gross Profit": 235,
        "Operating Income": 88,
        "EBIT": 115,
        "Net Income": 66
    },
    "2021-03-31": {
        "Diluted EPS": 0.39,
        "Total Revenue": 549,
        "Gross Profit": 209,
        "Operating Income": 80,
        "EBIT": 106,
        "Net Income": 65
    },
    "2020-12-31": {
        "Diluted EPS": 0.28,
        "Total Revenue": 521,
        "Gross Profit": 197,
        "Operating Income": 74,
        "EBIT": 100,
        "Net Income": 47
    },
    "2020-09-30": {
        "Diluted EPS": -0.82,
        "Total Revenue": 509,
        "Gross Profit": 197,
        "Operating Income": -142,
        "EBIT": -116,
        "Net Income": -139
    },
    "2020-06-30": {
        "Diluted EPS": 0.15,
        "Total Revenue": 447,
        "Gross Profit": 160,
        "Operating Income": 45,
        "EBIT": 71,
        "Net Income": 26
    },
    "2020-03-31": {
        "Diluted EPS": 0.11,
        "Total Revenue": 521,
        "Gross Profit": 195,
        "Operating Income": 60,
        "EBIT": 86,
        "Net Income": 19
    },
    "2019-12-31": {
        "Diluted EPS": 0.27,
        "Total Revenue": 567,
        "Gross Profit": 220,
        "Operating Income": 83,
        "EBIT": 108,
        "Net Income": 46
    },
    "2019-09-30": {
        "Diluted EPS": 0.35,
        "Total Revenue": 560,
        "Gross Profit": 224,
        "Operating Income": 86,
        "EBIT": 110,
        "Net Income": 60
    },
    "2019-06-30": {
        "Diluted EPS": 0.35,
        "Total Revenue": 540,
        "Gross Profit": 212,
        "Operating Income": 87,
        "EBIT": 111,
        "Net Income": 61
    },
    "2019-03-31": {
        "Diluted EPS": 0.32,
        "Total Revenue": 538,
        "Gross Profit": 210,
        "Operating Income": 78,
        "EBIT": 101,
        "Net Income": 56
    },
    "2018-12-31": {
        "Diluted EPS": 0.37,
        "Total Revenue": 568,
        "Gross Profit": 219,
        "Operating Income": 86,
        "EBIT": 110,
        "Net Income": 67
    },
    "2018-09-30": {
        "Diluted EPS": 0.38,
        "Total Revenue": 564,
        "Gross Profit": 229,
        "Operating Income": 94,
        "EBIT": 118,
        "Net Income": 68
    },
    "2018-06-30": {
        "Diluted EPS": 0.24,
        "Total Revenue": 543,
        "Gross Profit": 219,
        "Operating Income": 65,
        "EBIT": 90,
        "Net Income": 43
    },
    "2018-03-31": {
        "Diluted EPS": 0.29,
        "Total Revenue": 539,
        "Gross Profit": 209,
        "Operating Income": 66,
        "EBIT": 90,
        "Net Income": 52
    },
    "2017-12-31": {
        "Diluted EPS": 0.86,
        "Total Revenue": 542,
        "Gross Profit": 213,
        "Operating Income": 59,
        "EBIT": 84,
        "Net Income": 156
    },
    "2017-09-30": {
        "Diluted EPS": 0.44,
        "Total Revenue": 541,
        "Gross Profit": 220,
        "Operating Income": 100,
        "EBIT": 124,
        "Net Income": 80
    },
    "2017-06-30": {
        "Diluted EPS": 0.39,
        "Total Revenue": 513,
        "Gross Profit": 210,
        "Operating Income": 90,
        "EBIT": 114,
        "Net Income": 71
    },
    "2017-03-31": {
        "Diluted EPS": 0.31,
        "Total Revenue": 502,
        "Gross Profit": 199,
        "Operating Income": 68,
        "EBIT": 92,
        "Net Income": 55
    },
    "2016-12-31": {
        "Diluted EPS": 0.0,
        "Total Revenue": NaN,
        "Gross Profit": NaN,
        "Operating Income": NaN,
        "EBIT": NaN,
        "Net Income": NaN
    },
    "2023-09-30": {
        "Tax Effect Of Unusual Items": NaN,
        "Tax Rate For Calcs": NaN,
        "Normalized EBITDA": NaN,
        "Total Unusual Items": NaN,
        "Total Unusual Items Excluding Goodwill": NaN,
        "Net Income From Continuing Operation Net Minority Interest": NaN,
        "Reconciled Depreciation": NaN,
        "Reconciled Cost Of Revenue": NaN,
        "EBITDA": NaN,
        "EBIT": NaN,
        "Net Interest Income": NaN,
        "Interest Expense": NaN,
        "Normalized Income": NaN,
        "Net Income From Continuing And Discontinued Operation": NaN,
        "Total Expenses": NaN,
        "Total Operating Income As Reported": NaN,
        "Diluted Average Shares": NaN,
        "Basic Average Shares": NaN,
        "Diluted EPS": NaN,
        "Basic EPS": NaN,
        "Diluted NI Availto Com Stockholders": NaN,
        "Net Income Common Stockholders": NaN,
        "Net Income": NaN,
        "Net Income Including Noncontrolling Interests": NaN,
        "Net Income Discontinuous Operations": 23600000.0,
        "Net Income Continuous Operations": NaN,
        "Tax Provision": NaN,
        "Pretax Income": NaN,
        "Other Income Expense": NaN,
        "Other Non Operating Income Expenses": NaN,
        "Gain On Sale Of Security": NaN,
        "Net Non Operating Interest Income Expense": NaN,
        "Interest Expense Non Operating": NaN,
        "Operating Income": NaN,
        "Operating Expense": NaN,
        "Research And Development": NaN,
        "Selling General And Administration": NaN,
        "Gross Profit": NaN,
        "Cost Of Revenue": NaN,
        "Total Revenue": NaN,
        "Operating Revenue": NaN
    },
    "2023-12-31": {
        "Tax Effect Of Unusual Items": NaN,
        "Tax Rate For Calcs": NaN,
        "Normalized EBITDA": NaN,
        "Total Unusual Items": 100000.0,
        "Total Unusual Items Excluding Goodwill": 100000.0,
        "Net Income From Continuing Operation Net Minority Interest": NaN,
        "Reconciled Depreciation": NaN,
        "Reconciled Cost Of Revenue": NaN,
        "EBITDA": NaN,
        "EBIT": NaN,
        "Net Interest Income": NaN,
        "Interest Expense": NaN,
        "Normalized Income": NaN,
        "Net Income From Continuing And Discontinued Operation": NaN,
        "Total Expenses": NaN,
        "Total Operating Income As Reported": NaN,
        "Diluted Average Shares": NaN,
        "Basic Average Shares": NaN,
        "Diluted EPS": NaN,
        "Basic EPS": NaN,
        "Diluted NI Availto Com Stockholders": NaN,
        "Net Income Common Stockholders": NaN,
        "Net Income": NaN,
        "Net Income Including Noncontrolling Interests": NaN,
        "Net Income Discontinuous Operations": NaN,
        "Net Income Continuous Operations": NaN,
        "Tax Provision": NaN,
        "Pretax Income": NaN,
        "Other Income Expense": NaN,
        "Other Non Operating Income Expenses": NaN,
        "Gain On Sale Of Security": 100000.0,
        "Net Non Operating Interest Income Expense": NaN,
        "Interest Expense Non Operating": NaN,
        "Operating Income": NaN,
        "Operating Expense": NaN,
        "Research And Development": NaN,
        "Selling General And Administration": NaN,
        "Gross Profit": NaN,
        "Cost Of Revenue": NaN,
        "Total Revenue": NaN,
        "Operating Revenue": NaN
    },
    "2024-03-31": {
        "Tax Effect Of Unusual Items": 0.0,
        "Tax Rate For Calcs": 0.214747,
        "Normalized EBITDA": 163500000.0,
        "Total Unusual Items": NaN,
        "Total Unusual Items Excluding Goodwill": NaN,
        "Net Income From Continuing Operation Net Minority Interest": 85200000.0,
        "Reconciled Depreciation": 32800000.0,
        "Reconciled Cost Of Revenue": 441200000.0,
        "EBITDA": 163500000.0,
        "EBIT": 130700000.0,
        "Net Interest Income": -22200000.0,
        "Interest Expense": 22200000.0,
        "Normalized Income": 85200000.0,
        "Net Income From Continuing And Discontinued Operation": 105100000.0,
        "Total Expenses": 600200000.0,
        "Total Operating Income As Reported": 131900000.0,
        "Diluted Average Shares": 168500000.0,
        "Basic Average Shares": 165500000.0,
        "Diluted EPS": 0.62,
        "Basic EPS": 0.64,
        "Diluted NI Availto Com Stockholders": 105100000.0,
        "Net Income Common Stockholders": 105100000.0,
        "Net Income": 105100000.0,
        "Net Income Including Noncontrolling Interests": 105100000.0,
        "Net Income Discontinuous Operations": 19900000.0,
        "Net Income Continuous Operations": 85200000.0,
        "Tax Provision": 23300000.0,
        "Pretax Income": 108500000.0,
        "Other Income Expense": -1200000.0,
        "Other Non Operating Income Expenses": -1200000.0,
        "Gain On Sale Of Security": NaN,
        "Net Non Operating Interest Income Expense": -22200000.0,
        "Interest Expense Non Operating": 22200000.0,
        "Operating Income": 131900000.0,
        "Operating Expense": 159000000.0,
        "Research And Development": 16300000.0,
        "Selling General And Administration": 142700000.0,
        "Gross Profit": 290900000.0,
        "Cost Of Revenue": 441200000.0,
        "Total Revenue": 732100000.0,
        "Operating Revenue": 732100000.0
    },
    "2024-06-30": {
        "Tax Effect Of Unusual Items": 0.0,
        "Tax Rate For Calcs": 0.223333,
        "Normalized EBITDA": 175900000.0,
        "Net Income From Continuing Operation Net Minority Interest": 93200000.0,
        "Reconciled Depreciation": 31900000.0,
        "Reconciled Cost Of Revenue": 432200000.0,
        "EBITDA": 175900000.0,
        "EBIT": 144000000.0,
        "Net Interest Income": -24000000.0,
        "Interest Expense": 24000000.0,
        "Normalized Income": 93200000.0,
        "Net Income From Continuing And Discontinued Operation": 111000000.0,
        "Total Expenses": 594900000.0,
        "Total Operating Income As Reported": 144900000.0,
        "Diluted Average Shares": 168900000.0,
        "Basic Average Shares": 166100000.0,
        "Diluted EPS": 0.66,
        "Basic EPS": 0.67,
        "Diluted NI Availto Com Stockholders": 111000000.0,
        "Net Income Common Stockholders": 111000000.0,
        "Net Income": 111000000.0,
        "Net Income Including Noncontrolling Interests": 111000000.0,
        "Net Income Discontinuous Operations": 17800000.0,
        "Net Income Continuous Operations": 93200000.0,
        "Tax Provision": 26800000.0,
        "Pretax Income": 120000000.0,
        "Other Income Expense": -900000.0,
        "Other Non Operating Income Expenses": -900000.0,
        "Net Non Operating Interest Income Expense": -24000000.0,
        "Interest Expense Non Operating": 24000000.0,
        "Operating Income": 144900000.0,
        "Operating Expense": 162700000.0,
        "Research And Development": 16500000.0,
        "Selling General And Administration": 146200000.0,
        "Gross Profit": 307600000.0,
        "Cost Of Revenue": 432200000.0,
        "Total Revenue": 739800000.0,
        "Operating Revenue": 739800000.0
    },
    "2024-09-30": {
        "Tax Effect Of Unusual Items": 0.0,
        "Tax Rate For Calcs": 0.223,
        "Normalized EBITDA": 171800000.0,
        "Net Income From Continuing Operation Net Minority Interest": 78900000.0,
        "Reconciled Depreciation": 39800000.0,
        "Reconciled Cost Of Revenue": 470900000.0,
        "EBITDA": 171800000.0,
        "EBIT": 132000000.0,
        "Net Interest Income": -30400000.0,
        "Interest Expense": 30400000.0,
        "Normalized Income": 78900000.0,
        "Net Income From Continuing And Discontinued Operation": 105000000.0,
        "Total Expenses": 648800000.0,
        "Total Operating Income As Reported": 133200000.0,
        "Diluted Average Shares": 168100000.0,
        "Basic Average Shares": 165600000.0,
        "Diluted EPS": 0.62,
        "Basic EPS": 0.63,
        "Diluted NI Availto Com Stockholders": 105000000.0,
        "Net Income Common Stockholders": 105000000.0,
        "Net Income": 105000000.0,
        "Net Income Including Noncontrolling Interests": 105000000.0,
        "Net Income Discontinuous Operations": 26100000.0,
        "Net Income Continuous Operations": 78900000.0,
        "Tax Provision": 22700000.0,
        "Pretax Income": 101600000.0,
        "Other Income Expense": -1200000.0,
        "Other Non Operating Income Expenses": -1200000.0,
        "Net Non Operating Interest Income Expense": -30400000.0,
        "Interest Expense Non Operating": 30400000.0,
        "Operating Income": 133200000.0,
        "Operating Expense": 177900000.0,
        "Research And Development": 16100000.0,
        "Selling General And Administration": 161800000.0,
        "Gross Profit": 311100000.0,
        "Cost Of Revenue": 470900000.0,
        "Total Revenue": 782000000.0,
        "Operating Revenue": 782000000.0
    },
    "2024-12-31": {
        "Tax Effect Of Unusual Items": 0.0,
        "Tax Rate For Calcs": 0.25,
        "Normalized EBITDA": 170000000.0,
        "Net Income From Continuing Operation Net Minority Interest": -16500000.0,
        "Reconciled Depreciation": 41500000.0,
        "Reconciled Cost Of Revenue": 452700000.0,
        "EBITDA": 170000000.0,
        "EBIT": 128500000.0,
        "Net Interest Income": -29400000.0,
        "Interest Expense": 29400000.0,
        "Normalized Income": -16500000.0,
        "Net Income From Continuing And Discontinued Operation": 10700000.0,
        "Total Expenses": 635100000.0,
        "Total Operating Income As Reported": 117100000.0,
        "Diluted Average Shares": 167400000.0,
        "Basic Average Shares": 164900000.0,
        "Diluted EPS": 0.06,
        "Basic EPS": 0.06,
        "Diluted NI Availto Com Stockholders": 10700000.0,
        "Net Income Common Stockholders": 10700000.0,
        "Net Income": 10700000.0,
        "Net Income Including Noncontrolling Interests": 10700000.0,
        "Net Income Discontinuous Operations": 27200000.0,
        "Net Income Continuous Operations": -16500000.0,
        "Tax Provision": 115600000.0,
        "Pretax Income": 99100000.0,
        "Other Income Expense": 11400000.0,
        "Other Non Operating Income Expenses": 11400000.0,
        "Net Non Operating Interest Income Expense": -29400000.0,
        "Interest Expense Non Operating": 29400000.0,
        "Operating Income": 117100000.0,
        "Operating Expense": 182400000.0,
        "Research And Development": 17200000.0,
        "Selling General And Administration": 165200000.0,
        "Gross Profit": 299500000.0,
        "Cost Of Revenue": 452700000.0,
        "Total Revenue": 752200000.0,
        "Operating Revenue": 752200000.0
    },
    "2025-03-31": {
        "Tax Effect Of Unusual Items": 0.0,
        "Tax Rate For Calcs": 0.22,
        "Normalized EBITDA": 170900000.0,
        "Net Income From Continuing Operation Net Minority Interest": 87000000.0,
        "Reconciled Depreciation": 42000000.0,
        "Reconciled Cost Of Revenue": 495600000.0,
        "EBITDA": 170900000.0,
        "EBIT": 128900000.0,
        "Net Interest Income": -17400000.0,
        "Interest Expense": 17400000.0,
        "Normalized Income": 87000000.0,
        "Net Income From Continuing And Discontinued Operation": 360700000.0,
        "Total Expenses": 679300000.0,
        "Total Operating Income As Reported": 130000000.0,
        "Diluted Average Shares": 167300000.0,
        "Basic Average Shares": 165100000.0,
        "Diluted EPS": 2.16,
        "Basic EPS": 2.18,
        "Diluted NI Availto Com Stockholders": 360700000.0,
        "Net Income Common Stockholders": 360700000.0,
        "Net Income": 360700000.0,
        "Net Income Including Noncontrolling Interests": 360700000.0,
        "Net Income Discontinuous Operations": 273700000.0,
        "Net Income Continuous Operations": 87000000.0,
        "Tax Provision": 24500000.0,
        "Pretax Income": 111500000.0,
        "Other Income Expense": -1100000.0,
        "Other Non Operating Income Expenses": -1100000.0,
        "Net Non Operating Interest Income Expense": -17400000.0,
        "Interest Expense Non Operating": 17400000.0,
        "Operating Income": 130000000.0,
        "Operating Expense": 183700000.0,
        "Research And Development": 17500000.0,
        "Selling General And Administration": 166200000.0,
        "Gross Profit": 313700000.0,
        "Cost Of Revenue": 495600000.0,
        "Total Revenue": 809300000.0,
        "Operating Revenue": 809300000.0
    },
    "2025-06-30": {
        "Tax Effect Of Unusual Items": 0.0,
        "Tax Rate For Calcs": 0.226812,
        "Normalized EBITDA": 205900000.0,
        "Net Income From Continuing Operation Net Minority Interest": 106700000.0,
        "Reconciled Depreciation": 50300000.0,
        "Reconciled Cost Of Revenue": 591300000.0,
        "EBITDA": 205900000.0,
        "EBIT": 155600000.0,
        "Net Interest Income": -17600000.0,
        "Interest Expense": 17600000.0,
        "Normalized Income": 106700000.0,
        "Net Income From Continuing And Discontinued Operation": 109500000.0,
        "Total Expenses": 806400000.0,
        "Total Operating Income As Reported": 156700000.0,
        "Diluted Average Shares": 163600000.0,
        "Basic Average Shares": 161700000.0,
        "Diluted EPS": 0.67,
        "Basic EPS": 0.68,
        "Diluted NI Availto Com Stockholders": 109500000.0,
        "Net Income Common Stockholders": 109500000.0,
        "Net Income": 109500000.0,
        "Net Income Including Noncontrolling Interests": 109500000.0,
        "Net Income Discontinuous Operations": 2800000.0,
        "Net Income Continuous Operations": 106700000.0,
        "Tax Provision": 31300000.0,
        "Pretax Income": 138000000.0,
        "Other Income Expense": -1100000.0,
        "Other Non Operating Income Expenses": -1100000.0,
        "Net Non Operating Interest Income Expense": -17600000.0,
        "Interest Expense Non Operating": 17600000.0,
        "Operating Income": 156700000.0,
        "Operating Expense": 215100000.0,
        "Research And Development": 19100000.0,
        "Selling General And Administration": 196000000.0,
        "Gross Profit": 371800000.0,
        "Cost Of Revenue": 591300000.0,
        "Total Revenue": 963100000.0,
        "Operating Revenue": 963100000.0
    }
}