{
    "2023-03-31": {
        "Tax Effect Of Unusual Items": -313931.128749,
        "Tax Rate For Calcs": 0.00497,
        "Normalized EBITDA": -83524000.0,
        "Total Unusual Items": -63160000.0,
        "Total Unusual Items Excluding Goodwill": -63160000.0,
        "Net Income From Continuing Operation Net Minority Interest": -192183000.0,
        "Reconciled Depreciation": 34963000.0,
        "Reconciled Cost Of Revenue": 88442000.0,
        "EBITDA": -146684000.0,
        "EBIT": -181647000.0,
        "Net Interest Income": -31355000.0,
        "Interest Expense": 11496000.0,
        "Normalized Income": -129336931.128749,
        "Net Income From Continuing And Discontinued Operation": -192183000.0,
        "Total Expenses": 240171000.0,
        "Total Operating Income As Reported": -175371000.0,
        "Diluted Average Shares": 249907000.0,
        "Basic Average Shares": 249907000.0,
        "Diluted EPS": -0.77,
        "Basic EPS": -0.77,
        "Diluted NI Availto Com Stockholders": -192183000.0,
        "Net Income Common Stockholders": -192183000.0,
        "Net Income": -192183000.0,
        "Net Income Including Noncontrolling Interests": -192183000.0,
        "Net Income Continuous Operations": -192183000.0,
        "Tax Provision": -960000.0,
        "Pretax Income": -193143000.0,
        "Other Income Expense": -38973000.0,
        "Other Non Operating Income Expenses": 24187000.0,
        "Special Income Charges": -63160000.0,
        "Gain On Sale Of Ppe": NaN,
        "Other Special Charges": 10822000.0,
        "Impairment Of Capital Assets": 50354000.0,
        "Restructuring And Mergern Acquisition": 1984000.0,
        "Net Non Operating Interest Income Expense": -31355000.0,
        "Total Other Finance Cost": 19859000.0,
        "Interest Expense Non Operating": 11496000.0,
        "Operating Income": -122815000.0,
        "Operating Expense": 151729000.0,
        "Research And Development": 61978000.0,
        "Selling General And Administration": 89751000.0,
        "Selling And Marketing Expense": 44510000.0,
        "General And Administrative Expense": 45241000.0,
        "Other Gand A": 45241000.0,
        "Gross Profit": 28914000.0,
        "Cost Of Revenue": 88442000.0,
        "Total Revenue": 117356000.0,
        "Operating Revenue": 112623000.0
    },
    "2022-12-31": {
        "Tax Effect Of Unusual Items": 2695994.142816,
        "Tax Rate For Calcs": 0.050899,
        "Normalized EBITDA": -106195000.0,
        "Total Unusual Items": 52968000.0,
        "Total Unusual Items Excluding Goodwill": 52968000.0,
        "Net Income From Continuing Operation Net Minority Interest": -99817000.0,
        "Reconciled Depreciation": 37345000.0,
        "Reconciled Cost Of Revenue": 92844000.0,
        "EBITDA": -53227000.0,
        "EBIT": -90572000.0,
        "Net Interest Income": -14598000.0,
        "Interest Expense": 14598000.0,
        "Normalized Income": -150089005.857184,
        "Net Income From Continuing And Discontinued Operation": -99817000.0,
        "Total Expenses": 254411000.0,
        "Total Operating Income As Reported": -94895000.0,
        "Diluted Average Shares": 243948000.0,
        "Basic Average Shares": 243948000.0,
        "Diluted EPS": -0.41,
        "Basic EPS": -0.41,
        "Diluted NI Availto Com Stockholders": -99817000.0,
        "Net Income Common Stockholders": -99817000.0,
        "Net Income": -99817000.0,
        "Net Income Including Noncontrolling Interests": -99817000.0,
        "Net Income Continuous Operations": -99817000.0,
        "Tax Provision": -5353000.0,
        "Pretax Income": -105170000.0,
        "Other Income Expense": 41385000.0,
        "Other Non Operating Income Expenses": -11583000.0,
        "Special Income Charges": 52968000.0,
        "Gain On Sale Of Ppe": 96146000.0,
        "Other Special Charges": NaN,
        "Impairment Of Capital Assets": 48982000.0,
        "Restructuring And Mergern Acquisition": -5804000.0,
        "Net Non Operating Interest Income Expense": -14598000.0,
        "Total Other Finance Cost": NaN,
        "Interest Expense Non Operating": 14598000.0,
        "Operating Income": -131957000.0,
        "Operating Expense": 161567000.0,
        "Research And Development": 71529000.0,
        "Selling General And Administration": 90038000.0,
        "Selling And Marketing Expense": 46795000.0,
        "General And Administrative Expense": 43243000.0,
        "Other Gand A": 43243000.0,
        "Gross Profit": 29610000.0,
        "Cost Of Revenue": 92844000.0,
        "Total Revenue": 122454000.0,
        "Operating Revenue": 119042000.0
    },
    "2022-09-30": {
        "Tax Effect Of Unusual Items": -442509.847001,
        "Tax Rate For Calcs": 0.003534,
        "Normalized EBITDA": -122378000.0,
        "Total Unusual Items": -125222000.0,
        "Total Unusual Items Excluding Goodwill": -125222000.0,
        "Net Income From Continuing Operation Net Minority Interest": -301156000.0,
        "Reconciled Depreciation": 40479000.0,
        "Reconciled Cost Of Revenue": 116956000.0,
        "EBITDA": -247600000.0,
        "EBIT": -288079000.0,
        "Net Interest Income": -14145000.0,
        "Interest Expense": 14145000.0,
        "Normalized Income": -176376509.847001,
        "Net Income From Continuing And Discontinued Operation": -301156000.0,
        "Total Expenses": 298265000.0,
        "Total Operating Income As Reported": -289951000.0,
        "Diluted Average Shares": 237974000.0,
        "Basic Average Shares": 237974000.0,
        "Diluted EPS": -1.27,
        "Basic EPS": -1.27,
        "Diluted NI Availto Com Stockholders": -301156000.0,
        "Net Income Common Stockholders": -301156000.0,
        "Net Income": -301156000.0,
        "Net Income Including Noncontrolling Interests": -301156000.0,
        "Net Income Continuous Operations": -301156000.0,
        "Tax Provision": -1068000.0,
        "Pretax Income": -302224000.0,
        "Other Income Expense": -123350000.0,
        "Other Non Operating Income Expenses": 1872000.0,
        "Special Income Charges": -125222000.0,
        "Gain On Sale Of Ppe": -48792000.0,
        "Other Special Charges": NaN,
        "Impairment Of Capital Assets": 6708000.0,
        "Restructuring And Mergern Acquisition": 69722000.0,
        "Net Non Operating Interest Income Expense": -14145000.0,
        "Total Other Finance Cost": NaN,
        "Interest Expense Non Operating": 14145000.0,
        "Operating Income": -164729000.0,
        "Operating Expense": 181309000.0,
        "Research And Development": 87177000.0,
        "Selling General And Administration": 94132000.0,
        "Selling And Marketing Expense": 49193000.0,
        "General And Administrative Expense": 44939000.0,
        "Other Gand A": 44939000.0,
        "Gross Profit": 16580000.0,
        "Cost Of Revenue": 116956000.0,
        "Total Revenue": 133536000.0,
        "Operating Revenue": 128839000.0
    },
    "2022-06-30": {
        "Tax Effect Of Unusual Items": -3265267.437112,
        "Tax Rate For Calcs": 0.00141,
        "Normalized EBITDA": -159998000.0,
        "Total Unusual Items": -2315860000.0,
        "Total Unusual Items Excluding Goodwill": -2315860000.0,
        "Net Income From Continuing Operation Net Minority Interest": -2523461000.0,
        "Reconciled Depreciation": 37147000.0,
        "Reconciled Cost Of Revenue": 110340000.0,
        "EBITDA": -2475858000.0,
        "EBIT": -2513005000.0,
        "Net Interest Income": -14019000.0,
        "Interest Expense": 14019000.0,
        "Normalized Income": -210866267.437112,
        "Net Income From Continuing And Discontinued Operation": -2523461000.0,
        "Total Expenses": 341093000.0,
        "Total Operating Income As Reported": -2520331000.0,
        "Diluted Average Shares": 232117000.0,
        "Basic Average Shares": 232117000.0,
        "Diluted EPS": -10.87,
        "Basic EPS": -10.87,
        "Diluted NI Availto Com Stockholders": -2523461000.0,
        "Net Income Common Stockholders": -2523461000.0,
        "Net Income": -2523461000.0,
        "Net Income Including Noncontrolling Interests": -2523461000.0,
        "Net Income Continuous Operations": -2523461000.0,
        "Tax Provision": -3563000.0,
        "Pretax Income": -2527024000.0,
        "Other Income Expense": -2308534000.0,
        "Other Non Operating Income Expenses": 7326000.0,
        "Special Income Charges": -2315860000.0,
        "Gain On Sale Of Ppe": NaN,
        "Other Special Charges": NaN,
        "Impairment Of Capital Assets": 2317864000.0,
        "Restructuring And Mergern Acquisition": -2004000.0,
        "Net Non Operating Interest Income Expense": -14019000.0,
        "Total Other Finance Cost": NaN,
        "Interest Expense Non Operating": 14019000.0,
        "Operating Income": -204471000.0,
        "Operating Expense": 230753000.0,
        "Research And Development": 115146000.0,
        "Selling General And Administration": 115607000.0,
        "Selling And Marketing Expense": 62749000.0,
        "General And Administrative Expense": 52858000.0,
        "Other Gand A": 52858000.0,
        "Gross Profit": 26282000.0,
        "Cost Of Revenue": 110340000.0,
        "Total Revenue": 136622000.0,
        "Operating Revenue": 133182000.0
    },
    "2022-03-31": {
        "Diluted EPS": -0.8,
        "Total Revenue": 124,
        "Gross Profit": 27,
        "Operating Income": -213,
        "EBIT": -182,
        "Net Income": -182
    },
    "2021-12-31": {
        "Diluted EPS": -0.86,
        "Total Revenue": 126,
        "Gross Profit": 30,
        "Operating Income": -215,
        "EBIT": -186,
        "Net Income": -205
    },
    "2021-09-30": {
        "Diluted EPS": -0.91,
        "Total Revenue": 114,
        "Gross Profit": 27,
        "Operating Income": -193,
        "EBIT": -166,
        "Net Income": -198
    },
    "2021-06-30": {
        "Diluted EPS": 0.53,
        "Total Revenue": 116,
        "Gross Profit": 27,
        "Operating Income": 129,
        "EBIT": 153,
        "Net Income": 134
    },
    "2021-03-31": {
        "Diluted EPS": -0.56,
        "Total Revenue": 104,
        "Gross Profit": 28,
        "Operating Income": -112,
        "EBIT": -92,
        "Net Income": -109
    },
    "2020-12-31": {
        "Diluted EPS": -1.41,
        "Total Revenue": 100,
        "Gross Profit": 32,
        "Operating Income": -331,
        "EBIT": -308,
        "Net Income": -234
    },
    "2020-09-30": {
        "Diluted EPS": -0.78,
        "Total Revenue": 69,
        "Gross Profit": 22,
        "Operating Income": -81,
        "EBIT": -69,
        "Net Income": -103
    },
    "2020-06-30": {
        "Diluted EPS": -1.29,
        "Total Revenue": 46,
        "Gross Profit": 3,
        "Operating Income": -142,
        "EBIT": -130,
        "Net Income": -166
    },
    "2020-03-31": {
        "Diluted EPS": -0.99,
        "Total Revenue": 64,
        "Gross Profit": 24,
        "Operating Income": -98,
        "EBIT": -88,
        "Net Income": -99
    },
    "2019-12-31": {
        "Diluted EPS": -0.83,
        "Total Revenue": 66,
        "Gross Profit": 30,
        "Operating Income": -79,
        "EBIT": -71,
        "Net Income": -77
    },
    "2019-09-30": {
        "Diluted EPS": -0.82,
        "Total Revenue": 57,
        "Gross Profit": 24,
        "Operating Income": -77,
        "EBIT": -72,
        "Net Income": -79
    },
    "2019-06-30": {
        "Diluted EPS": -0.54,
        "Total Revenue": 53,
        "Gross Profit": 25,
        "Operating Income": -52,
        "EBIT": -48,
        "Net Income": -49
    },
    "2019-03-31": {
        "Diluted EPS": -0.47,
        "Total Revenue": 41,
        "Gross Profit": 19,
        "Operating Income": -36,
        "EBIT": -33,
        "Net Income": -38
    },
    "2018-12-31": {
        "Diluted EPS": -0.36,
        "Total Revenue": 45,
        "Gross Profit": 24,
        "Operating Income": -26,
        "EBIT": -23,
        "Net Income": -30
    },
    "2018-09-30": {
        "Diluted EPS": -0.45,
        "Total Revenue": 37,
        "Gross Profit": 17,
        "Operating Income": -30,
        "EBIT": -26,
        "Net Income": -32
    },
    "2018-06-30": {
        "Diluted EPS": -0.47,
        "Total Revenue": 37,
        "Gross Profit": 17,
        "Operating Income": -30,
        "EBIT": -27,
        "Net Income": -32
    },
    "2018-03-31": {
        "Diluted EPS": -0.66,
        "Total Revenue": 28,
        "Gross Profit": 10,
        "Operating Income": -36,
        "EBIT": -33,
        "Net Income": -36
    },
    "2017-12-31": {
        "Diluted EPS": -0.78,
        "Total Revenue": 25,
        "Gross Profit": 8,
        "Operating Income": -35,
        "EBIT": -32,
        "Net Income": -40
    },
    "2017-09-30": {
        "Diluted EPS": -0.57,
        "Total Revenue": 18,
        "Gross Profit": 5,
        "Operating Income": -31,
        "EBIT": -28,
        "Net Income": -27
    },
    "2017-06-30": {
        "Diluted EPS": -0.66,
        "Total Revenue": 14,
        "Gross Profit": 4,
        "Operating Income": -28,
        "EBIT": -26,
        "Net Income": -29
    },
    "2017-03-31": {
        "Diluted EPS": -0.64,
        "Total Revenue": 10,
        "Gross Profit": 1,
        "Operating Income": -27,
        "EBIT": -26,
        "Net Income": -27
    },
    "2016-12-31": {
        "Diluted EPS": -0.68,
        "Total Revenue": 9,
        "Gross Profit": 1,
        "Operating Income": -25,
        "EBIT": -24,
        "Net Income": -25
    },
    "2016-09-30": {
        "Diluted EPS": -0.77,
        "Total Revenue": 6,
        "Gross Profit": -1,
        "Operating Income": -25,
        "EBIT": -23,
        "Net Income": -25
    },
    "2016-06-30": {
        "Diluted EPS": -0.77,
        "Total Revenue": 6,
        "Gross Profit": -1,
        "Operating Income": -25,
        "EBIT": -23,
        "Net Income": -25
    },
    "2016-03-31": {
        "Diluted EPS": -0.8,
        "Total Revenue": 4,
        "Gross Profit": -2,
        "Operating Income": -25,
        "EBIT": -24,
        "Net Income": -26
    },
    "2015-12-31": {
        "Diluted EPS": -0.62,
        "Total Revenue": 3,
        "Gross Profit": -2,
        "Operating Income": -24,
        "EBIT": -23,
        "Net Income": -24
    },
    "2015-09-30": {
        "Diluted EPS": -0.71,
        "Total Revenue": 2,
        "Gross Profit": -2,
        "Operating Income": -22,
        "EBIT": -21,
        "Net Income": -23
    },
    "2015-06-30": {
        "Diluted EPS": -0.76,
        "Total Revenue": 2,
        "Gross Profit": -2,
        "Operating Income": -24,
        "EBIT": -23,
        "Net Income": -24
    },
    "2015-03-31": {
        "Diluted EPS": -1.09,
        "Total Revenue": 1,
        "Gross Profit": -2,
        "Operating Income": -19,
        "EBIT": -18,
        "Net Income": -19
    },
    "2014-12-31": {
        "Diluted EPS": -16.75,
        "Total Revenue": 1,
        "Gross Profit": -1,
        "Operating Income": -15,
        "EBIT": -15,
        "Net Income": -15
    },
    "2014-09-30": {
        "Diluted EPS": -14.24,
        "Total Revenue": 0,
        "Gross Profit": -1,
        "Operating Income": -13,
        "EBIT": -12,
        "Net Income": -13
    },
    "2014-06-30": {
        "Diluted EPS": -12.81,
        "Total Revenue": 0,
        "Gross Profit": -1,
        "Operating Income": -11,
        "EBIT": -10,
        "Net Income": -11
    },
    "2014-03-31": {
        "Diluted EPS": -12.06,
        "Total Revenue": 0,
        "Gross Profit": 0,
        "Operating Income": -9,
        "EBIT": -9,
        "Net Income": -9
    },
    "2013-12-31": {
        "Diluted EPS": 0.0,
        "Total Revenue": NaN,
        "Gross Profit": NaN,
        "Operating Income": NaN,
        "EBIT": NaN,
        "Net Income": NaN
    },
    "2012-12-31": {
        "Diluted EPS": 0.0,
        "Total Revenue": NaN,
        "Gross Profit": NaN,
        "Operating Income": NaN,
        "EBIT": NaN,
        "Net Income": NaN
    },
    "2023-06-30": {
        "Tax Effect Of Unusual Items": -360579.825005,
        "Tax Rate For Calcs": 0.004454,
        "Normalized EBITDA": -86767000.0,
        "Total Unusual Items": -80949000.0,
        "Total Unusual Items Excluding Goodwill": -80949000.0,
        "Net Income From Continuing Operation Net Minority Interest": -206511000.0,
        "Reconciled Depreciation": 33699000.0,
        "Reconciled Cost Of Revenue": 87474000.0,
        "EBITDA": -167716000.0,
        "EBIT": -201415000.0,
        "Net Interest Income": -6020000.0,
        "Interest Expense": 6020000.0,
        "Normalized Income": -125922579.825005,
        "Net Income From Continuing And Discontinued Operation": -206511000.0,
        "Total Expenses": 265996000.0,
        "Total Operating Income As Reported": -226462000.0,
        "Diluted Average Shares": 263836000.0,
        "Basic Average Shares": 263836000.0,
        "Diluted EPS": -0.78,
        "Basic EPS": -0.78,
        "Diluted NI Availto Com Stockholders": -206511000.0,
        "Net Income Common Stockholders": -206511000.0,
        "Net Income": -206511000.0,
        "Net Income Including Noncontrolling Interests": -206511000.0,
        "Net Income Continuous Operations": -206511000.0,
        "Tax Provision": -924000.0,
        "Pretax Income": -207435000.0,
        "Other Income Expense": -55951000.0,
        "Other Non Operating Income Expenses": 24998000.0,
        "Special Income Charges": -80949000.0,
        "Gain On Sale Of Ppe": NaN,
        "Other Special Charges": NaN,
        "Impairment Of Capital Assets": 80841000.0,
        "Restructuring And Mergern Acquisition": 108000.0,
        "Net Non Operating Interest Income Expense": -6020000.0,
        "Total Other Finance Cost": NaN,
        "Interest Expense Non Operating": 6020000.0,
        "Operating Income": -145464000.0,
        "Operating Expense": 178522000.0,
        "Research And Development": 63824000.0,
        "Selling General And Administration": 114698000.0,
        "Selling And Marketing Expense": 44732000.0,
        "General And Administrative Expense": 69966000.0,
        "Other Gand A": 69966000.0,
        "Gross Profit": 33058000.0,
        "Cost Of Revenue": 87474000.0,
        "Total Revenue": 120532000.0,
        "Operating Revenue": 115943000.0
    },
    "2023-09-30": {
        "Tax Effect Of Unusual Items": -5707087.257112,
        "Tax Rate For Calcs": 0.006508,
        "Normalized EBITDA": -33697000.0,
        "Total Unusual Items": -876990000.0,
        "Total Unusual Items Excluding Goodwill": -876990000.0,
        "Net Income From Continuing Operation Net Minority Interest": -942107000.0,
        "Reconciled Depreciation": 31741000.0,
        "Reconciled Cost Of Revenue": 82186000.0,
        "EBITDA": -910687000.0,
        "EBIT": -942428000.0,
        "Net Interest Income": -6695000.0,
        "Interest Expense": 5850000.0,
        "Normalized Income": -70824087.257112,
        "Net Income From Continuing And Discontinued Operation": -942107000.0,
        "Total Expenses": 224140000.0,
        "Total Operating Income As Reported": -980188000.0,
        "Diluted Average Shares": 275604000.0,
        "Basic Average Shares": 275604000.0,
        "Diluted EPS": -3.42,
        "Basic EPS": -3.42,
        "Diluted NI Availto Com Stockholders": -942107000.0,
        "Net Income Common Stockholders": -942107000.0,
        "Net Income": -942107000.0,
        "Net Income Including Noncontrolling Interests": -942107000.0,
        "Net Income Continuous Operations": -942107000.0,
        "Tax Provision": -6171000.0,
        "Pretax Income": -948278000.0,
        "Other Income Expense": -838684000.0,
        "Other Non Operating Income Expenses": 38306000.0,
        "Special Income Charges": -876990000.0,
        "Gain On Sale Of Ppe": NaN,
        "Other Special Charges": -229000.0,
        "Impairment Of Capital Assets": 881165000.0,
        "Restructuring And Mergern Acquisition": -3946000.0,
        "Net Non Operating Interest Income Expense": -6695000.0,
        "Total Other Finance Cost": 845000.0,
        "Interest Expense Non Operating": 5850000.0,
        "Operating Income": -102899000.0,
        "Operating Expense": 141954000.0,
        "Research And Development": 58336000.0,
        "Selling General And Administration": 83618000.0,
        "Selling And Marketing Expense": 37999000.0,
        "General And Administrative Expense": 45619000.0,
        "Other Gand A": 45619000.0,
        "Gross Profit": 39055000.0,
        "Cost Of Revenue": 82186000.0,
        "Total Revenue": 121241000.0,
        "Operating Revenue": 117561000.0
    }
}