{
    "2023-06-30": {
        "Tax Effect Of Unusual Items": -195034.482759,
        "Tax Rate For Calcs": 0.241379,
        "Total Unusual Items": -808000.0,
        "Total Unusual Items Excluding Goodwill": -808000.0,
        "Net Income From Continuing Operation Net Minority Interest": 33044000.0,
        "Reconciled Depreciation": 6644000.0,
        "Net Interest Income": 107705000.0,
        "Interest Expense": 35447000.0,
        "Interest Income": 143152000.0,
        "Normalized Income": 33656965.517241,
        "Net Income From Continuing And Discontinued Operation": 33044000.0,
        "Diluted Average Shares": 126951471.0,
        "Basic Average Shares": 126620383.0,
        "Diluted EPS": 0.26,
        "Basic EPS": 0.26,
        "Diluted NI Availto Com Stockholders": 32958000.0,
        "Net Income Common Stockholders": 32958000.0,
        "Otherunder Preferred Stock Dividend": 86000.0,
        "Net Income": 33044000.0,
        "Net Income Including Noncontrolling Interests": 33044000.0,
        "Net Income Continuous Operations": 33044000.0,
        "Tax Provision": 10514000.0,
        "Pretax Income": 43558000.0,
        "Special Income Charges": -1593000.0,
        "Restructuring And Mergern Acquisition": 1593000.0,
        "Gain On Sale Of Security": -8306000.0,
        "Depreciation Amortization Depletion Income Statement": 842000.0,
        "Depreciation And Amortization In Income Statement": 842000.0,
        "Amortization": 842000.0,
        "Amortization Of Intangibles Income Statement": 842000.0,
        "Selling General And Administration": 52570000.0,
        "Selling And Marketing Expense": 2856000.0,
        "General And Administrative Expense": 49714000.0,
        "Insurance And Claims": 2064000.0,
        "Salaries And Wages": 47650000.0,
        "Total Revenue": 137917000.0,
        "Operating Revenue": 137917000.0,
        "Occupancy And Equipment": 7579000.0,
        "Professional Expense And Contract Services Expense": 3804000.0,
        "Other Non Interest Expense": 19041000.0
    },
    "2023-03-31": {
        "Tax Effect Of Unusual Items": -631317.252825,
        "Tax Rate For Calcs": 0.234342,
        "Total Unusual Items": -2694000.0,
        "Total Unusual Items Excluding Goodwill": -2694000.0,
        "Net Income From Continuing Operation Net Minority Interest": 33679000.0,
        "Reconciled Depreciation": 2154000.0,
        "Net Interest Income": 111774000.0,
        "Interest Expense": 22476000.0,
        "Interest Income": 134250000.0,
        "Normalized Income": 35741682.747175,
        "Net Income From Continuing And Discontinued Operation": 33679000.0,
        "Diluted Average Shares": 129534615.0,
        "Basic Average Shares": 124737037.0,
        "Diluted EPS": 0.26,
        "Basic EPS": 0.27,
        "Diluted NI Availto Com Stockholders": 33533000.0,
        "Net Income Common Stockholders": 33533000.0,
        "Otherunder Preferred Stock Dividend": 146000.0,
        "Net Income": 33679000.0,
        "Net Income Including Noncontrolling Interests": 33679000.0,
        "Net Income Continuous Operations": 33679000.0,
        "Tax Provision": 10308000.0,
        "Pretax Income": 43987000.0,
        "Special Income Charges": -2802000.0,
        "Gain On Sale Of Business": NaN,
        "Restructuring And Mergern Acquisition": 2802000.0,
        "Gain On Sale Of Security": 0.0,
        "Depreciation Amortization Depletion Income Statement": 909000.0,
        "Depreciation And Amortization In Income Statement": 909000.0,
        "Amortization": 909000.0,
        "Amortization Of Intangibles Income Statement": 909000.0,
        "Selling General And Administration": 51719000.0,
        "Selling And Marketing Expense": 2892000.0,
        "General And Administrative Expense": 48827000.0,
        "Other Gand A": NaN,
        "Insurance And Claims": 2223000.0,
        "Salaries And Wages": 46604000.0,
        "Total Revenue": 136046000.0,
        "Operating Revenue": 136046000.0,
        "Occupancy And Equipment": 7471000.0,
        "Professional Expense And Contract Services Expense": 4758000.0,
        "Other Non Interest Expense": 19404000.0
    },
    "2022-12-31": {
        "Tax Effect Of Unusual Items": NaN,
        "Tax Rate For Calcs": NaN,
        "Total Unusual Items": NaN,
        "Total Unusual Items Excluding Goodwill": NaN,
        "Net Income From Continuing Operation Net Minority Interest": NaN,
        "Reconciled Depreciation": NaN,
        "Net Interest Income": NaN,
        "Interest Expense": NaN,
        "Interest Income": NaN,
        "Normalized Income": NaN,
        "Net Income From Continuing And Discontinued Operation": NaN,
        "Diluted Average Shares": NaN,
        "Basic Average Shares": NaN,
        "Diluted EPS": NaN,
        "Basic EPS": NaN,
        "Diluted NI Availto Com Stockholders": NaN,
        "Net Income Common Stockholders": NaN,
        "Otherunder Preferred Stock Dividend": NaN,
        "Net Income": NaN,
        "Net Income Including Noncontrolling Interests": NaN,
        "Net Income Continuous Operations": NaN,
        "Tax Provision": NaN,
        "Pretax Income": NaN,
        "Special Income Charges": NaN,
        "Gain On Sale Of Business": 0.0,
        "Restructuring And Mergern Acquisition": NaN,
        "Gain On Sale Of Security": NaN,
        "Depreciation Amortization Depletion Income Statement": NaN,
        "Depreciation And Amortization In Income Statement": NaN,
        "Amortization": NaN,
        "Amortization Of Intangibles Income Statement": NaN,
        "Selling General And Administration": NaN,
        "Selling And Marketing Expense": NaN,
        "General And Administrative Expense": NaN,
        "Other Gand A": 3544000.0,
        "Insurance And Claims": NaN,
        "Salaries And Wages": NaN,
        "Total Revenue": NaN,
        "Operating Revenue": NaN,
        "Occupancy And Equipment": NaN,
        "Professional Expense And Contract Services Expense": NaN,
        "Other Non Interest Expense": NaN
    },
    "2022-09-30": {
        "Tax Effect Of Unusual Items": NaN,
        "Tax Rate For Calcs": NaN,
        "Total Unusual Items": NaN,
        "Total Unusual Items Excluding Goodwill": NaN,
        "Net Income From Continuing Operation Net Minority Interest": NaN,
        "Reconciled Depreciation": NaN,
        "Net Interest Income": NaN,
        "Interest Expense": NaN,
        "Interest Income": NaN,
        "Normalized Income": NaN,
        "Net Income From Continuing And Discontinued Operation": NaN,
        "Diluted Average Shares": NaN,
        "Basic Average Shares": NaN,
        "Diluted EPS": NaN,
        "Basic EPS": NaN,
        "Diluted NI Availto Com Stockholders": NaN,
        "Net Income Common Stockholders": NaN,
        "Otherunder Preferred Stock Dividend": NaN,
        "Net Income": NaN,
        "Net Income Including Noncontrolling Interests": NaN,
        "Net Income Continuous Operations": NaN,
        "Tax Provision": NaN,
        "Pretax Income": NaN,
        "Special Income Charges": NaN,
        "Gain On Sale Of Business": 0.0,
        "Restructuring And Mergern Acquisition": NaN,
        "Gain On Sale Of Security": NaN,
        "Depreciation Amortization Depletion Income Statement": NaN,
        "Depreciation And Amortization In Income Statement": NaN,
        "Amortization": NaN,
        "Amortization Of Intangibles Income Statement": NaN,
        "Selling General And Administration": NaN,
        "Selling And Marketing Expense": NaN,
        "General And Administrative Expense": NaN,
        "Other Gand A": 3229000.0,
        "Insurance And Claims": NaN,
        "Salaries And Wages": NaN,
        "Total Revenue": NaN,
        "Operating Revenue": NaN
    },
    "2022-06-30": {
        "Tax Effect Of Unusual Items": 66239.365021,
        "Tax Rate For Calcs": 0.227627,
        "Total Unusual Items": 291000.0,
        "Total Unusual Items Excluding Goodwill": 291000.0,
        "Net Income From Continuing Operation Net Minority Interest": 33426000.0,
        "Reconciled Depreciation": 1115000.0,
        "Net Interest Income": 100183000.0,
        "Interest Expense": 5631000.0,
        "Interest Income": 105814000.0,
        "Normalized Income": 33201239.365021,
        "Net Income From Continuing And Discontinued Operation": 33426000.0,
        "Diluted Average Shares": 128561538.0,
        "Basic Average Shares": 128561538.0,
        "Diluted EPS": 0.26,
        "Basic EPS": 0.26,
        "Diluted NI Availto Com Stockholders": 33426000.0,
        "Net Income Common Stockholders": 33426000.0,
        "Otherunder Preferred Stock Dividend": 159000.0,
        "Net Income": 33426000.0,
        "Net Income Including Noncontrolling Interests": 33426000.0,
        "Net Income Continuous Operations": 33426000.0,
        "Tax Provision": 9851000.0,
        "Pretax Income": 43277000.0,
        "Special Income Charges": 0.0,
        "Gain On Sale Of Business": 0.0,
        "Restructuring And Mergern Acquisition": 0.0,
        "Gain On Sale Of Security": -3000.0,
        "Depreciation Amortization Depletion Income Statement": 1115000.0,
        "Depreciation And Amortization In Income Statement": 1115000.0,
        "Amortization": 1115000.0,
        "Amortization Of Intangibles Income Statement": 1115000.0,
        "Selling General And Administration": 54412000.0,
        "Selling And Marketing Expense": 2047000.0,
        "General And Administrative Expense": 52365000.0,
        "Other Gand A": 3162000.0,
        "Insurance And Claims": 1130000.0,
        "Salaries And Wages": 48073000.0,
        "Total Revenue": 130310000.0,
        "Operating Revenue": 130310000.0
    },
    "2022-03-31": {
        "Diluted EPS": 0.22,
        "Total Revenue": 122,
        "Gross Profit": 116,
        "Operating Income": 37,
        "EBIT": NaN,
        "Net Income": 28
    },
    "2021-12-31": {
        "Diluted EPS": 0.24,
        "Total Revenue": 130,
        "Gross Profit": 124,
        "Operating Income": 42,
        "EBIT": NaN,
        "Net Income": 30
    },
    "2021-09-30": {
        "Diluted EPS": 0.27,
        "Total Revenue": 134,
        "Gross Profit": 128,
        "Operating Income": 46,
        "EBIT": NaN,
        "Net Income": 35
    },
    "2021-06-30": {
        "Diluted EPS": 0.38,
        "Total Revenue": 157,
        "Gross Profit": 150,
        "Operating Income": 65,
        "EBIT": NaN,
        "Net Income": 49
    },
    "2021-03-31": {
        "Diluted EPS": 0.32,
        "Total Revenue": 140,
        "Gross Profit": 132,
        "Operating Income": 52,
        "EBIT": NaN,
        "Net Income": 40
    },
    "2020-12-31": {
        "Diluted EPS": 0.3,
        "Total Revenue": 144,
        "Gross Profit": 135,
        "Operating Income": 52,
        "EBIT": NaN,
        "Net Income": 35
    },
    "2020-09-30": {
        "Diluted EPS": 0.3,
        "Total Revenue": 150,
        "Gross Profit": 140,
        "Operating Income": 48,
        "EBIT": NaN,
        "Net Income": 38
    },
    "2020-06-30": {
        "Diluted EPS": -0.05,
        "Total Revenue": 144,
        "Gross Profit": 134,
        "Operating Income": 2,
        "EBIT": NaN,
        "Net Income": -6
    },
    "2020-03-31": {
        "Diluted EPS": 0.07,
        "Total Revenue": 128,
        "Gross Profit": 115,
        "Operating Income": 11,
        "EBIT": NaN,
        "Net Income": 8
    },
    "2019-12-31": {
        "Diluted EPS": 0.24,
        "Total Revenue": 132,
        "Gross Profit": 117,
        "Operating Income": 33,
        "EBIT": NaN,
        "Net Income": 26
    },
    "2019-09-30": {
        "Diluted EPS": 0.31,
        "Total Revenue": 133,
        "Gross Profit": 117,
        "Operating Income": 43,
        "EBIT": NaN,
        "Net Income": 33
    },
    "2019-06-30": {
        "Diluted EPS": 0.25,
        "Total Revenue": 130,
        "Gross Profit": 116,
        "Operating Income": 35,
        "EBIT": NaN,
        "Net Income": 26
    },
    "2019-03-31": {
        "Diluted EPS": 0.24,
        "Total Revenue": 122,
        "Gross Profit": 110,
        "Operating Income": 34,
        "EBIT": NaN,
        "Net Income": 25
    },
    "2018-12-31": {
        "Diluted EPS": 0.26,
        "Total Revenue": 121,
        "Gross Profit": 110,
        "Operating Income": 34,
        "EBIT": NaN,
        "Net Income": 26
    },
    "2018-09-30": {
        "Diluted EPS": 0.27,
        "Total Revenue": 118,
        "Gross Profit": 108,
        "Operating Income": 35,
        "EBIT": NaN,
        "Net Income": 28
    },
    "2018-06-30": {
        "Diluted EPS": 0.25,
        "Total Revenue": 117,
        "Gross Profit": 108,
        "Operating Income": 34,
        "EBIT": NaN,
        "Net Income": 26
    },
    "2018-03-31": {
        "Diluted EPS": 0.24,
        "Total Revenue": 111,
        "Gross Profit": 104,
        "Operating Income": 32,
        "EBIT": NaN,
        "Net Income": 25
    },
    "2017-12-31": {
        "Diluted EPS": 0.22,
        "Total Revenue": 114,
        "Gross Profit": 107,
        "Operating Income": 29,
        "EBIT": NaN,
        "Net Income": 22
    },
    "2017-09-30": {
        "Diluted EPS": 0.23,
        "Total Revenue": 115,
        "Gross Profit": 108,
        "Operating Income": 37,
        "EBIT": NaN,
        "Net Income": 24
    },
    "2017-06-30": {
        "Diluted EPS": 0.3,
        "Total Revenue": 131,
        "Gross Profit": 124,
        "Operating Income": 48,
        "EBIT": NaN,
        "Net Income": 31
    },
    "2017-03-31": {
        "Diluted EPS": 0.17,
        "Total Revenue": 109,
        "Gross Profit": 102,
        "Operating Income": 26,
        "EBIT": NaN,
        "Net Income": 18
    },
    "2016-12-31": {
        "Diluted EPS": 0.24,
        "Total Revenue": 115,
        "Gross Profit": 108,
        "Operating Income": 38,
        "EBIT": NaN,
        "Net Income": 24
    },
    "2016-09-30": {
        "Diluted EPS": 0.14,
        "Total Revenue": 106,
        "Gross Profit": 98,
        "Operating Income": 26,
        "EBIT": NaN,
        "Net Income": 14
    },
    "2016-06-30": {
        "Diluted EPS": -0.07,
        "Total Revenue": 106,
        "Gross Profit": 96,
        "Operating Income": -7,
        "EBIT": NaN,
        "Net Income": -7
    },
    "2016-03-31": {
        "Diluted EPS": 0.18,
        "Total Revenue": 105,
        "Gross Profit": 91,
        "Operating Income": 27,
        "EBIT": NaN,
        "Net Income": 18
    },
    "2015-12-31": {
        "Diluted EPS": 0.16,
        "Total Revenue": 105,
        "Gross Profit": 91,
        "Operating Income": 26,
        "EBIT": NaN,
        "Net Income": 16
    },
    "2015-09-30": {
        "Diluted EPS": 0.13,
        "Total Revenue": 99,
        "Gross Profit": 85,
        "Operating Income": 26,
        "EBIT": NaN,
        "Net Income": 13
    },
    "2015-06-30": {
        "Diluted EPS": 0.17,
        "Total Revenue": 92,
        "Gross Profit": 79,
        "Operating Income": 23,
        "EBIT": NaN,
        "Net Income": 15
    },
    "2015-03-31": {
        "Diluted EPS": 0.18,
        "Total Revenue": 92,
        "Gross Profit": 78,
        "Operating Income": 23,
        "EBIT": NaN,
        "Net Income": 16
    },
    "2014-12-31": {
        "Diluted EPS": 0.18,
        "Total Revenue": 94,
        "Gross Profit": 80,
        "Operating Income": 24,
        "EBIT": NaN,
        "Net Income": 17
    },
    "2014-09-30": {
        "Diluted EPS": 0.19,
        "Total Revenue": 94,
        "Gross Profit": 80,
        "Operating Income": 23,
        "EBIT": NaN,
        "Net Income": 17
    },
    "2014-06-30": {
        "Diluted EPS": 0.14,
        "Total Revenue": 93,
        "Gross Profit": 79,
        "Operating Income": 17,
        "EBIT": NaN,
        "Net Income": 13
    },
    "2014-03-31": {
        "Diluted EPS": 0.16,
        "Total Revenue": 95,
        "Gross Profit": 81,
        "Operating Income": 20,
        "EBIT": NaN,
        "Net Income": 15
    },
    "2013-12-31": {
        "Diluted EPS": 0.22,
        "Total Revenue": 98,
        "Gross Profit": 83,
        "Operating Income": 29,
        "EBIT": NaN,
        "Net Income": 20
    },
    "2013-09-30": {
        "Diluted EPS": 0.19,
        "Total Revenue": 94,
        "Gross Profit": 79,
        "Operating Income": 23,
        "EBIT": NaN,
        "Net Income": 18
    },
    "2013-06-30": {
        "Diluted EPS": 0.15,
        "Total Revenue": 92,
        "Gross Profit": 77,
        "Operating Income": 19,
        "EBIT": NaN,
        "Net Income": 13
    },
    "2013-03-31": {
        "Diluted EPS": 0.17,
        "Total Revenue": 96,
        "Gross Profit": 80,
        "Operating Income": 22,
        "EBIT": NaN,
        "Net Income": 15
    },
    "2012-12-31": {
        "Diluted EPS": 0.17,
        "Total Revenue": 98,
        "Gross Profit": 81,
        "Operating Income": 22,
        "EBIT": NaN,
        "Net Income": 16
    },
    "2012-09-30": {
        "Diluted EPS": 0.17,
        "Total Revenue": 99,
        "Gross Profit": 81,
        "Operating Income": 22,
        "EBIT": NaN,
        "Net Income": 16
    },
    "2012-06-30": {
        "Diluted EPS": 0.17,
        "Total Revenue": 100,
        "Gross Profit": 81,
        "Operating Income": 24,
        "EBIT": NaN,
        "Net Income": 16
    },
    "2012-03-31": {
        "Diluted EPS": 0.16,
        "Total Revenue": 100,
        "Gross Profit": 79,
        "Operating Income": 21,
        "EBIT": NaN,
        "Net Income": 15
    },
    "2011-12-31": {
        "Diluted EPS": 0.16,
        "Total Revenue": 103,
        "Gross Profit": 81,
        "Operating Income": 22,
        "EBIT": NaN,
        "Net Income": 15
    },
    "2011-09-30": {
        "Diluted EPS": 0.17,
        "Total Revenue": 105,
        "Gross Profit": 82,
        "Operating Income": 24,
        "EBIT": NaN,
        "Net Income": 17
    },
    "2011-06-30": {
        "Diluted EPS": 0.15,
        "Total Revenue": 105,
        "Gross Profit": 82,
        "Operating Income": 21,
        "EBIT": NaN,
        "Net Income": 15
    },
    "2011-03-31": {
        "Diluted EPS": 0.16,
        "Total Revenue": 105,
        "Gross Profit": 81,
        "Operating Income": 25,
        "EBIT": NaN,
        "Net Income": 17
    },
    "2010-12-31": {
        "Diluted EPS": 0.12,
        "Total Revenue": 108,
        "Gross Profit": 82,
        "Operating Income": 19,
        "EBIT": NaN,
        "Net Income": 13
    },
    "2010-09-30": {
        "Diluted EPS": 0.14,
        "Total Revenue": 108,
        "Gross Profit": 80,
        "Operating Income": 22,
        "EBIT": NaN,
        "Net Income": 15
    },
    "2010-06-30": {
        "Diluted EPS": 0.15,
        "Total Revenue": 108,
        "Gross Profit": 79,
        "Operating Income": 23,
        "EBIT": NaN,
        "Net Income": 16
    },
    "2010-03-31": {
        "Diluted EPS": 0.12,
        "Total Revenue": 107,
        "Gross Profit": 76,
        "Operating Income": 18,
        "EBIT": NaN,
        "Net Income": 13
    },
    "2009-12-31": {
        "Diluted EPS": 0.01,
        "Total Revenue": 108,
        "Gross Profit": 75,
        "Operating Income": -3,
        "EBIT": NaN,
        "Net Income": 1
    },
    "2009-09-30": {
        "Diluted EPS": 0.11,
        "Total Revenue": 104,
        "Gross Profit": 71,
        "Operating Income": 16,
        "EBIT": NaN,
        "Net Income": 12
    },
    "2009-06-30": {
        "Diluted EPS": 0.07,
        "Total Revenue": 103,
        "Gross Profit": 68,
        "Operating Income": 10,
        "EBIT": NaN,
        "Net Income": 7
    },
    "2009-03-31": {
        "Diluted EPS": 0.11,
        "Total Revenue": 102,
        "Gross Profit": 67,
        "Operating Income": 17,
        "EBIT": NaN,
        "Net Income": 12
    },
    "2023-09-30": {
        "Tax Effect Of Unusual Items": NaN,
        "Tax Rate For Calcs": NaN,
        "Total Unusual Items": NaN,
        "Total Unusual Items Excluding Goodwill": NaN,
        "Net Income From Continuing Operation Net Minority Interest": NaN,
        "Reconciled Depreciation": NaN,
        "Net Interest Income": NaN,
        "Interest Expense": NaN,
        "Interest Income": NaN,
        "Normalized Income": NaN,
        "Net Income From Continuing And Discontinued Operation": NaN,
        "Diluted Average Shares": 127087684.0,
        "Basic Average Shares": 126767507.0,
        "Diluted EPS": 0.31,
        "Basic EPS": 0.31,
        "Diluted NI Availto Com Stockholders": NaN,
        "Net Income Common Stockholders": NaN,
        "Otherunder Preferred Stock Dividend": NaN,
        "Net Income": NaN,
        "Net Income Including Noncontrolling Interests": NaN,
        "Net Income Continuous Operations": NaN,
        "Tax Provision": NaN,
        "Pretax Income": NaN,
        "Special Income Charges": NaN,
        "Restructuring And Mergern Acquisition": NaN,
        "Gain On Sale Of Security": NaN,
        "Depreciation Amortization Depletion Income Statement": NaN,
        "Depreciation And Amortization In Income Statement": NaN,
        "Amortization": NaN,
        "Amortization Of Intangibles Income Statement": NaN,
        "Selling General And Administration": NaN,
        "Selling And Marketing Expense": NaN,
        "General And Administrative Expense": NaN,
        "Insurance And Claims": NaN,
        "Salaries And Wages": NaN,
        "Total Revenue": NaN,
        "Operating Revenue": NaN,
        "Occupancy And Equipment": NaN,
        "Professional Expense And Contract Services Expense": NaN,
        "Other Non Interest Expense": NaN
    },
    "2023-12-31": {
        "Tax Effect Of Unusual Items": -270033.10809,
        "Tax Rate For Calcs": 0.212624,
        "Total Unusual Items": -1270000.0,
        "Total Unusual Items Excluding Goodwill": -1270000.0,
        "Net Income From Continuing Operation Net Minority Interest": 29014000.0,
        "Reconciled Depreciation": 8024000.0,
        "Net Interest Income": 105636000.0,
        "Interest Expense": 51086000.0,
        "Interest Income": 156722000.0,
        "Normalized Income": 30013966.89191,
        "Net Income From Continuing And Discontinued Operation": 29014000.0,
        "Diluted Average Shares": 126147826.0,
        "Basic Average Shares": 126147826.0,
        "Diluted EPS": 0.23,
        "Basic EPS": 0.23,
        "Diluted NI Availto Com Stockholders": 28942000.0,
        "Net Income Common Stockholders": 28942000.0,
        "Otherunder Preferred Stock Dividend": 72000.0,
        "Net Income": 29014000.0,
        "Net Income Including Noncontrolling Interests": 29014000.0,
        "Net Income Continuous Operations": 29014000.0,
        "Tax Provision": 7835000.0,
        "Pretax Income": 36849000.0,
        "Special Income Charges": -2354000.0,
        "Restructuring And Mergern Acquisition": 2354000.0,
        "Gain On Sale Of Security": -1000.0,
        "Depreciation Amortization Depletion Income Statement": 724000.0,
        "Depreciation And Amortization In Income Statement": 724000.0,
        "Amortization": 724000.0,
        "Amortization Of Intangibles Income Statement": 724000.0,
        "Selling General And Administration": 54154000.0,
        "Selling And Marketing Expense": 1317000.0,
        "General And Administrative Expense": 52837000.0,
        "Insurance And Claims": 2643000.0,
        "Salaries And Wages": 50194000.0,
        "Total Revenue": 135143000.0,
        "Operating Revenue": 135143000.0,
        "Occupancy And Equipment": 7049000.0,
        "Professional Expense And Contract Services Expense": 6255000.0,
        "Other Non Interest Expense": 19812000.0
    },
    "2024-03-31": {
        "Tax Effect Of Unusual Items": -204121.191246,
        "Tax Rate For Calcs": 0.227306,
        "Total Unusual Items": -898000.0,
        "Total Unusual Items Excluding Goodwill": -898000.0,
        "Net Income From Continuing Operation Net Minority Interest": 29163000.0,
        "Reconciled Depreciation": 4646000.0,
        "Net Interest Income": 102631000.0,
        "Interest Expense": 57001000.0,
        "Interest Income": 159632000.0,
        "Normalized Income": 29856878.808754,
        "Net Income From Continuing And Discontinued Operation": 29163000.0,
        "Diluted Average Shares": 126795652.0,
        "Basic Average Shares": 126795652.0,
        "Diluted EPS": 0.23,
        "Basic EPS": 0.23,
        "Diluted NI Availto Com Stockholders": 29089000.0,
        "Net Income Common Stockholders": 29089000.0,
        "Otherunder Preferred Stock Dividend": 74000.0,
        "Net Income": 29163000.0,
        "Net Income Including Noncontrolling Interests": 29163000.0,
        "Net Income Continuous Operations": 29163000.0,
        "Tax Provision": 8579000.0,
        "Pretax Income": 37742000.0,
        "Special Income Charges": -955000.0,
        "Restructuring And Mergern Acquisition": 955000.0,
        "Gain On Sale Of Security": 0.0,
        "Depreciation Amortization Depletion Income Statement": 701000.0,
        "Depreciation And Amortization In Income Statement": 701000.0,
        "Amortization": 701000.0,
        "Amortization Of Intangibles Income Statement": 701000.0,
        "Selling General And Administration": 56712000.0,
        "Selling And Marketing Expense": 2149000.0,
        "General And Administrative Expense": 54563000.0,
        "Insurance And Claims": 3023000.0,
        "Salaries And Wages": 51540000.0,
        "Total Revenue": 130865000.0,
        "Operating Revenue": 130865000.0,
        "Occupancy And Equipment": 7627000.0,
        "Professional Expense And Contract Services Expense": 4065000.0,
        "Other Non Interest Expense": 19628000.0
    },
    "2024-06-30": {
        "Tax Effect Of Unusual Items": -287186.132615,
        "Tax Rate For Calcs": 0.201111,
        "Total Unusual Items": -1428000.0,
        "Total Unusual Items Excluding Goodwill": -1428000.0,
        "Net Income From Continuing Operation Net Minority Interest": 4747000.0,
        "Reconciled Depreciation": 6329000.0,
        "Net Interest Income": 106343000.0,
        "Interest Expense": 60013000.0,
        "Interest Income": 166356000.0,
        "Normalized Income": 5887813.867385,
        "Net Income From Continuing And Discontinued Operation": 4747000.0,
        "Diluted Average Shares": NaN,
        "Basic Average Shares": NaN,
        "Diluted EPS": NaN,
        "Basic EPS": NaN,
        "Diluted NI Availto Com Stockholders": 4740000.0,
        "Net Income Common Stockholders": 4740000.0,
        "Otherunder Preferred Stock Dividend": 7000.0,
        "Net Income": 4747000.0,
        "Net Income Including Noncontrolling Interests": 4747000.0,
        "Net Income Continuous Operations": 4747000.0,
        "Tax Provision": 1195000.0,
        "Pretax Income": 5942000.0,
        "Special Income Charges": -1915000.0,
        "Restructuring And Mergern Acquisition": 1915000.0,
        "Gain On Sale Of Security": -39413000.0,
        "Depreciation Amortization Depletion Income Statement": 635000.0,
        "Depreciation And Amortization In Income Statement": 635000.0,
        "Amortization": 635000.0,
        "Amortization Of Intangibles Income Statement": 635000.0,
        "Selling General And Administration": 58806000.0,
        "Selling And Marketing Expense": 2410000.0,
        "General And Administrative Expense": 56396000.0,
        "Insurance And Claims": 2865000.0,
        "Salaries And Wages": 53531000.0,
        "Total Revenue": 97586000.0,
        "Operating Revenue": 97586000.0,
        "Occupancy And Equipment": 7464000.0,
        "Professional Expense And Contract Services Expense": 3728000.0,
        "Other Non Interest Expense": 19466000.0
    },
    "2024-09-30": {
        "Tax Effect Of Unusual Items": 14076.977904,
        "Tax Rate For Calcs": 0.227048,
        "Total Unusual Items": 62000.0,
        "Total Unusual Items Excluding Goodwill": 62000.0,
        "Net Income From Continuing Operation Net Minority Interest": 33618000.0,
        "Reconciled Depreciation": 7138000.0,
        "Net Interest Income": 110908000.0,
        "Interest Expense": 60079000.0,
        "Interest Income": 170987000.0,
        "Normalized Income": 33570076.977904,
        "Net Income From Continuing And Discontinued Operation": 33618000.0,
        "Diluted Average Shares": 127714511.0,
        "Basic Average Shares": 127206579.0,
        "Diluted EPS": 0.26,
        "Basic EPS": 0.26,
        "Diluted NI Availto Com Stockholders": 33575000.0,
        "Net Income Common Stockholders": 33575000.0,
        "Otherunder Preferred Stock Dividend": 43000.0,
        "Net Income": 33618000.0,
        "Net Income Including Noncontrolling Interests": 33618000.0,
        "Net Income Continuous Operations": 33618000.0,
        "Tax Provision": 9875000.0,
        "Pretax Income": 43493000.0,
        "Special Income Charges": -43000.0,
        "Restructuring And Mergern Acquisition": 43000.0,
        "Gain On Sale Of Security": 0.0,
        "Depreciation Amortization Depletion Income Statement": 590000.0,
        "Depreciation And Amortization In Income Statement": 590000.0,
        "Amortization": 590000.0,
        "Amortization Of Intangibles Income Statement": 590000.0,
        "Selling General And Administration": 60953000.0,
        "Selling And Marketing Expense": 2004000.0,
        "General And Administrative Expense": 58949000.0,
        "Insurance And Claims": 2763000.0,
        "Salaries And Wages": 56186000.0,
        "Total Revenue": 138661000.0,
        "Operating Revenue": 138661000.0,
        "Occupancy And Equipment": 7115000.0,
        "Professional Expense And Contract Services Expense": 3302000.0,
        "Other Non Interest Expense": 18290000.0
    },
    "2024-12-31": {
        "Tax Effect Of Unusual Items": -593000.259624,
        "Tax Rate For Calcs": 0.227029,
        "Total Unusual Items": -2612000.0,
        "Total Unusual Items Excluding Goodwill": -2612000.0,
        "Net Income From Continuing Operation Net Minority Interest": 32750000.0,
        "Reconciled Depreciation": 3227000.0,
        "Net Interest Income": 113805000.0,
        "Interest Expense": 56525000.0,
        "Interest Income": 170330000.0,
        "Normalized Income": 34768999.740376,
        "Net Income From Continuing And Discontinued Operation": 32750000.0,
        "Diluted Average Shares": 125961538.0,
        "Basic Average Shares": 125961538.0,
        "Diluted EPS": 0.26,
        "Basic EPS": 0.26,
        "Diluted NI Availto Com Stockholders": 32711000.0,
        "Net Income Common Stockholders": 32711000.0,
        "Otherunder Preferred Stock Dividend": 39000.0,
        "Net Income": 32750000.0,
        "Net Income Including Noncontrolling Interests": 32750000.0,
        "Net Income Continuous Operations": 32750000.0,
        "Tax Provision": 9619000.0,
        "Pretax Income": 42369000.0,
        "Special Income Charges": -2850000.0,
        "Restructuring And Mergern Acquisition": 2850000.0,
        "Gain On Sale Of Security": 0.0,
        "Depreciation Amortization Depletion Income Statement": 526000.0,
        "Depreciation And Amortization In Income Statement": 526000.0,
        "Amortization": 526000.0,
        "Amortization Of Intangibles Income Statement": 526000.0,
        "Selling General And Administration": 58474000.0,
        "Selling And Marketing Expense": 2327000.0,
        "General And Administrative Expense": 56147000.0,
        "Insurance And Claims": 2949000.0,
        "Salaries And Wages": 53198000.0,
        "Total Revenue": 153355000.0,
        "Operating Revenue": 153355000.0,
        "Occupancy And Equipment": 7263000.0,
        "Professional Expense And Contract Services Expense": 3788000.0,
        "Other Non Interest Expense": 21520000.0
    },
    "2025-03-31": {
        "Tax Effect Of Unusual Items": -240187.757629,
        "Tax Rate For Calcs": 0.231172,
        "Total Unusual Items": -1039000.0,
        "Total Unusual Items Excluding Goodwill": -1039000.0,
        "Net Income From Continuing Operation Net Minority Interest": 43458000.0,
        "Reconciled Depreciation": 596000.0,
        "Net Interest Income": 127452000.0,
        "Interest Expense": 52777000.0,
        "Interest Income": 180229000.0,
        "Normalized Income": 44256812.242371,
        "Net Income From Continuing And Discontinued Operation": 43458000.0,
        "Diluted Average Shares": 128299013.0,
        "Basic Average Shares": 127387573.0,
        "Diluted EPS": 0.34,
        "Basic EPS": 0.34,
        "Diluted NI Availto Com Stockholders": 43404000.0,
        "Net Income Common Stockholders": 43404000.0,
        "Otherunder Preferred Stock Dividend": 54000.0,
        "Net Income": 43458000.0,
        "Net Income Including Noncontrolling Interests": 43458000.0,
        "Net Income Continuous Operations": 43458000.0,
        "Tax Provision": 13067000.0,
        "Pretax Income": 56525000.0,
        "Special Income Charges": -1123000.0,
        "Restructuring And Mergern Acquisition": 1123000.0,
        "Gain On Sale Of Security": 0.0,
        "Depreciation Amortization Depletion Income Statement": 504000.0,
        "Depreciation And Amortization In Income Statement": 504000.0,
        "Amortization": 504000.0,
        "Amortization Of Intangibles Income Statement": 504000.0,
        "Selling General And Administration": 58748000.0,
        "Selling And Marketing Expense": 1880000.0,
        "General And Administrative Expense": 56868000.0,
        "Insurance And Claims": 2328000.0,
        "Salaries And Wages": 54540000.0,
        "Total Revenue": 155845000.0,
        "Operating Revenue": 155845000.0,
        "Occupancy And Equipment": 8400000.0,
        "Professional Expense And Contract Services Expense": 2756000.0,
        "Other Non Interest Expense": 19878000.0
    },
    "2025-06-30": {
        "Tax Effect Of Unusual Items": -1414850.514763,
        "Tax Rate For Calcs": 0.23636,
        "Total Unusual Items": -5986000.0,
        "Total Unusual Items Excluding Goodwill": -5986000.0,
        "Net Income From Continuing Operation Net Minority Interest": 33675000.0,
        "Reconciled Depreciation": 1062000.0,
        "Net Interest Income": 119126000.0,
        "Interest Expense": 52126000.0,
        "Interest Income": 171252000.0,
        "Normalized Income": 38246149.485237,
        "Net Income From Continuing And Discontinued Operation": 33675000.0,
        "Diluted Average Shares": 127714647.0,
        "Basic Average Shares": 127641857.0,
        "Diluted EPS": 0.26,
        "Basic EPS": 0.26,
        "Diluted NI Availto Com Stockholders": 33656000.0,
        "Net Income Common Stockholders": 33656000.0,
        "Otherunder Preferred Stock Dividend": 19000.0,
        "Net Income": 33675000.0,
        "Net Income Including Noncontrolling Interests": 33675000.0,
        "Net Income Continuous Operations": 33675000.0,
        "Tax Provision": 10423000.0,
        "Pretax Income": 44098000.0,
        "Special Income Charges": -6244000.0,
        "Restructuring And Mergern Acquisition": 6244000.0,
        "Gain On Sale Of Security": 0.0,
        "Depreciation Amortization Depletion Income Statement": 436000.0,
        "Depreciation And Amortization In Income Statement": 436000.0,
        "Amortization": 436000.0,
        "Amortization Of Intangibles Income Statement": 436000.0,
        "Selling General And Administration": 60527000.0,
        "Selling And Marketing Expense": 3018000.0,
        "General And Administrative Expense": 57509000.0,
        "Insurance And Claims": 2296000.0,
        "Salaries And Wages": 55213000.0,
        "Total Revenue": 149544000.0,
        "Operating Revenue": 149544000.0,
        "Occupancy And Equipment": 7122000.0,
        "Professional Expense And Contract Services Expense": 3990000.0,
        "Other Non Interest Expense": 18383000.0
    },
    "2025-09-30": {
        "Tax Effect Of Unusual Items": -2709903.718651,
        "Tax Rate For Calcs": 0.087057,
        "Total Unusual Items": -31128000.0,
        "Total Unusual Items Excluding Goodwill": -31128000.0,
        "Net Income From Continuing Operation Net Minority Interest": 3167000.0,
        "Reconciled Depreciation": 48000.0,
        "Net Interest Income": 135322000.0,
        "Interest Expense": 58704000.0,
        "Interest Income": 194026000.0,
        "Normalized Income": 31585096.281349,
        "Net Income From Continuing And Discontinued Operation": 3167000.0,
        "Diluted Average Shares": 141175516.0,
        "Basic Average Shares": 140667671.0,
        "Diluted EPS": 0.02,
        "Basic EPS": 0.02,
        "Diluted NI Availto Com Stockholders": 3165000.0,
        "Net Income Common Stockholders": 3165000.0,
        "Otherunder Preferred Stock Dividend": 2000.0,
        "Net Income": 3167000.0,
        "Net Income Including Noncontrolling Interests": 3167000.0,
        "Net Income Continuous Operations": 3167000.0,
        "Tax Provision": 302000.0,
        "Pretax Income": 3469000.0,
        "Special Income Charges": -31260000.0,
        "Restructuring And Mergern Acquisition": 31260000.0,
        "Gain On Sale Of Security": 36000.0,
        "Depreciation Amortization Depletion Income Statement": 1974000.0,
        "Depreciation And Amortization In Income Statement": 1974000.0,
        "Amortization": 1974000.0,
        "Amortization Of Intangibles Income Statement": 1974000.0,
        "Selling General And Administration": 68307000.0,
        "Selling And Marketing Expense": 1932000.0,
        "General And Administrative Expense": 66375000.0,
        "Insurance And Claims": 3361000.0,
        "Salaries And Wages": 63014000.0,
        "Total Revenue": 167396000.0,
        "Operating Revenue": 167396000.0,
        "Occupancy And Equipment": 7707000.0,
        "Professional Expense And Contract Services Expense": 3010000.0,
        "Other Non Interest Expense": 20464000.0
    }
}