{
    "2023-06-30": {
        "Tax Effect Of Unusual Items": NaN,
        "Tax Rate For Calcs": NaN,
        "Normalized EBITDA": NaN,
        "Net Income From Continuing Operation Net Minority Interest": NaN,
        "Reconciled Depreciation": NaN,
        "Reconciled Cost Of Revenue": NaN,
        "EBITDA": NaN,
        "EBIT": NaN,
        "Net Interest Income": NaN,
        "Interest Expense": NaN,
        "Normalized Income": NaN,
        "Net Income From Continuing And Discontinued Operation": NaN,
        "Total Expenses": NaN,
        "Total Operating Income As Reported": NaN,
        "Diluted Average Shares": 59849674.0,
        "Basic Average Shares": 59804283.0,
        "Diluted EPS": 0.32,
        "Basic EPS": 0.32,
        "Diluted NI Availto Com Stockholders": NaN,
        "Net Income Common Stockholders": NaN,
        "Net Income": NaN,
        "Net Income Including Noncontrolling Interests": NaN,
        "Net Income Continuous Operations": NaN,
        "Tax Provision": NaN,
        "Pretax Income": NaN,
        "Other Income Expense": NaN,
        "Other Non Operating Income Expenses": NaN,
        "Net Non Operating Interest Income Expense": NaN,
        "Interest Expense Non Operating": NaN,
        "Operating Income": NaN,
        "Operating Expense": NaN,
        "Other Taxes": NaN,
        "Depreciation Amortization Depletion Income Statement": NaN,
        "Depreciation And Amortization In Income Statement": NaN,
        "Depreciation Income Statement": NaN,
        "Selling General And Administration": NaN,
        "General And Administrative Expense": NaN,
        "Other Gand A": NaN,
        "Gross Profit": NaN,
        "Cost Of Revenue": NaN,
        "Total Revenue": NaN,
        "Operating Revenue": NaN
    },
    "2023-03-31": {
        "Tax Effect Of Unusual Items": NaN,
        "Tax Rate For Calcs": NaN,
        "Normalized EBITDA": NaN,
        "Net Income From Continuing Operation Net Minority Interest": NaN,
        "Reconciled Depreciation": NaN,
        "Reconciled Cost Of Revenue": NaN,
        "EBITDA": NaN,
        "EBIT": NaN,
        "Net Interest Income": NaN,
        "Interest Expense": NaN,
        "Normalized Income": NaN,
        "Net Income From Continuing And Discontinued Operation": NaN,
        "Total Expenses": NaN,
        "Total Operating Income As Reported": NaN,
        "Diluted Average Shares": NaN,
        "Basic Average Shares": NaN,
        "Diluted EPS": NaN,
        "Basic EPS": NaN,
        "Diluted NI Availto Com Stockholders": NaN,
        "Net Income Common Stockholders": NaN,
        "Net Income": NaN,
        "Net Income Including Noncontrolling Interests": NaN,
        "Net Income Continuous Operations": NaN,
        "Tax Provision": NaN,
        "Pretax Income": NaN,
        "Other Income Expense": NaN,
        "Other Non Operating Income Expenses": NaN,
        "Net Non Operating Interest Income Expense": NaN,
        "Interest Expense Non Operating": NaN,
        "Operating Income": NaN,
        "Operating Expense": NaN,
        "Other Taxes": NaN,
        "Depreciation Amortization Depletion Income Statement": NaN,
        "Depreciation And Amortization In Income Statement": NaN,
        "Depreciation Income Statement": NaN,
        "Selling General And Administration": NaN,
        "General And Administrative Expense": 34748000.0,
        "Other Gand A": 34748000.0,
        "Gross Profit": NaN,
        "Cost Of Revenue": NaN,
        "Total Revenue": NaN,
        "Operating Revenue": NaN
    },
    "2022-12-31": {
        "Tax Effect Of Unusual Items": 0.0,
        "Tax Rate For Calcs": 0.21,
        "Normalized EBITDA": 140186000.0,
        "Net Income From Continuing Operation Net Minority Interest": 66744000.0,
        "Reconciled Depreciation": 49315000.0,
        "Reconciled Cost Of Revenue": 213659000.0,
        "EBITDA": 140186000.0,
        "EBIT": 90871000.0,
        "Net Interest Income": -27029000.0,
        "Interest Expense": 27029000.0,
        "Normalized Income": 66744000.0,
        "Net Income From Continuing And Discontinued Operation": 66744000.0,
        "Total Expenses": 342055000.0,
        "Total Operating Income As Reported": 83228000.0,
        "Diluted Average Shares": NaN,
        "Basic Average Shares": NaN,
        "Diluted EPS": NaN,
        "Basic EPS": NaN,
        "Diluted NI Availto Com Stockholders": 66744000.0,
        "Net Income Common Stockholders": 66744000.0,
        "Net Income": 66744000.0,
        "Net Income Including Noncontrolling Interests": 66744000.0,
        "Net Income Continuous Operations": 66744000.0,
        "Tax Provision": -2902000.0,
        "Pretax Income": 63842000.0,
        "Other Income Expense": 7643000.0,
        "Other Non Operating Income Expenses": 7643000.0,
        "Net Non Operating Interest Income Expense": -27029000.0,
        "Interest Expense Non Operating": 27029000.0,
        "Operating Income": 83228000.0,
        "Operating Expense": 128396000.0,
        "Other Taxes": 52315000.0,
        "Depreciation Amortization Depletion Income Statement": 49315000.0,
        "Depreciation And Amortization In Income Statement": NaN,
        "Depreciation Income Statement": NaN,
        "Selling General And Administration": 26766000.0,
        "Gross Profit": 211624000.0,
        "Cost Of Revenue": 213659000.0,
        "Total Revenue": 425283000.0,
        "Operating Revenue": 425283000.0
    },
    "2022-09-30": {
        "Tax Effect Of Unusual Items": NaN,
        "Tax Rate For Calcs": NaN,
        "Normalized EBITDA": NaN,
        "Net Income From Continuing Operation Net Minority Interest": NaN,
        "Reconciled Depreciation": NaN,
        "Reconciled Cost Of Revenue": NaN,
        "EBITDA": NaN,
        "EBIT": NaN,
        "Net Interest Income": NaN,
        "Interest Expense": NaN,
        "Normalized Income": NaN,
        "Net Income From Continuing And Discontinued Operation": NaN,
        "Total Expenses": NaN,
        "Total Operating Income As Reported": NaN,
        "Diluted Average Shares": 56637404.0,
        "Basic Average Shares": 56310526.0,
        "Diluted EPS": 0.47,
        "Basic EPS": 0.48,
        "Diluted NI Availto Com Stockholders": NaN,
        "Net Income Common Stockholders": NaN,
        "Net Income": NaN,
        "Net Income Including Noncontrolling Interests": NaN,
        "Net Income Continuous Operations": NaN,
        "Tax Provision": NaN,
        "Pretax Income": NaN,
        "Other Income Expense": NaN,
        "Other Non Operating Income Expenses": NaN,
        "Net Non Operating Interest Income Expense": NaN,
        "Interest Expense Non Operating": NaN,
        "Operating Income": NaN,
        "Operating Expense": NaN,
        "Other Taxes": NaN,
        "Depreciation Amortization Depletion Income Statement": NaN,
        "Depreciation And Amortization In Income Statement": 48588000.0,
        "Depreciation Income Statement": 48588000.0,
        "Selling General And Administration": NaN,
        "General And Administrative Expense": NaN,
        "Other Gand A": NaN,
        "Gross Profit": NaN,
        "Cost Of Revenue": NaN,
        "Total Revenue": NaN,
        "Operating Revenue": NaN
    },
    "2022-06-30": {
        "Tax Effect Of Unusual Items": 0.0,
        "Tax Rate For Calcs": 0.046,
        "Normalized EBITDA": 103466000.0,
        "Net Income From Continuing Operation Net Minority Interest": 29786000.0,
        "Reconciled Depreciation": 48212000.0,
        "Reconciled Cost Of Revenue": 95001000.0,
        "EBITDA": 103466000.0,
        "EBIT": 55254000.0,
        "Net Interest Income": -24033000.0,
        "Interest Expense": 24033000.0,
        "Normalized Income": 29786000.0,
        "Net Income From Continuing And Discontinued Operation": 29786000.0,
        "Total Expenses": 270663000.0,
        "Total Operating Income As Reported": 52341000.0,
        "Diluted Average Shares": 55140888.0,
        "Basic Average Shares": 54271862.0,
        "Diluted EPS": 0.54,
        "Basic EPS": 0.55,
        "Diluted NI Availto Com Stockholders": 29786000.0,
        "Net Income Common Stockholders": 29786000.0,
        "Net Income": 29786000.0,
        "Net Income Including Noncontrolling Interests": 29786000.0,
        "Net Income Continuous Operations": 29786000.0,
        "Tax Provision": 1435000.0,
        "Pretax Income": 31221000.0,
        "Other Income Expense": 2913000.0,
        "Other Non Operating Income Expenses": 2913000.0,
        "Net Non Operating Interest Income Expense": -24033000.0,
        "Interest Expense Non Operating": 24033000.0,
        "Operating Income": 52341000.0,
        "Operating Expense": 175662000.0,
        "Other Taxes": 46893000.0,
        "Depreciation Amortization Depletion Income Statement": 48212000.0,
        "Selling General And Administration": 27220000.0,
        "Gross Profit": 228003000.0,
        "Cost Of Revenue": 95001000.0,
        "Total Revenue": 323004000.0,
        "Operating Revenue": 323004000.0
    },
    "2022-03-31": {
        "Diluted EPS": 1.08,
        "Total Revenue": 394,
        "Gross Profit": 259,
        "Operating Income": 79,
        "EBIT": 129,
        "Net Income": 59
    },
    "2021-12-31": {
        "Diluted EPS": 0.96,
        "Total Revenue": 347,
        "Gross Profit": 233,
        "Operating Income": 80,
        "EBIT": 128,
        "Net Income": 51
    },
    "2021-09-30": {
        "Diluted EPS": 0.68,
        "Total Revenue": 326,
        "Gross Profit": 227,
        "Operating Income": 56,
        "EBIT": 104,
        "Net Income": 35
    },
    "2021-06-30": {
        "Diluted EPS": 0.72,
        "Total Revenue": 298,
        "Gross Profit": 230,
        "Operating Income": 59,
        "EBIT": 107,
        "Net Income": 37
    },
    "2021-03-31": {
        "Diluted EPS": 1.24,
        "Total Revenue": 401,
        "Gross Profit": 256,
        "Operating Income": 81,
        "EBIT": 129,
        "Net Income": 63
    },
    "2020-12-31": {
        "Diluted EPS": 1.05,
        "Total Revenue": 313,
        "Gross Profit": 228,
        "Operating Income": 66,
        "EBIT": 113,
        "Net Income": 54
    },
    "2020-09-30": {
        "Diluted EPS": 0.58,
        "Total Revenue": 281,
        "Gross Profit": 213,
        "Operating Income": 50,
        "EBIT": 95,
        "Net Income": 29
    },
    "2020-06-30": {
        "Diluted EPS": 0.43,
        "Total Revenue": 269,
        "Gross Profit": 208,
        "Operating Income": 45,
        "EBIT": 91,
        "Net Income": 21
    },
    "2020-03-31": {
        "Diluted EPS": 1.0,
        "Total Revenue": 335,
        "Gross Profit": 244,
        "Operating Income": 75,
        "EBIT": 122,
        "Net Income": 51
    },
    "2019-12-31": {
        "Diluted EPS": 1.18,
        "Total Revenue": 328,
        "Gross Profit": 246,
        "Operating Income": 85,
        "EBIT": 129,
        "Net Income": 60
    },
    "2019-09-30": {
        "Diluted EPS": 0.42,
        "Total Revenue": 275,
        "Gross Profit": 211,
        "Operating Income": 46,
        "EBIT": 91,
        "Net Income": 22
    },
    "2019-06-30": {
        "Diluted EPS": 0.94,
        "Total Revenue": 271,
        "Gross Profit": 215,
        "Operating Income": 49,
        "EBIT": 91,
        "Net Income": 48
    },
    "2019-03-31": {
        "Diluted EPS": 1.44,
        "Total Revenue": 384,
        "Gross Profit": 268,
        "Operating Income": 97,
        "EBIT": 144,
        "Net Income": 73
    },
    "2018-12-31": {
        "Diluted EPS": 1.31,
        "Total Revenue": 309,
        "Gross Profit": 236,
        "Operating Income": 65,
        "EBIT": 109,
        "Net Income": 66
    },
    "2018-09-30": {
        "Diluted EPS": 0.56,
        "Total Revenue": 280,
        "Gross Profit": 208,
        "Operating Income": 48,
        "EBIT": 93,
        "Net Income": 28
    },
    "2018-06-30": {
        "Diluted EPS": 0.87,
        "Total Revenue": 262,
        "Gross Profit": 230,
        "Operating Income": 69,
        "EBIT": 114,
        "Net Income": 44
    },
    "2018-03-31": {
        "Diluted EPS": 1.18,
        "Total Revenue": 342,
        "Gross Profit": 245,
        "Operating Income": 85,
        "EBIT": 129,
        "Net Income": 58
    },
    "2017-12-31": {
        "Diluted EPS": 0.98,
        "Total Revenue": 345,
        "Gross Profit": 236,
        "Operating Income": 74,
        "EBIT": 116,
        "Net Income": 48
    },
    "2017-09-30": {
        "Diluted EPS": 0.75,
        "Total Revenue": 310,
        "Gross Profit": 212,
        "Operating Income": 64,
        "EBIT": 107,
        "Net Income": 36
    },
    "2017-06-30": {
        "Diluted EPS": 0.44,
        "Total Revenue": 284,
        "Gross Profit": 200,
        "Operating Income": 46,
        "EBIT": 89,
        "Net Income": 22
    },
    "2017-03-31": {
        "Diluted EPS": 1.17,
        "Total Revenue": 367,
        "Gross Profit": 247,
        "Operating Income": 88,
        "EBIT": 130,
        "Net Income": 57
    },
    "2016-12-31": {
        "Diluted EPS": 0.92,
        "Total Revenue": 331,
        "Gross Profit": 223,
        "Operating Income": 73,
        "EBIT": 114,
        "Net Income": 44
    },
    "2016-09-30": {
        "Diluted EPS": 0.92,
        "Total Revenue": 301,
        "Gross Profit": 205,
        "Operating Income": 56,
        "EBIT": 95,
        "Net Income": 45
    },
    "2016-06-30": {
        "Diluted EPS": 0.73,
        "Total Revenue": 293,
        "Gross Profit": 211,
        "Operating Income": 64,
        "EBIT": 105,
        "Net Income": 36
    },
    "2016-03-31": {
        "Diluted EPS": 0.82,
        "Total Revenue": 333,
        "Gross Profit": 217,
        "Operating Income": 62,
        "EBIT": 103,
        "Net Income": 40
    },
    "2015-12-31": {
        "Diluted EPS": 0.92,
        "Total Revenue": 325,
        "Gross Profit": 218,
        "Operating Income": 72,
        "EBIT": 111,
        "Net Income": 45
    },
    "2015-09-30": {
        "Diluted EPS": 0.51,
        "Total Revenue": 273,
        "Gross Profit": 199,
        "Operating Income": 48,
        "EBIT": 85,
        "Net Income": 24
    },
    "2015-06-30": {
        "Diluted EPS": 0.65,
        "Total Revenue": 271,
        "Gross Profit": 191,
        "Operating Income": 61,
        "EBIT": 97,
        "Net Income": 31
    },
    "2015-03-31": {
        "Diluted EPS": 1.09,
        "Total Revenue": 346,
        "Gross Profit": 234,
        "Operating Income": 84,
        "EBIT": 120,
        "Net Income": 51
    },
    "2014-12-31": {
        "Diluted EPS": 0.85,
        "Total Revenue": 313,
        "Gross Profit": 205,
        "Operating Income": 51,
        "EBIT": 83,
        "Net Income": 37
    },
    "2014-09-30": {
        "Diluted EPS": 0.77,
        "Total Revenue": 252,
        "Gross Profit": 157,
        "Operating Income": 31,
        "EBIT": 63,
        "Net Income": 30
    },
    "2014-06-30": {
        "Diluted EPS": 0.2,
        "Total Revenue": 270,
        "Gross Profit": 158,
        "Operating Income": 25,
        "EBIT": 57,
        "Net Income": 8
    },
    "2014-03-31": {
        "Diluted EPS": 1.17,
        "Total Revenue": 370,
        "Gross Profit": 202,
        "Operating Income": 71,
        "EBIT": 103,
        "Net Income": 46
    },
    "2013-12-31": {
        "Diluted EPS": 0.68,
        "Total Revenue": 319,
        "Gross Profit": 183,
        "Operating Income": 50,
        "EBIT": 78,
        "Net Income": 26
    },
    "2013-09-30": {
        "Diluted EPS": 0.4,
        "Total Revenue": 262,
        "Gross Profit": 158,
        "Operating Income": 31,
        "EBIT": 60,
        "Net Income": 16
    },
    "2013-06-30": {
        "Diluted EPS": 0.37,
        "Total Revenue": 260,
        "Gross Profit": 153,
        "Operating Income": 33,
        "EBIT": 61,
        "Net Income": 14
    },
    "2013-03-31": {
        "Diluted EPS": 1.01,
        "Total Revenue": 313,
        "Gross Profit": 181,
        "Operating Income": 57,
        "EBIT": 87,
        "Net Income": 38
    },
    "2012-12-31": {
        "Diluted EPS": 1.57,
        "Total Revenue": 281,
        "Gross Profit": 213,
        "Operating Income": 89,
        "EBIT": 116,
        "Net Income": 59
    },
    "2012-09-30": {
        "Diluted EPS": -0.1,
        "Total Revenue": 236,
        "Gross Profit": 143,
        "Operating Income": 4,
        "EBIT": 32,
        "Net Income": -4
    },
    "2012-06-30": {
        "Diluted EPS": 0.31,
        "Total Revenue": 245,
        "Gross Profit": 148,
        "Operating Income": 29,
        "EBIT": 56,
        "Net Income": 11
    },
    "2012-03-31": {
        "Diluted EPS": 0.88,
        "Total Revenue": 309,
        "Gross Profit": 171,
        "Operating Income": 55,
        "EBIT": 83,
        "Net Income": 32
    },
    "2011-12-31": {
        "Diluted EPS": 0.93,
        "Total Revenue": 283,
        "Gross Profit": 159,
        "Operating Income": 49,
        "EBIT": 75,
        "Net Income": 34
    },
    "2011-09-30": {
        "Diluted EPS": 0.41,
        "Total Revenue": 244,
        "Gross Profit": 146,
        "Operating Income": 32,
        "EBIT": 58,
        "Net Income": 15
    },
    "2011-06-30": {
        "Diluted EPS": 0.3,
        "Total Revenue": 252,
        "Gross Profit": 141,
        "Operating Income": 26,
        "EBIT": 52,
        "Net Income": 11
    },
    "2011-03-31": {
        "Diluted EPS": 0.89,
        "Total Revenue": 338,
        "Gross Profit": 176,
        "Operating Income": 58,
        "EBIT": 84,
        "Net Income": 33
    },
    "2010-12-31": {
        "Diluted EPS": 0.63,
        "Total Revenue": 292,
        "Gross Profit": 151,
        "Operating Income": 45,
        "EBIT": 69,
        "Net Income": 23
    },
    "2010-09-30": {
        "Diluted EPS": 0.4,
        "Total Revenue": 241,
        "Gross Profit": 135,
        "Operating Income": 33,
        "EBIT": 57,
        "Net Income": 14
    },
    "2010-06-30": {
        "Diluted EPS": 0.32,
        "Total Revenue": 244,
        "Gross Profit": 132,
        "Operating Income": 27,
        "EBIT": 51,
        "Net Income": 12
    },
    "2010-03-31": {
        "Diluted EPS": 0.79,
        "Total Revenue": 334,
        "Gross Profit": 161,
        "Operating Income": 57,
        "EBIT": 81,
        "Net Income": 29
    },
    "2009-12-31": {
        "Diluted EPS": 0.7,
        "Total Revenue": 302,
        "Gross Profit": 149,
        "Operating Income": 49,
        "EBIT": 72,
        "Net Income": 26
    },
    "2009-09-30": {
        "Diluted EPS": 0.52,
        "Total Revenue": 233,
        "Gross Profit": 128,
        "Operating Income": 27,
        "EBIT": 50,
        "Net Income": 19
    },
    "2009-06-30": {
        "Diluted EPS": 0.17,
        "Total Revenue": 236,
        "Gross Profit": 129,
        "Operating Income": 27,
        "EBIT": 51,
        "Net Income": 6
    },
    "2009-03-31": {
        "Diluted EPS": 0.63,
        "Total Revenue": 371,
        "Gross Profit": 163,
        "Operating Income": 50,
        "EBIT": 74,
        "Net Income": 23
    },
    "2023-09-30": {
        "Tax Effect Of Unusual Items": NaN,
        "Tax Rate For Calcs": NaN,
        "Normalized EBITDA": NaN,
        "Net Income From Continuing Operation Net Minority Interest": NaN,
        "Reconciled Depreciation": NaN,
        "Reconciled Cost Of Revenue": NaN,
        "EBITDA": NaN,
        "EBIT": NaN,
        "Net Interest Income": NaN,
        "Interest Expense": NaN,
        "Normalized Income": NaN,
        "Net Income From Continuing And Discontinued Operation": NaN,
        "Total Expenses": NaN,
        "Total Operating Income As Reported": NaN,
        "Diluted Average Shares": NaN,
        "Basic Average Shares": NaN,
        "Diluted EPS": NaN,
        "Basic EPS": NaN,
        "Diluted NI Availto Com Stockholders": NaN,
        "Net Income Common Stockholders": NaN,
        "Net Income": NaN,
        "Net Income Including Noncontrolling Interests": NaN,
        "Net Income Continuous Operations": NaN,
        "Tax Provision": NaN,
        "Pretax Income": NaN,
        "Other Income Expense": NaN,
        "Other Non Operating Income Expenses": NaN,
        "Net Non Operating Interest Income Expense": NaN,
        "Interest Expense Non Operating": NaN,
        "Operating Income": NaN,
        "Operating Expense": NaN,
        "Other Taxes": NaN,
        "Depreciation Amortization Depletion Income Statement": NaN,
        "Depreciation And Amortization In Income Statement": 52159000.0,
        "Depreciation Income Statement": 52159000.0,
        "Selling General And Administration": NaN,
        "General And Administrative Expense": 29355000.0,
        "Other Gand A": 29355000.0,
        "Gross Profit": NaN,
        "Cost Of Revenue": NaN,
        "Total Revenue": NaN,
        "Operating Revenue": NaN
    },
    "2023-12-31": {
        "Tax Effect Of Unusual Items": 0.0,
        "Tax Rate For Calcs": 0.21,
        "Normalized EBITDA": 158756000.0,
        "Net Income From Continuing Operation Net Minority Interest": 83142000.0,
        "Reconciled Depreciation": 52687000.0,
        "Reconciled Cost Of Revenue": 154832000.0,
        "EBITDA": 158756000.0,
        "EBIT": 106069000.0,
        "Net Interest Income": -29473000.0,
        "Interest Expense": 29473000.0,
        "Normalized Income": 83142000.0,
        "Net Income From Continuing And Discontinued Operation": 83142000.0,
        "Total Expenses": 252846000.0,
        "Total Operating Income As Reported": 103163000.0,
        "Diluted Average Shares": NaN,
        "Basic Average Shares": NaN,
        "Diluted EPS": NaN,
        "Basic EPS": NaN,
        "Diluted NI Availto Com Stockholders": 83142000.0,
        "Net Income Common Stockholders": 83142000.0,
        "Net Income": 83142000.0,
        "Net Income Including Noncontrolling Interests": 83142000.0,
        "Net Income Continuous Operations": 83142000.0,
        "Tax Provision": -6546000.0,
        "Pretax Income": 76596000.0,
        "Other Income Expense": 2906000.0,
        "Other Non Operating Income Expenses": 2906000.0,
        "Net Non Operating Interest Income Expense": -29473000.0,
        "Interest Expense Non Operating": 29473000.0,
        "Operating Income": 103163000.0,
        "Operating Expense": 98014000.0,
        "Other Taxes": 22025000.0,
        "Depreciation Amortization Depletion Income Statement": 52687000.0,
        "Depreciation And Amortization In Income Statement": NaN,
        "Depreciation Income Statement": NaN,
        "Selling General And Administration": 23302000.0,
        "General And Administrative Expense": NaN,
        "Other Gand A": NaN,
        "Gross Profit": 201177000.0,
        "Cost Of Revenue": 154832000.0,
        "Total Revenue": 356009000.0,
        "Operating Revenue": 356009000.0
    },
    "2024-03-31": {
        "Tax Effect Of Unusual Items": NaN,
        "Tax Rate For Calcs": NaN,
        "Normalized EBITDA": NaN,
        "Net Income From Continuing Operation Net Minority Interest": NaN,
        "Reconciled Depreciation": NaN,
        "Reconciled Cost Of Revenue": NaN,
        "EBITDA": NaN,
        "EBIT": NaN,
        "Net Interest Income": NaN,
        "Interest Expense": NaN,
        "Normalized Income": NaN,
        "Net Income From Continuing And Discontinued Operation": NaN,
        "Total Expenses": NaN,
        "Total Operating Income As Reported": NaN,
        "Diluted Average Shares": 61266000.0,
        "Basic Average Shares": 61266000.0,
        "Diluted EPS": 1.06,
        "Basic EPS": 1.06,
        "Diluted NI Availto Com Stockholders": NaN,
        "Net Income Common Stockholders": NaN,
        "Net Income": NaN,
        "Net Income Including Noncontrolling Interests": NaN,
        "Net Income Continuous Operations": NaN,
        "Tax Provision": NaN,
        "Pretax Income": NaN,
        "Other Income Expense": NaN,
        "Other Non Operating Income Expenses": NaN,
        "Net Non Operating Interest Income Expense": NaN,
        "Interest Expense Non Operating": NaN,
        "Operating Income": NaN,
        "Operating Expense": NaN,
        "Other Taxes": NaN,
        "Depreciation Amortization Depletion Income Statement": NaN,
        "Selling General And Administration": NaN,
        "General And Administrative Expense": 40445000.0,
        "Other Gand A": 40445000.0,
        "Gross Profit": NaN,
        "Cost Of Revenue": NaN,
        "Total Revenue": NaN,
        "Operating Revenue": NaN
    },
    "2024-06-30": {
        "Tax Effect Of Unusual Items": 0.0,
        "Tax Rate For Calcs": 0.118,
        "Normalized EBITDA": 124705000.0,
        "Net Income From Continuing Operation Net Minority Interest": 31654000.0,
        "Reconciled Depreciation": 56933000.0,
        "Reconciled Cost Of Revenue": 133847000.0,
        "EBITDA": 124705000.0,
        "EBIT": 67772000.0,
        "Net Interest Income": -31875000.0,
        "Interest Expense": 31875000.0,
        "Normalized Income": 31654000.0,
        "Net Income From Continuing And Discontinued Operation": 31654000.0,
        "Total Expenses": 258317000.0,
        "Total Operating Income As Reported": 61612000.0,
        "Diluted Average Shares": 61357348.0,
        "Basic Average Shares": 61288870.0,
        "Diluted EPS": 0.52,
        "Basic EPS": 0.52,
        "Diluted NI Availto Com Stockholders": 31654000.0,
        "Net Income Common Stockholders": 31654000.0,
        "Net Income": 31654000.0,
        "Net Income Including Noncontrolling Interests": 31654000.0,
        "Net Income Continuous Operations": 31654000.0,
        "Tax Provision": 4243000.0,
        "Pretax Income": 35897000.0,
        "Other Income Expense": 6160000.0,
        "Other Non Operating Income Expenses": 6160000.0,
        "Net Non Operating Interest Income Expense": -31875000.0,
        "Interest Expense Non Operating": 31875000.0,
        "Operating Income": 61612000.0,
        "Operating Expense": 124470000.0,
        "Other Taxes": 36256000.0,
        "Depreciation Amortization Depletion Income Statement": 56933000.0,
        "Selling General And Administration": 31281000.0,
        "General And Administrative Expense": 31281000.0,
        "Other Gand A": 31281000.0,
        "Gross Profit": 186082000.0,
        "Cost Of Revenue": 133847000.0,
        "Total Revenue": 319929000.0,
        "Operating Revenue": 319929000.0
    },
    "2024-09-30": {
        "Tax Effect Of Unusual Items": 0.0,
        "Tax Rate For Calcs": 0.21,
        "Normalized EBITDA": 134003000.0,
        "Net Income From Continuing Operation Net Minority Interest": 46819000.0,
        "Reconciled Depreciation": 56954000.0,
        "Reconciled Cost Of Revenue": 143754000.0,
        "EBITDA": 134003000.0,
        "EBIT": 77049000.0,
        "Net Interest Income": -33397000.0,
        "Interest Expense": 33397000.0,
        "Normalized Income": 46819000.0,
        "Net Income From Continuing And Discontinued Operation": 46819000.0,
        "Total Expenses": 277228000.0,
        "Total Operating Income As Reported": 67933000.0,
        "Diluted Average Shares": 61400000.0,
        "Basic Average Shares": 61300000.0,
        "Diluted EPS": 0.76,
        "Basic EPS": 0.76,
        "Diluted NI Availto Com Stockholders": 46819000.0,
        "Net Income Common Stockholders": 46819000.0,
        "Net Income": 46819000.0,
        "Net Income Including Noncontrolling Interests": 46819000.0,
        "Net Income Continuous Operations": 46819000.0,
        "Tax Provision": -3167000.0,
        "Pretax Income": 43652000.0,
        "Other Income Expense": 9116000.0,
        "Other Non Operating Income Expenses": 9116000.0,
        "Net Non Operating Interest Income Expense": -33397000.0,
        "Interest Expense Non Operating": 33397000.0,
        "Operating Income": 67933000.0,
        "Operating Expense": 133474000.0,
        "Other Taxes": 41596000.0,
        "Depreciation Amortization Depletion Income Statement": 56954000.0,
        "Selling General And Administration": 34924000.0,
        "General And Administrative Expense": 34924000.0,
        "Other Gand A": 34924000.0,
        "Gross Profit": 201407000.0,
        "Cost Of Revenue": 143754000.0,
        "Total Revenue": 345161000.0,
        "Operating Revenue": 345161000.0
    },
    "2024-12-31": {
        "Tax Effect Of Unusual Items": 0.0,
        "Tax Rate For Calcs": 0.21,
        "Normalized EBITDA": 152130000.0,
        "Net Income From Continuing Operation Net Minority Interest": 80552000.0,
        "Reconciled Depreciation": 57005000.0,
        "Reconciled Cost Of Revenue": 155148000.0,
        "EBITDA": 152130000.0,
        "EBIT": 95125000.0,
        "Net Interest Income": -35422000.0,
        "Interest Expense": 35422000.0,
        "Normalized Income": 80552000.0,
        "Net Income From Continuing And Discontinued Operation": 80552000.0,
        "Total Expenses": 281770000.0,
        "Total Operating Income As Reported": 91696000.0,
        "Diluted Average Shares": 61400000.0,
        "Basic Average Shares": 61320812.0,
        "Diluted EPS": 1.31,
        "Basic EPS": 1.314399,
        "Diluted NI Availto Com Stockholders": 80552000.0,
        "Net Income Common Stockholders": 80552000.0,
        "Net Income": 80552000.0,
        "Net Income Including Noncontrolling Interests": 80552000.0,
        "Net Income Continuous Operations": 80552000.0,
        "Tax Provision": -20849000.0,
        "Pretax Income": 59703000.0,
        "Other Income Expense": 3429000.0,
        "Other Non Operating Income Expenses": 3429000.0,
        "Net Non Operating Interest Income Expense": -35422000.0,
        "Interest Expense Non Operating": 35422000.0,
        "Operating Income": 91696000.0,
        "Operating Expense": 126622000.0,
        "Other Taxes": 38830000.0,
        "Depreciation Amortization Depletion Income Statement": 57005000.0,
        "Selling General And Administration": 30787000.0,
        "General And Administrative Expense": 30787000.0,
        "Other Gand A": 30787000.0,
        "Gross Profit": 218318000.0,
        "Cost Of Revenue": 155148000.0,
        "Total Revenue": 373466000.0,
        "Operating Revenue": 373466000.0
    },
    "2025-03-31": {
        "Tax Effect Of Unusual Items": 0.0,
        "Tax Rate For Calcs": 0.165,
        "Normalized EBITDA": 191055000.0,
        "Net Income From Continuing Operation Net Minority Interest": 76940000.0,
        "Reconciled Depreciation": 62400000.0,
        "Reconciled Cost Of Revenue": 194906000.0,
        "EBITDA": 191055000.0,
        "EBIT": 128655000.0,
        "Net Interest Income": -36511000.0,
        "Interest Expense": 36511000.0,
        "Normalized Income": 76940000.0,
        "Net Income From Continuing And Discontinued Operation": 76940000.0,
        "Total Expenses": 341903000.0,
        "Total Operating Income As Reported": 124727000.0,
        "Diluted Average Shares": 61339000.0,
        "Basic Average Shares": 61339000.0,
        "Diluted EPS": 1.25,
        "Basic EPS": 1.25,
        "Diluted NI Availto Com Stockholders": 76940000.0,
        "Net Income Common Stockholders": 76940000.0,
        "Net Income": 76940000.0,
        "Net Income Including Noncontrolling Interests": 76940000.0,
        "Net Income Continuous Operations": 76940000.0,
        "Tax Provision": 15204000.0,
        "Pretax Income": 92144000.0,
        "Other Income Expense": 3928000.0,
        "Other Non Operating Income Expenses": 3928000.0,
        "Net Non Operating Interest Income Expense": -36511000.0,
        "Interest Expense Non Operating": 36511000.0,
        "Operating Income": 124727000.0,
        "Operating Expense": 146997000.0,
        "Other Taxes": 43240000.0,
        "Depreciation Amortization Depletion Income Statement": 62400000.0,
        "Selling General And Administration": 41357000.0,
        "General And Administrative Expense": 41357000.0,
        "Other Gand A": 41357000.0,
        "Gross Profit": 271724000.0,
        "Cost Of Revenue": 194906000.0,
        "Total Revenue": 466630000.0,
        "Operating Revenue": 466630000.0
    },
    "2025-06-30": {
        "Tax Effect Of Unusual Items": 0.0,
        "Tax Rate For Calcs": 0.137,
        "Normalized EBITDA": 123243000.0,
        "Net Income From Continuing Operation Net Minority Interest": 21228000.0,
        "Reconciled Depreciation": 62379000.0,
        "Reconciled Cost Of Revenue": 137607000.0,
        "EBITDA": 123243000.0,
        "EBIT": 60864000.0,
        "Net Interest Income": -36254000.0,
        "Interest Expense": 36254000.0,
        "Normalized Income": 21228000.0,
        "Net Income From Continuing And Discontinued Operation": 21228000.0,
        "Total Expenses": 281927000.0,
        "Total Operating Income As Reported": 60786000.0,
        "Diluted Average Shares": 61483946.0,
        "Basic Average Shares": 61380777.0,
        "Diluted EPS": 0.35,
        "Basic EPS": 0.35,
        "Diluted NI Availto Com Stockholders": 21228000.0,
        "Net Income Common Stockholders": 21228000.0,
        "Net Income": 21228000.0,
        "Net Income Including Noncontrolling Interests": 21228000.0,
        "Net Income Continuous Operations": 21228000.0,
        "Tax Provision": 3382000.0,
        "Pretax Income": 24610000.0,
        "Other Income Expense": 78000.0,
        "Other Non Operating Income Expenses": 78000.0,
        "Net Non Operating Interest Income Expense": -36254000.0,
        "Interest Expense Non Operating": 36254000.0,
        "Operating Income": 60786000.0,
        "Operating Expense": 144320000.0,
        "Other Taxes": 48168000.0,
        "Depreciation Amortization Depletion Income Statement": 62379000.0,
        "Selling General And Administration": 33773000.0,
        "General And Administrative Expense": 33773000.0,
        "Other Gand A": 33773000.0,
        "Gross Profit": 205106000.0,
        "Cost Of Revenue": 137607000.0,
        "Total Revenue": 342713000.0,
        "Operating Revenue": 342713000.0
    },
    "2025-09-30": {
        "Tax Effect Of Unusual Items": 0.0,
        "Tax Rate For Calcs": 0.187,
        "Normalized EBITDA": 148217000.0,
        "Net Income From Continuing Operation Net Minority Interest": 38233000.0,
        "Reconciled Depreciation": 62833000.0,
        "Reconciled Cost Of Revenue": 151072000.0,
        "EBITDA": 148217000.0,
        "EBIT": 85384000.0,
        "Net Interest Income": -38361000.0,
        "Interest Expense": 38361000.0,
        "Normalized Income": 38233000.0,
        "Net Income From Continuing And Discontinued Operation": 38233000.0,
        "Total Expenses": 306671000.0,
        "Total Operating Income As Reported": 80281000.0,
        "Diluted Average Shares": 61553325.0,
        "Basic Average Shares": 61395002.0,
        "Diluted EPS": 0.62,
        "Basic EPS": 0.62,
        "Diluted NI Availto Com Stockholders": 38233000.0,
        "Net Income Common Stockholders": 38233000.0,
        "Net Income": 38233000.0,
        "Net Income Including Noncontrolling Interests": 38233000.0,
        "Net Income Continuous Operations": 38233000.0,
        "Tax Provision": 8790000.0,
        "Pretax Income": 47023000.0,
        "Other Income Expense": 5103000.0,
        "Other Non Operating Income Expenses": 5103000.0,
        "Net Non Operating Interest Income Expense": -38361000.0,
        "Interest Expense Non Operating": 38361000.0,
        "Operating Income": 80281000.0,
        "Operating Expense": 155599000.0,
        "Other Taxes": 46064000.0,
        "Depreciation Amortization Depletion Income Statement": 62833000.0,
        "Selling General And Administration": 46702000.0,
        "General And Administrative Expense": 46702000.0,
        "Other Gand A": 46702000.0,
        "Gross Profit": 235880000.0,
        "Cost Of Revenue": 151072000.0,
        "Total Revenue": 386952000.0,
        "Operating Revenue": 386952000.0
    }
}