{
    "2023-06-30": {
        "Tax Effect Of Unusual Items": NaN,
        "Tax Rate For Calcs": NaN,
        "Total Unusual Items": 0.0,
        "Total Unusual Items Excluding Goodwill": 0.0,
        "Net Income From Continuing Operation Net Minority Interest": NaN,
        "Reconciled Depreciation": NaN,
        "Net Interest Income": NaN,
        "Interest Expense": NaN,
        "Interest Income": NaN,
        "Normalized Income": NaN,
        "Net Income From Continuing And Discontinued Operation": NaN,
        "Diluted Average Shares": NaN,
        "Basic Average Shares": NaN,
        "Diluted EPS": NaN,
        "Basic EPS": NaN,
        "Diluted NI Availto Com Stockholders": NaN,
        "Net Income Common Stockholders": NaN,
        "Net Income": NaN,
        "Net Income Including Noncontrolling Interests": NaN,
        "Net Income Continuous Operations": NaN,
        "Tax Provision": NaN,
        "Pretax Income": NaN,
        "Gain On Sale Of Security": NaN,
        "Depreciation Amortization Depletion Income Statement": NaN,
        "Depreciation And Amortization In Income Statement": NaN,
        "Amortization": NaN,
        "Amortization Of Intangibles Income Statement": NaN,
        "Selling General And Administration": NaN,
        "General And Administrative Expense": NaN,
        "Insurance And Claims": NaN,
        "Salaries And Wages": NaN,
        "Total Revenue": NaN,
        "Operating Revenue": NaN,
        "Occupancy And Equipment": NaN,
        "Professional Expense And Contract Services Expense": NaN,
        "Other Non Interest Expense": NaN
    },
    "2023-03-31": {
        "Tax Effect Of Unusual Items": NaN,
        "Tax Rate For Calcs": NaN,
        "Total Unusual Items": 0.0,
        "Total Unusual Items Excluding Goodwill": 0.0,
        "Net Income From Continuing Operation Net Minority Interest": NaN,
        "Reconciled Depreciation": NaN,
        "Net Interest Income": NaN,
        "Interest Expense": NaN,
        "Interest Income": NaN,
        "Normalized Income": NaN,
        "Net Income From Continuing And Discontinued Operation": NaN,
        "Diluted Average Shares": NaN,
        "Basic Average Shares": NaN,
        "Diluted EPS": NaN,
        "Basic EPS": NaN,
        "Diluted NI Availto Com Stockholders": NaN,
        "Net Income Common Stockholders": NaN,
        "Net Income": NaN,
        "Net Income Including Noncontrolling Interests": NaN,
        "Net Income Continuous Operations": NaN,
        "Tax Provision": NaN,
        "Pretax Income": NaN,
        "Gain On Sale Of Security": NaN,
        "Depreciation Amortization Depletion Income Statement": NaN,
        "Depreciation And Amortization In Income Statement": NaN,
        "Amortization": NaN,
        "Amortization Of Intangibles Income Statement": NaN,
        "Selling General And Administration": NaN,
        "General And Administrative Expense": NaN,
        "Insurance And Claims": NaN,
        "Salaries And Wages": NaN,
        "Total Revenue": NaN,
        "Operating Revenue": NaN,
        "Occupancy And Equipment": NaN,
        "Professional Expense And Contract Services Expense": NaN,
        "Other Non Interest Expense": NaN
    },
    "2022-12-31": {
        "Tax Effect Of Unusual Items": NaN,
        "Tax Rate For Calcs": NaN,
        "Total Unusual Items": 0.0,
        "Total Unusual Items Excluding Goodwill": 0.0,
        "Net Income From Continuing Operation Net Minority Interest": NaN,
        "Reconciled Depreciation": NaN,
        "Net Interest Income": NaN,
        "Interest Expense": NaN,
        "Interest Income": NaN,
        "Normalized Income": NaN,
        "Net Income From Continuing And Discontinued Operation": NaN,
        "Diluted Average Shares": NaN,
        "Basic Average Shares": NaN,
        "Diluted EPS": NaN,
        "Basic EPS": NaN,
        "Diluted NI Availto Com Stockholders": NaN,
        "Net Income Common Stockholders": NaN,
        "Net Income": NaN,
        "Net Income Including Noncontrolling Interests": NaN,
        "Net Income Continuous Operations": NaN,
        "Tax Provision": NaN,
        "Pretax Income": NaN,
        "Gain On Sale Of Security": NaN,
        "Depreciation Amortization Depletion Income Statement": NaN,
        "Depreciation And Amortization In Income Statement": NaN,
        "Amortization": NaN,
        "Amortization Of Intangibles Income Statement": NaN,
        "Selling General And Administration": NaN,
        "General And Administrative Expense": NaN,
        "Insurance And Claims": NaN,
        "Salaries And Wages": NaN,
        "Total Revenue": NaN,
        "Operating Revenue": NaN,
        "Occupancy And Equipment": NaN,
        "Professional Expense And Contract Services Expense": NaN,
        "Other Non Interest Expense": NaN
    },
    "2022-09-30": {
        "Tax Effect Of Unusual Items": NaN,
        "Tax Rate For Calcs": NaN,
        "Total Unusual Items": NaN,
        "Total Unusual Items Excluding Goodwill": NaN,
        "Net Income From Continuing Operation Net Minority Interest": NaN,
        "Reconciled Depreciation": NaN,
        "Net Interest Income": NaN,
        "Interest Expense": NaN,
        "Interest Income": NaN,
        "Normalized Income": NaN,
        "Net Income From Continuing And Discontinued Operation": NaN,
        "Diluted Average Shares": NaN,
        "Basic Average Shares": NaN,
        "Diluted EPS": NaN,
        "Basic EPS": NaN,
        "Diluted NI Availto Com Stockholders": NaN,
        "Net Income Common Stockholders": NaN,
        "Net Income": NaN,
        "Net Income Including Noncontrolling Interests": NaN,
        "Net Income Continuous Operations": NaN,
        "Tax Provision": NaN,
        "Pretax Income": NaN,
        "Gain On Sale Of Security": NaN,
        "Depreciation Amortization Depletion Income Statement": NaN,
        "Depreciation And Amortization In Income Statement": NaN,
        "Amortization": NaN,
        "Amortization Of Intangibles Income Statement": NaN,
        "Selling General And Administration": NaN,
        "General And Administrative Expense": NaN,
        "Other Gand A": 736000.0,
        "Insurance And Claims": NaN,
        "Salaries And Wages": NaN,
        "Total Revenue": NaN,
        "Operating Revenue": NaN
    },
    "2022-06-30": {
        "Tax Effect Of Unusual Items": 0.0,
        "Tax Rate For Calcs": 0.203925,
        "Total Unusual Items": 0.0,
        "Total Unusual Items Excluding Goodwill": 0.0,
        "Net Income From Continuing Operation Net Minority Interest": 6855000.0,
        "Reconciled Depreciation": 27000.0,
        "Net Interest Income": 16894000.0,
        "Interest Expense": 1199000.0,
        "Interest Income": 18093000.0,
        "Normalized Income": 6855000.0,
        "Net Income From Continuing And Discontinued Operation": 6855000.0,
        "Diluted Average Shares": 8168000.0,
        "Basic Average Shares": 8156000.0,
        "Diluted EPS": 0.84,
        "Basic EPS": 0.84,
        "Diluted NI Availto Com Stockholders": 6855000.0,
        "Net Income Common Stockholders": 6855000.0,
        "Net Income": 6855000.0,
        "Net Income Including Noncontrolling Interests": 6855000.0,
        "Net Income Continuous Operations": 6855000.0,
        "Tax Provision": 1756000.0,
        "Pretax Income": 8611000.0,
        "Gain On Sale Of Security": 0.0,
        "Depreciation Amortization Depletion Income Statement": 27000.0,
        "Depreciation And Amortization In Income Statement": 27000.0,
        "Amortization": 27000.0,
        "Amortization Of Intangibles Income Statement": 27000.0,
        "Selling General And Administration": 6648000.0,
        "General And Administrative Expense": 6648000.0,
        "Other Gand A": 666000.0,
        "Insurance And Claims": 142000.0,
        "Salaries And Wages": 5840000.0,
        "Total Revenue": 19383000.0,
        "Operating Revenue": 19383000.0
    },
    "2022-03-31": {
        "Diluted EPS": 0.87,
        "Total Revenue": 21,
        "Gross Profit": 19,
        "Operating Income": 9,
        "EBIT": NaN,
        "Net Income": 7
    },
    "2021-12-31": {
        "Diluted EPS": 0.82,
        "Total Revenue": 20,
        "Gross Profit": 19,
        "Operating Income": 8,
        "EBIT": NaN,
        "Net Income": 7
    },
    "2021-09-30": {
        "Diluted EPS": 0.85,
        "Total Revenue": 21,
        "Gross Profit": 19,
        "Operating Income": 9,
        "EBIT": NaN,
        "Net Income": 7
    },
    "2021-06-30": {
        "Diluted EPS": 0.7,
        "Total Revenue": 20,
        "Gross Profit": 18,
        "Operating Income": 7,
        "EBIT": NaN,
        "Net Income": 6
    },
    "2021-03-31": {
        "Diluted EPS": 0.67,
        "Total Revenue": 19,
        "Gross Profit": 18,
        "Operating Income": 7,
        "EBIT": NaN,
        "Net Income": 6
    },
    "2020-12-31": {
        "Diluted EPS": 0.74,
        "Total Revenue": 20,
        "Gross Profit": 18,
        "Operating Income": 7,
        "EBIT": NaN,
        "Net Income": 6
    },
    "2020-09-30": {
        "Diluted EPS": 0.62,
        "Total Revenue": 19,
        "Gross Profit": 17,
        "Operating Income": 7,
        "EBIT": NaN,
        "Net Income": 5
    },
    "2020-06-30": {
        "Diluted EPS": 0.24,
        "Total Revenue": 13,
        "Gross Profit": 11,
        "Operating Income": 3,
        "EBIT": NaN,
        "Net Income": 1
    },
    "2020-03-31": {
        "Diluted EPS": 0.49,
        "Total Revenue": 14,
        "Gross Profit": 11,
        "Operating Income": 4,
        "EBIT": NaN,
        "Net Income": 3
    },
    "2019-12-31": {
        "Diluted EPS": 0.56,
        "Total Revenue": 14,
        "Gross Profit": 12,
        "Operating Income": 4,
        "EBIT": NaN,
        "Net Income": 4
    },
    "2019-09-30": {
        "Diluted EPS": 0.62,
        "Total Revenue": 14,
        "Gross Profit": 12,
        "Operating Income": 5,
        "EBIT": NaN,
        "Net Income": 4
    },
    "2019-06-30": {
        "Diluted EPS": 0.56,
        "Total Revenue": 13,
        "Gross Profit": 11,
        "Operating Income": 4,
        "EBIT": NaN,
        "Net Income": 4
    },
    "2019-03-31": {
        "Diluted EPS": 0.51,
        "Total Revenue": 13,
        "Gross Profit": 11,
        "Operating Income": 4,
        "EBIT": NaN,
        "Net Income": 3
    },
    "2018-12-31": {
        "Diluted EPS": 0.53,
        "Total Revenue": 13,
        "Gross Profit": 11,
        "Operating Income": 4,
        "EBIT": NaN,
        "Net Income": 3
    },
    "2018-09-30": {
        "Diluted EPS": 0.58,
        "Total Revenue": 13,
        "Gross Profit": 11,
        "Operating Income": 4,
        "EBIT": NaN,
        "Net Income": 4
    },
    "2018-06-30": {
        "Diluted EPS": 0.56,
        "Total Revenue": 12,
        "Gross Profit": 11,
        "Operating Income": 4,
        "EBIT": NaN,
        "Net Income": 4
    },
    "2018-03-31": {
        "Diluted EPS": 0.5,
        "Total Revenue": 12,
        "Gross Profit": 11,
        "Operating Income": 4,
        "EBIT": NaN,
        "Net Income": 3
    },
    "2017-12-31": {
        "Diluted EPS": 0.03,
        "Total Revenue": 12,
        "Gross Profit": 11,
        "Operating Income": 4,
        "EBIT": NaN,
        "Net Income": 0
    },
    "2017-09-30": {
        "Diluted EPS": 0.47,
        "Total Revenue": 12,
        "Gross Profit": 11,
        "Operating Income": 4,
        "EBIT": NaN,
        "Net Income": 3
    },
    "2017-06-30": {
        "Diluted EPS": 0.43,
        "Total Revenue": 11,
        "Gross Profit": 10,
        "Operating Income": 4,
        "EBIT": NaN,
        "Net Income": 3
    },
    "2017-03-31": {
        "Diluted EPS": 0.38,
        "Total Revenue": 11,
        "Gross Profit": 10,
        "Operating Income": 3,
        "EBIT": NaN,
        "Net Income": 2
    },
    "2016-12-31": {
        "Diluted EPS": 0.37,
        "Total Revenue": 11,
        "Gross Profit": 10,
        "Operating Income": 3,
        "EBIT": NaN,
        "Net Income": 2
    },
    "2016-09-30": {
        "Diluted EPS": 0.1,
        "Total Revenue": 10,
        "Gross Profit": 9,
        "Operating Income": 2,
        "EBIT": NaN,
        "Net Income": 1
    },
    "2016-06-30": {
        "Diluted EPS": 0.34,
        "Total Revenue": 8,
        "Gross Profit": 8,
        "Operating Income": 2,
        "EBIT": NaN,
        "Net Income": 2
    },
    "2016-03-31": {
        "Diluted EPS": 0.34,
        "Total Revenue": 8,
        "Gross Profit": 7,
        "Operating Income": 2,
        "EBIT": NaN,
        "Net Income": 2
    },
    "2015-12-31": {
        "Diluted EPS": 0.03,
        "Total Revenue": 8,
        "Gross Profit": 7,
        "Operating Income": 0,
        "EBIT": NaN,
        "Net Income": 0
    },
    "2015-09-30": {
        "Diluted EPS": 0.32,
        "Total Revenue": 8,
        "Gross Profit": 7,
        "Operating Income": 2,
        "EBIT": NaN,
        "Net Income": 2
    },
    "2015-06-30": {
        "Diluted EPS": 0.35,
        "Total Revenue": 8,
        "Gross Profit": 7,
        "Operating Income": 3,
        "EBIT": NaN,
        "Net Income": 2
    },
    "2015-03-31": {
        "Diluted EPS": 0.37,
        "Total Revenue": 8,
        "Gross Profit": 8,
        "Operating Income": 3,
        "EBIT": NaN,
        "Net Income": 2
    },
    "2014-12-31": {
        "Diluted EPS": 0.28,
        "Total Revenue": 8,
        "Gross Profit": 7,
        "Operating Income": 2,
        "EBIT": NaN,
        "Net Income": 2
    },
    "2014-09-30": {
        "Diluted EPS": 0.39,
        "Total Revenue": 8,
        "Gross Profit": 7,
        "Operating Income": 3,
        "EBIT": NaN,
        "Net Income": 2
    },
    "2014-06-30": {
        "Diluted EPS": 0.37,
        "Total Revenue": 8,
        "Gross Profit": 8,
        "Operating Income": 3,
        "EBIT": NaN,
        "Net Income": 2
    },
    "2014-03-31": {
        "Diluted EPS": 0.36,
        "Total Revenue": 8,
        "Gross Profit": 7,
        "Operating Income": 3,
        "EBIT": NaN,
        "Net Income": 2
    },
    "2013-12-31": {
        "Diluted EPS": 0.4,
        "Total Revenue": 8,
        "Gross Profit": 7,
        "Operating Income": 3,
        "EBIT": NaN,
        "Net Income": 2
    },
    "2013-09-30": {
        "Diluted EPS": 0.39,
        "Total Revenue": 8,
        "Gross Profit": 7,
        "Operating Income": 3,
        "EBIT": NaN,
        "Net Income": 2
    },
    "2013-06-30": {
        "Diluted EPS": 0.34,
        "Total Revenue": 8,
        "Gross Profit": 7,
        "Operating Income": 2,
        "EBIT": NaN,
        "Net Income": 2
    },
    "2013-03-31": {
        "Diluted EPS": 0.42,
        "Total Revenue": 9,
        "Gross Profit": 8,
        "Operating Income": 3,
        "EBIT": NaN,
        "Net Income": 2
    },
    "2012-12-31": {
        "Diluted EPS": 0.36,
        "Total Revenue": 8,
        "Gross Profit": 7,
        "Operating Income": 3,
        "EBIT": NaN,
        "Net Income": 2
    },
    "2012-09-30": {
        "Diluted EPS": 0.41,
        "Total Revenue": 9,
        "Gross Profit": 8,
        "Operating Income": 3,
        "EBIT": NaN,
        "Net Income": 2
    },
    "2012-06-30": {
        "Diluted EPS": 0.42,
        "Total Revenue": 9,
        "Gross Profit": 7,
        "Operating Income": 3,
        "EBIT": NaN,
        "Net Income": 2
    },
    "2012-03-31": {
        "Diluted EPS": 0.37,
        "Total Revenue": 9,
        "Gross Profit": 7,
        "Operating Income": 3,
        "EBIT": NaN,
        "Net Income": 2
    },
    "2011-12-31": {
        "Diluted EPS": 0.37,
        "Total Revenue": 8,
        "Gross Profit": 6,
        "Operating Income": 0,
        "EBIT": NaN,
        "Net Income": 2
    },
    "2011-09-30": {
        "Diluted EPS": 0.41,
        "Total Revenue": 9,
        "Gross Profit": 8,
        "Operating Income": 3,
        "EBIT": NaN,
        "Net Income": 2
    },
    "2011-06-30": {
        "Diluted EPS": 0.3,
        "Total Revenue": 8,
        "Gross Profit": 6,
        "Operating Income": 2,
        "EBIT": NaN,
        "Net Income": 1
    },
    "2011-03-31": {
        "Diluted EPS": 0.36,
        "Total Revenue": 7,
        "Gross Profit": 6,
        "Operating Income": 3,
        "EBIT": NaN,
        "Net Income": 2
    },
    "2010-12-31": {
        "Diluted EPS": 0.39,
        "Total Revenue": 7,
        "Gross Profit": 6,
        "Operating Income": 2,
        "EBIT": NaN,
        "Net Income": 2
    },
    "2010-09-30": {
        "Diluted EPS": 0.41,
        "Total Revenue": 7,
        "Gross Profit": 6,
        "Operating Income": 3,
        "EBIT": NaN,
        "Net Income": 2
    },
    "2010-06-30": {
        "Diluted EPS": 0.4,
        "Total Revenue": 7,
        "Gross Profit": 6,
        "Operating Income": 3,
        "EBIT": NaN,
        "Net Income": 2
    },
    "2010-03-31": {
        "Diluted EPS": 0.39,
        "Total Revenue": 8,
        "Gross Profit": 6,
        "Operating Income": 3,
        "EBIT": NaN,
        "Net Income": 2
    },
    "2009-12-31": {
        "Diluted EPS": 0.39,
        "Total Revenue": 9,
        "Gross Profit": 7,
        "Operating Income": 2,
        "EBIT": NaN,
        "Net Income": 2
    },
    "2009-09-30": {
        "Diluted EPS": 0.39,
        "Total Revenue": 8,
        "Gross Profit": 6,
        "Operating Income": 2,
        "EBIT": NaN,
        "Net Income": 2
    },
    "2009-06-30": {
        "Diluted EPS": 0.38,
        "Total Revenue": 8,
        "Gross Profit": 6,
        "Operating Income": 2,
        "EBIT": NaN,
        "Net Income": 2
    },
    "2009-03-31": {
        "Diluted EPS": 0.38,
        "Total Revenue": 8,
        "Gross Profit": 6,
        "Operating Income": 2,
        "EBIT": NaN,
        "Net Income": 2
    },
    "2023-09-30": {
        "Tax Effect Of Unusual Items": NaN,
        "Tax Rate For Calcs": NaN,
        "Total Unusual Items": 13000.0,
        "Total Unusual Items Excluding Goodwill": 13000.0,
        "Net Income From Continuing Operation Net Minority Interest": NaN,
        "Reconciled Depreciation": NaN,
        "Net Interest Income": NaN,
        "Interest Expense": NaN,
        "Interest Income": NaN,
        "Normalized Income": NaN,
        "Net Income From Continuing And Discontinued Operation": NaN,
        "Diluted Average Shares": 8033000.0,
        "Basic Average Shares": 8027000.0,
        "Diluted EPS": 0.51,
        "Basic EPS": 0.51,
        "Diluted NI Availto Com Stockholders": NaN,
        "Net Income Common Stockholders": NaN,
        "Net Income": NaN,
        "Net Income Including Noncontrolling Interests": NaN,
        "Net Income Continuous Operations": NaN,
        "Tax Provision": NaN,
        "Pretax Income": NaN,
        "Gain On Sale Of Security": NaN,
        "Depreciation Amortization Depletion Income Statement": NaN,
        "Depreciation And Amortization In Income Statement": NaN,
        "Amortization": NaN,
        "Amortization Of Intangibles Income Statement": NaN,
        "Selling General And Administration": NaN,
        "General And Administrative Expense": NaN,
        "Insurance And Claims": NaN,
        "Salaries And Wages": NaN,
        "Total Revenue": NaN,
        "Operating Revenue": NaN,
        "Occupancy And Equipment": NaN,
        "Professional Expense And Contract Services Expense": NaN,
        "Other Non Interest Expense": NaN
    },
    "2023-12-31": {
        "Tax Effect Of Unusual Items": 14526.548673,
        "Tax Rate For Calcs": 0.216814,
        "Total Unusual Items": 67000.0,
        "Total Unusual Items Excluding Goodwill": 67000.0,
        "Net Income From Continuing Operation Net Minority Interest": 354000.0,
        "Reconciled Depreciation": 351000.0,
        "Net Interest Income": 15293000.0,
        "Interest Expense": 10792000.0,
        "Interest Income": 26085000.0,
        "Normalized Income": 301526.548673,
        "Net Income From Continuing And Discontinued Operation": 354000.0,
        "Diluted Average Shares": 8875000.0,
        "Basic Average Shares": 8875000.0,
        "Diluted EPS": 0.04,
        "Basic EPS": 0.04,
        "Diluted NI Availto Com Stockholders": 354000.0,
        "Net Income Common Stockholders": 354000.0,
        "Net Income": 354000.0,
        "Net Income Including Noncontrolling Interests": 354000.0,
        "Net Income Continuous Operations": 354000.0,
        "Tax Provision": 98000.0,
        "Pretax Income": 452000.0,
        "Gain On Sale Of Security": 0.0,
        "Depreciation Amortization Depletion Income Statement": 19000.0,
        "Depreciation And Amortization In Income Statement": 19000.0,
        "Amortization": 19000.0,
        "Amortization Of Intangibles Income Statement": 19000.0,
        "Selling General And Administration": 6588000.0,
        "General And Administrative Expense": 5958000.0,
        "Insurance And Claims": 286000.0,
        "Salaries And Wages": 5672000.0,
        "Total Revenue": 17416000.0,
        "Operating Revenue": 17416000.0,
        "Occupancy And Equipment": 1265000.0,
        "Professional Expense And Contract Services Expense": 544000.0,
        "Other Non Interest Expense": 2432000.0
    },
    "2024-03-31": {
        "Tax Effect Of Unusual Items": 0.0,
        "Tax Rate For Calcs": 0.21,
        "Total Unusual Items": NaN,
        "Total Unusual Items Excluding Goodwill": NaN,
        "Net Income From Continuing Operation Net Minority Interest": 4433000.0,
        "Reconciled Depreciation": 354000.0,
        "Net Interest Income": 14710000.0,
        "Interest Expense": 12228000.0,
        "Interest Income": 26938000.0,
        "Normalized Income": 4433000.0,
        "Net Income From Continuing And Discontinued Operation": 4433000.0,
        "Diluted Average Shares": 8070000.0,
        "Basic Average Shares": 8064000.0,
        "Diluted EPS": 0.55,
        "Basic EPS": 0.55,
        "Diluted NI Availto Com Stockholders": 4433000.0,
        "Net Income Common Stockholders": 4433000.0,
        "Net Income": 4433000.0,
        "Net Income Including Noncontrolling Interests": 4433000.0,
        "Net Income Continuous Operations": 4433000.0,
        "Tax Provision": 1175000.0,
        "Pretax Income": 5608000.0,
        "Gain On Sale Of Security": 0.0,
        "Depreciation Amortization Depletion Income Statement": 19000.0,
        "Depreciation And Amortization In Income Statement": 19000.0,
        "Amortization": 19000.0,
        "Amortization Of Intangibles Income Statement": 19000.0,
        "Selling General And Administration": 6496000.0,
        "General And Administrative Expense": 6496000.0,
        "Insurance And Claims": 361000.0,
        "Salaries And Wages": 6135000.0,
        "Total Revenue": 16716000.0,
        "Operating Revenue": 16716000.0,
        "Occupancy And Equipment": 1261000.0,
        "Professional Expense And Contract Services Expense": 585000.0,
        "Other Non Interest Expense": 3371000.0
    },
    "2024-06-30": {
        "Tax Effect Of Unusual Items": 0.0,
        "Tax Rate For Calcs": 0.211,
        "Total Unusual Items": NaN,
        "Total Unusual Items Excluding Goodwill": NaN,
        "Net Income From Continuing Operation Net Minority Interest": 4213000.0,
        "Reconciled Depreciation": 344000.0,
        "Net Interest Income": 14925000.0,
        "Interest Expense": 12746000.0,
        "Interest Income": 27671000.0,
        "Normalized Income": 4213000.0,
        "Net Income From Continuing And Discontinued Operation": 4213000.0,
        "Diluted Average Shares": 8048000.0,
        "Basic Average Shares": 8045000.0,
        "Diluted EPS": 0.52,
        "Basic EPS": 0.52,
        "Diluted NI Availto Com Stockholders": 4213000.0,
        "Net Income Common Stockholders": 4213000.0,
        "Net Income": 4213000.0,
        "Net Income Including Noncontrolling Interests": 4213000.0,
        "Net Income Continuous Operations": 4213000.0,
        "Tax Provision": 1128000.0,
        "Pretax Income": 5341000.0,
        "Gain On Sale Of Security": 0.0,
        "Depreciation Amortization Depletion Income Statement": 19000.0,
        "Depreciation And Amortization In Income Statement": 19000.0,
        "Amortization": 19000.0,
        "Amortization Of Intangibles Income Statement": 19000.0,
        "Selling General And Administration": 6263000.0,
        "General And Administrative Expense": 6263000.0,
        "Insurance And Claims": 309000.0,
        "Salaries And Wages": 5954000.0,
        "Total Revenue": 17132000.0,
        "Operating Revenue": 17132000.0,
        "Occupancy And Equipment": 1229000.0,
        "Professional Expense And Contract Services Expense": 508000.0,
        "Other Non Interest Expense": 3425000.0
    },
    "2024-09-30": {
        "Tax Effect Of Unusual Items": 0.0,
        "Tax Rate For Calcs": 0.207,
        "Total Unusual Items": 0.0,
        "Total Unusual Items Excluding Goodwill": 0.0,
        "Net Income From Continuing Operation Net Minority Interest": 3844000.0,
        "Reconciled Depreciation": 351000.0,
        "Net Interest Income": 15931000.0,
        "Interest Expense": 12556000.0,
        "Interest Income": 28487000.0,
        "Normalized Income": 3844000.0,
        "Net Income From Continuing And Discontinued Operation": 3844000.0,
        "Diluted Average Shares": 8052000.0,
        "Basic Average Shares": 8046000.0,
        "Diluted EPS": 0.48,
        "Basic EPS": 0.48,
        "Diluted NI Availto Com Stockholders": 3844000.0,
        "Net Income Common Stockholders": 3844000.0,
        "Net Income": 3844000.0,
        "Net Income Including Noncontrolling Interests": 3844000.0,
        "Net Income Continuous Operations": 3844000.0,
        "Tax Provision": 1006000.0,
        "Pretax Income": 4850000.0,
        "Gain On Sale Of Security": 0.0,
        "Depreciation Amortization Depletion Income Statement": 16000.0,
        "Depreciation And Amortization In Income Statement": 16000.0,
        "Amortization": 16000.0,
        "Amortization Of Intangibles Income Statement": 16000.0,
        "Selling General And Administration": 6578000.0,
        "General And Administrative Expense": 6578000.0,
        "Insurance And Claims": 339000.0,
        "Salaries And Wages": 6239000.0,
        "Total Revenue": 18226000.0,
        "Operating Revenue": 18226000.0,
        "Occupancy And Equipment": 1269000.0,
        "Professional Expense And Contract Services Expense": 576000.0,
        "Other Non Interest Expense": 3592000.0
    },
    "2024-12-31": {
        "Tax Effect Of Unusual Items": 0.0,
        "Tax Rate For Calcs": 0.212119,
        "Total Unusual Items": 0.0,
        "Total Unusual Items Excluding Goodwill": 0.0,
        "Net Income From Continuing Operation Net Minority Interest": -12651000.0,
        "Reconciled Depreciation": 328000.0,
        "Net Interest Income": 16625000.0,
        "Interest Expense": 12860000.0,
        "Interest Income": 29485000.0,
        "Normalized Income": -12651000.0,
        "Net Income From Continuing And Discontinued Operation": -12651000.0,
        "Diluted Average Shares": NaN,
        "Basic Average Shares": NaN,
        "Diluted EPS": NaN,
        "Basic EPS": NaN,
        "Diluted NI Availto Com Stockholders": -12651000.0,
        "Net Income Common Stockholders": -12651000.0,
        "Net Income": -12651000.0,
        "Net Income Including Noncontrolling Interests": -12651000.0,
        "Net Income Continuous Operations": -12651000.0,
        "Tax Provision": -3406000.0,
        "Pretax Income": -16057000.0,
        "Gain On Sale Of Security": -19962000.0,
        "Depreciation Amortization Depletion Income Statement": 15000.0,
        "Depreciation And Amortization In Income Statement": 15000.0,
        "Amortization": 15000.0,
        "Amortization Of Intangibles Income Statement": 15000.0,
        "Selling General And Administration": 7955000.0,
        "General And Administrative Expense": 7025000.0,
        "Insurance And Claims": 335000.0,
        "Salaries And Wages": 6690000.0,
        "Total Revenue": -1034000.0,
        "Operating Revenue": -1034000.0,
        "Occupancy And Equipment": 1291000.0,
        "Professional Expense And Contract Services Expense": 504000.0,
        "Other Non Interest Expense": 3654000.0
    }
}