{
    "2023-03-31": {
        "Tax Effect Of Unusual Items": NaN,
        "Tax Rate For Calcs": NaN,
        "Normalized EBITDA": NaN,
        "Net Income From Continuing Operation Net Minority Interest": NaN,
        "Reconciled Depreciation": NaN,
        "Reconciled Cost Of Revenue": NaN,
        "EBITDA": NaN,
        "EBIT": NaN,
        "Net Interest Income": NaN,
        "Interest Expense": NaN,
        "Normalized Income": NaN,
        "Net Income From Continuing And Discontinued Operation": NaN,
        "Total Expenses": NaN,
        "Total Operating Income As Reported": NaN,
        "Diluted Average Shares": 35929000.0,
        "Basic Average Shares": 35929000.0,
        "Diluted EPS": 1.994795,
        "Basic EPS": 1.994795,
        "Diluted NI Availto Com Stockholders": NaN,
        "Net Income Common Stockholders": NaN,
        "Net Income": NaN,
        "Net Income Including Noncontrolling Interests": NaN,
        "Net Income Continuous Operations": NaN,
        "Tax Provision": NaN,
        "Pretax Income": NaN,
        "Other Income Expense": NaN,
        "Other Non Operating Income Expenses": NaN,
        "Net Non Operating Interest Income Expense": NaN,
        "Interest Expense Non Operating": NaN,
        "Operating Income": NaN,
        "Operating Expense": NaN,
        "Other Operating Expenses": NaN,
        "Other Taxes": NaN,
        "Depreciation Amortization Depletion Income Statement": NaN,
        "Depreciation And Amortization In Income Statement": NaN,
        "Depreciation Income Statement": NaN,
        "Gross Profit": NaN,
        "Cost Of Revenue": NaN,
        "Total Revenue": NaN,
        "Operating Revenue": NaN
    },
    "2022-12-31": {
        "Tax Effect Of Unusual Items": NaN,
        "Tax Rate For Calcs": NaN,
        "Normalized EBITDA": NaN,
        "Net Income From Continuing Operation Net Minority Interest": NaN,
        "Reconciled Depreciation": NaN,
        "Reconciled Cost Of Revenue": NaN,
        "EBITDA": NaN,
        "EBIT": NaN,
        "Net Interest Income": NaN,
        "Interest Expense": NaN,
        "Normalized Income": NaN,
        "Net Income From Continuing And Discontinued Operation": NaN,
        "Total Expenses": NaN,
        "Total Operating Income As Reported": NaN,
        "Diluted Average Shares": NaN,
        "Basic Average Shares": NaN,
        "Diluted EPS": NaN,
        "Basic EPS": NaN,
        "Diluted NI Availto Com Stockholders": NaN,
        "Net Income Common Stockholders": NaN,
        "Net Income": NaN,
        "Net Income Including Noncontrolling Interests": NaN,
        "Net Income Continuous Operations": NaN,
        "Tax Provision": NaN,
        "Pretax Income": NaN,
        "Other Income Expense": NaN,
        "Other Non Operating Income Expenses": NaN,
        "Net Non Operating Interest Income Expense": NaN,
        "Interest Expense Non Operating": NaN,
        "Operating Income": NaN,
        "Operating Expense": NaN,
        "Other Operating Expenses": NaN,
        "Other Taxes": NaN,
        "Depreciation Amortization Depletion Income Statement": NaN,
        "Depreciation And Amortization In Income Statement": NaN,
        "Depreciation Income Statement": NaN,
        "Selling General And Administration": 4439000.0,
        "General And Administrative Expense": 4439000.0,
        "Other Gand A": 4439000.0,
        "Gross Profit": NaN,
        "Cost Of Revenue": NaN,
        "Total Revenue": NaN,
        "Operating Revenue": NaN
    },
    "2022-09-30": {
        "Tax Effect Of Unusual Items": NaN,
        "Tax Rate For Calcs": NaN,
        "Normalized EBITDA": NaN,
        "Net Income From Continuing Operation Net Minority Interest": NaN,
        "Reconciled Depreciation": NaN,
        "Reconciled Cost Of Revenue": NaN,
        "EBITDA": NaN,
        "EBIT": NaN,
        "Net Interest Income": NaN,
        "Interest Expense": NaN,
        "Normalized Income": NaN,
        "Net Income From Continuing And Discontinued Operation": NaN,
        "Total Expenses": NaN,
        "Total Operating Income As Reported": NaN,
        "Diluted Average Shares": NaN,
        "Basic Average Shares": NaN,
        "Diluted EPS": NaN,
        "Basic EPS": NaN,
        "Diluted NI Availto Com Stockholders": NaN,
        "Net Income Common Stockholders": NaN,
        "Net Income": NaN,
        "Net Income Including Noncontrolling Interests": NaN,
        "Net Income Continuous Operations": NaN,
        "Tax Provision": NaN,
        "Pretax Income": NaN,
        "Other Income Expense": NaN,
        "Other Non Operating Income Expenses": NaN,
        "Net Non Operating Interest Income Expense": NaN,
        "Interest Expense Non Operating": NaN,
        "Operating Income": NaN,
        "Operating Expense": NaN,
        "Other Operating Expenses": NaN,
        "Other Taxes": NaN,
        "Depreciation Amortization Depletion Income Statement": NaN,
        "Depreciation And Amortization In Income Statement": NaN,
        "Depreciation Income Statement": NaN,
        "Selling General And Administration": 980000.0,
        "General And Administrative Expense": 980000.0,
        "Other Gand A": 980000.0,
        "Gross Profit": NaN,
        "Cost Of Revenue": NaN,
        "Total Revenue": NaN,
        "Operating Revenue": NaN
    },
    "2022-06-30": {
        "Tax Effect Of Unusual Items": 0.0,
        "Tax Rate For Calcs": 0.215,
        "Normalized EBITDA": 41875000.0,
        "Net Income From Continuing Operation Net Minority Interest": 1715000.0,
        "Reconciled Depreciation": 28110000.0,
        "Reconciled Cost Of Revenue": 141135000.0,
        "EBITDA": 41875000.0,
        "EBIT": 13765000.0,
        "Net Interest Income": -11580000.0,
        "Interest Expense": 11580000.0,
        "Normalized Income": 1715000.0,
        "Net Income From Continuing And Discontinued Operation": 1715000.0,
        "Total Expenses": 181421000.0,
        "Total Operating Income As Reported": 13539000.0,
        "Diluted Average Shares": 34352000.0,
        "Basic Average Shares": 34307000.0,
        "Diluted EPS": 0.05,
        "Basic EPS": 0.05,
        "Diluted NI Availto Com Stockholders": 1715000.0,
        "Net Income Common Stockholders": 1715000.0,
        "Net Income": 1715000.0,
        "Net Income Including Noncontrolling Interests": 1715000.0,
        "Net Income Continuous Operations": 1715000.0,
        "Tax Provision": 470000.0,
        "Pretax Income": 2185000.0,
        "Other Income Expense": 226000.0,
        "Other Non Operating Income Expenses": 226000.0,
        "Net Non Operating Interest Income Expense": -11580000.0,
        "Interest Expense Non Operating": 11580000.0,
        "Operating Income": 13539000.0,
        "Operating Expense": 40286000.0,
        "Other Operating Expenses": 920000.0,
        "Other Taxes": 8989000.0,
        "Depreciation Amortization Depletion Income Statement": 28110000.0,
        "Depreciation And Amortization In Income Statement": 28110000.0,
        "Depreciation Income Statement": NaN,
        "Selling General And Administration": 2267000.0,
        "General And Administrative Expense": 2267000.0,
        "Other Gand A": 2267000.0,
        "Gross Profit": 53825000.0,
        "Cost Of Revenue": 141135000.0,
        "Total Revenue": 194960000.0,
        "Operating Revenue": 200995000.0
    },
    "2023-06-30": {
        "Tax Effect Of Unusual Items": 0.0,
        "Tax Rate For Calcs": 0.163,
        "Normalized EBITDA": 51754000.0,
        "Net Income From Continuing Operation Net Minority Interest": 1244000.0,
        "Reconciled Depreciation": 31293000.0,
        "Reconciled Cost Of Revenue": 178437000.0,
        "EBITDA": 51754000.0,
        "EBIT": 20461000.0,
        "Net Interest Income": -18974000.0,
        "Interest Expense": 18974000.0,
        "Normalized Income": 1244000.0,
        "Net Income From Continuing And Discontinued Operation": 1244000.0,
        "Total Expenses": 224016000.0,
        "Total Operating Income As Reported": 13843000.0,
        "Diluted Average Shares": 36065000.0,
        "Basic Average Shares": 36065000.0,
        "Diluted EPS": 0.03,
        "Basic EPS": 0.034493,
        "Diluted NI Availto Com Stockholders": 1244000.0,
        "Net Income Common Stockholders": 1244000.0,
        "Net Income": 1244000.0,
        "Net Income Including Noncontrolling Interests": 1244000.0,
        "Net Income Continuous Operations": 1244000.0,
        "Tax Provision": 243000.0,
        "Pretax Income": 1487000.0,
        "Other Income Expense": 6618000.0,
        "Other Non Operating Income Expenses": 6618000.0,
        "Net Non Operating Interest Income Expense": -18974000.0,
        "Interest Expense Non Operating": 18974000.0,
        "Operating Income": 13843000.0,
        "Operating Expense": 45579000.0,
        "Other Operating Expenses": 3397000.0,
        "Other Taxes": 10889000.0,
        "Depreciation Amortization Depletion Income Statement": 31293000.0,
        "Depreciation And Amortization In Income Statement": 31293000.0,
        "Depreciation Income Statement": 31293000.0,
        "Gross Profit": 59422000.0,
        "Cost Of Revenue": 178437000.0,
        "Total Revenue": 237859000.0,
        "Operating Revenue": 229986000.0
    },
    "2022-03-31": {
        "Diluted EPS": 1.8,
        "Total Revenue": 350,
        "Gross Profit": 205,
        "Operating Income": 88,
        "EBIT": 118,
        "Net Income": 56
    },
    "2021-12-31": {
        "Diluted EPS": 1.31,
        "Total Revenue": 294,
        "Gross Profit": 180,
        "Operating Income": 70,
        "EBIT": 101,
        "Net Income": 41
    },
    "2021-09-30": {
        "Diluted EPS": -0.67,
        "Total Revenue": 101,
        "Gross Profit": 76,
        "Operating Income": -14,
        "EBIT": 18,
        "Net Income": -21
    },
    "2021-06-30": {
        "Diluted EPS": -0.02,
        "Total Revenue": 149,
        "Gross Profit": 108,
        "Operating Income": 13,
        "EBIT": 45,
        "Net Income": -1
    },
    "2021-03-31": {
        "Diluted EPS": 1.94,
        "Total Revenue": 316,
        "Gross Profit": 204,
        "Operating Income": 95,
        "EBIT": 126,
        "Net Income": 60
    },
    "2020-12-31": {
        "Diluted EPS": 1.7,
        "Total Revenue": 260,
        "Gross Profit": 171,
        "Operating Income": 75,
        "EBIT": 106,
        "Net Income": 52
    },
    "2020-09-30": {
        "Diluted EPS": -0.59,
        "Total Revenue": 93,
        "Gross Profit": 70,
        "Operating Income": -12,
        "EBIT": 19,
        "Net Income": -18
    },
    "2020-06-30": {
        "Diluted EPS": -0.16,
        "Total Revenue": 135,
        "Gross Profit": 94,
        "Operating Income": 9,
        "EBIT": 39,
        "Net Income": -5
    },
    "2020-03-31": {
        "Diluted EPS": 1.56,
        "Total Revenue": 285,
        "Gross Profit": 177,
        "Operating Income": 76,
        "EBIT": 105,
        "Net Income": 47
    },
    "2019-12-31": {
        "Diluted EPS": 1.17,
        "Total Revenue": 247,
        "Gross Profit": 156,
        "Operating Income": 61,
        "EBIT": 90,
        "Net Income": 37
    },
    "2019-09-30": {
        "Diluted EPS": -0.63,
        "Total Revenue": 90,
        "Gross Profit": 68,
        "Operating Income": -10,
        "EBIT": 19,
        "Net Income": -19
    },
    "2019-06-30": {
        "Diluted EPS": 0.04,
        "Total Revenue": 123,
        "Gross Profit": 88,
        "Operating Income": 16,
        "EBIT": 43,
        "Net Income": 1
    },
    "2019-03-31": {
        "Diluted EPS": 1.49,
        "Total Revenue": 285,
        "Gross Profit": 180,
        "Operating Income": 76,
        "EBIT": 102,
        "Net Income": 43
    },
    "2018-12-31": {
        "Diluted EPS": 1.24,
        "Total Revenue": 227,
        "Gross Profit": 147,
        "Operating Income": 62,
        "EBIT": 89,
        "Net Income": 36
    },
    "2018-09-30": {
        "Diluted EPS": -0.41,
        "Total Revenue": 91,
        "Gross Profit": 66,
        "Operating Income": -6,
        "EBIT": 20,
        "Net Income": -12
    },
    "2018-06-30": {
        "Diluted EPS": -0.03,
        "Total Revenue": 125,
        "Gross Profit": 83,
        "Operating Income": 8,
        "EBIT": 33,
        "Net Income": -1
    },
    "2018-03-31": {
        "Diluted EPS": 1.44,
        "Total Revenue": 264,
        "Gross Profit": 156,
        "Operating Income": 68,
        "EBIT": 93,
        "Net Income": 42
    },
    "2017-12-31": {
        "Diluted EPS": -3.13,
        "Total Revenue": 237,
        "Gross Profit": 136,
        "Operating Income": 61,
        "EBIT": 86,
        "Net Income": -90
    },
    "2017-09-30": {
        "Diluted EPS": -0.3,
        "Total Revenue": 86,
        "Gross Profit": 59,
        "Operating Income": -5,
        "EBIT": 20,
        "Net Income": -8
    },
    "2017-06-30": {
        "Diluted EPS": 0.1,
        "Total Revenue": 134,
        "Gross Profit": 81,
        "Operating Income": 16,
        "EBIT": 39,
        "Net Income": 3
    },
    "2017-03-31": {
        "Diluted EPS": 1.4,
        "Total Revenue": 297,
        "Gross Profit": 154,
        "Operating Income": 78,
        "EBIT": 103,
        "Net Income": 40
    },
    "2016-12-31": {
        "Diluted EPS": 1.01,
        "Total Revenue": 226,
        "Gross Profit": 123,
        "Operating Income": 68,
        "EBIT": 89,
        "Net Income": 28
    },
    "2016-09-30": {
        "Diluted EPS": -0.29,
        "Total Revenue": 88,
        "Gross Profit": 59,
        "Operating Income": -4,
        "EBIT": 20,
        "Net Income": -8
    },
    "2016-06-30": {
        "Diluted EPS": 0.07,
        "Total Revenue": 99,
        "Gross Profit": 78,
        "Operating Income": 13,
        "EBIT": 37,
        "Net Income": 2
    },
    "2016-03-31": {
        "Diluted EPS": 1.33,
        "Total Revenue": 256,
        "Gross Profit": 147,
        "Operating Income": 74,
        "EBIT": 99,
        "Net Income": 37
    },
    "2015-12-31": {
        "Diluted EPS": 1.08,
        "Total Revenue": 231,
        "Gross Profit": 127,
        "Operating Income": 60,
        "EBIT": 85,
        "Net Income": 30
    },
    "2015-09-30": {
        "Diluted EPS": -0.24,
        "Total Revenue": 93,
        "Gross Profit": 57,
        "Operating Income": -2,
        "EBIT": 22,
        "Net Income": -7
    },
    "2015-06-30": {
        "Diluted EPS": 0.08,
        "Total Revenue": 138,
        "Gross Profit": 76,
        "Operating Income": 13,
        "EBIT": 38,
        "Net Income": 2
    },
    "2015-03-31": {
        "Diluted EPS": 1.04,
        "Total Revenue": 262,
        "Gross Profit": 136,
        "Operating Income": 53,
        "EBIT": 78,
        "Net Income": 28
    },
    "2014-12-31": {
        "Diluted EPS": 1.04,
        "Total Revenue": 240,
        "Gross Profit": 121,
        "Operating Income": 60,
        "EBIT": 85,
        "Net Income": 28
    },
    "2014-09-30": {
        "Diluted EPS": -0.32,
        "Total Revenue": 87,
        "Gross Profit": 55,
        "Operating Income": -5,
        "EBIT": 29,
        "Net Income": -9
    },
    "2014-06-30": {
        "Diluted EPS": 0.04,
        "Total Revenue": 133,
        "Gross Profit": 75,
        "Operating Income": 13,
        "EBIT": 30,
        "Net Income": 1
    },
    "2014-03-31": {
        "Diluted EPS": 1.4,
        "Total Revenue": 293,
        "Gross Profit": 138,
        "Operating Income": 75,
        "EBIT": 98,
        "Net Income": 38
    },
    "2013-12-31": {
        "Diluted EPS": 1.07,
        "Total Revenue": 261,
        "Gross Profit": 123,
        "Operating Income": 59,
        "EBIT": 82,
        "Net Income": 29
    },
    "2013-09-30": {
        "Diluted EPS": -0.31,
        "Total Revenue": 88,
        "Gross Profit": 55,
        "Operating Income": -4,
        "EBIT": 18,
        "Net Income": -8
    },
    "2013-06-30": {
        "Diluted EPS": 0.08,
        "Total Revenue": 132,
        "Gross Profit": 73,
        "Operating Income": 13,
        "EBIT": 35,
        "Net Income": 2
    },
    "2013-03-31": {
        "Diluted EPS": 1.4,
        "Total Revenue": 278,
        "Gross Profit": 136,
        "Operating Income": 74,
        "EBIT": 95,
        "Net Income": 38
    },
    "2012-12-31": {
        "Diluted EPS": 1.04,
        "Total Revenue": 229,
        "Gross Profit": 116,
        "Operating Income": 56,
        "EBIT": 81,
        "Net Income": 28
    },
    "2012-09-30": {
        "Diluted EPS": -0.41,
        "Total Revenue": 88,
        "Gross Profit": 50,
        "Operating Income": -5,
        "EBIT": 13,
        "Net Income": -11
    },
    "2012-06-30": {
        "Diluted EPS": 0.05,
        "Total Revenue": 104,
        "Gross Profit": 69,
        "Operating Income": 12,
        "EBIT": 30,
        "Net Income": 1
    },
    "2012-03-31": {
        "Diluted EPS": 1.5,
        "Total Revenue": 310,
        "Gross Profit": 140,
        "Operating Income": 79,
        "EBIT": 97,
        "Net Income": 40
    },
    "2011-12-31": {
        "Diluted EPS": 1.06,
        "Total Revenue": 250,
        "Gross Profit": 106,
        "Operating Income": 60,
        "EBIT": 78,
        "Net Income": 28
    },
    "2011-09-30": {
        "Diluted EPS": -0.31,
        "Total Revenue": 93,
        "Gross Profit": 50,
        "Operating Income": -6,
        "EBIT": 12,
        "Net Income": -8
    },
    "2011-06-30": {
        "Diluted EPS": 0.08,
        "Total Revenue": 161,
        "Gross Profit": 71,
        "Operating Income": 13,
        "EBIT": 30,
        "Net Income": 2
    },
    "2011-03-31": {
        "Diluted EPS": 1.53,
        "Total Revenue": 323,
        "Gross Profit": 142,
        "Operating Income": 78,
        "EBIT": 95,
        "Net Income": 41
    },
    "2010-12-31": {
        "Diluted EPS": 1.11,
        "Total Revenue": 248,
        "Gross Profit": 105,
        "Operating Income": 60,
        "EBIT": 77,
        "Net Income": 30
    },
    "2010-09-30": {
        "Diluted EPS": -0.28,
        "Total Revenue": 95,
        "Gross Profit": 49,
        "Operating Income": -3,
        "EBIT": 13,
        "Net Income": -7
    },
    "2010-06-30": {
        "Diluted EPS": 0.26,
        "Total Revenue": 162,
        "Gross Profit": 76,
        "Operating Income": 20,
        "EBIT": 36,
        "Net Income": 7
    },
    "2010-03-31": {
        "Diluted EPS": 1.64,
        "Total Revenue": 287,
        "Gross Profit": 138,
        "Operating Income": 81,
        "EBIT": 97,
        "Net Income": 44
    },
    "2009-12-31": {
        "Diluted EPS": 1.18,
        "Total Revenue": 309,
        "Gross Profit": 127,
        "Operating Income": 61,
        "EBIT": 77,
        "Net Income": 31
    },
    "2009-09-30": {
        "Diluted EPS": -0.25,
        "Total Revenue": 117,
        "Gross Profit": 52,
        "Operating Income": -1,
        "EBIT": 15,
        "Net Income": -7
    },
    "2009-06-30": {
        "Diluted EPS": 0.12,
        "Total Revenue": 149,
        "Gross Profit": 70,
        "Operating Income": 14,
        "EBIT": 29,
        "Net Income": 3
    },
    "2009-03-31": {
        "Diluted EPS": 1.78,
        "Total Revenue": 437,
        "Gross Profit": 153,
        "Operating Income": 85,
        "EBIT": 100,
        "Net Income": 47
    },
    "2023-09-30": {
        "Tax Effect Of Unusual Items": 0.0,
        "Tax Rate For Calcs": 0.264,
        "Normalized EBITDA": 30970000.0,
        "Net Income From Continuing Operation Net Minority Interest": -23687000.0,
        "Reconciled Depreciation": 43543000.0,
        "Reconciled Cost Of Revenue": 102745000.0,
        "EBITDA": 30970000.0,
        "EBIT": -12573000.0,
        "Net Interest Income": -19406000.0,
        "Interest Expense": 19406000.0,
        "Normalized Income": -23687000.0,
        "Net Income From Continuing And Discontinued Operation": -23687000.0,
        "Total Expenses": 159056000.0,
        "Total Operating Income As Reported": -17577000.0,
        "Diluted Average Shares": 36575797.0,
        "Basic Average Shares": 36575797.0,
        "Diluted EPS": -0.65,
        "Basic EPS": -0.647614,
        "Diluted NI Availto Com Stockholders": -23687000.0,
        "Net Income Common Stockholders": -23687000.0,
        "Net Income": -23687000.0,
        "Net Income Including Noncontrolling Interests": -23687000.0,
        "Net Income Continuous Operations": -23687000.0,
        "Tax Provision": -8292000.0,
        "Pretax Income": -31979000.0,
        "Other Income Expense": 5004000.0,
        "Other Non Operating Income Expenses": 5004000.0,
        "Net Non Operating Interest Income Expense": -19406000.0,
        "Interest Expense Non Operating": 19406000.0,
        "Operating Income": -17577000.0,
        "Operating Expense": 42829000.0,
        "Other Operating Expenses": 2191000.0,
        "Other Taxes": 10577000.0,
        "Depreciation Amortization Depletion Income Statement": 30061000.0,
        "Depreciation And Amortization In Income Statement": 30061000.0,
        "Depreciation Income Statement": 30061000.0,
        "Gross Profit": 25252000.0,
        "Cost Of Revenue": 116227000.0,
        "Total Revenue": 141479000.0,
        "Operating Revenue": 134591000.0
    },
    "2023-12-31": {
        "Tax Effect Of Unusual Items": 0.0,
        "Tax Rate For Calcs": 0.254808,
        "Normalized EBITDA": 112556000.0,
        "Net Income From Continuing Operation Net Minority Interest": 44640000.0,
        "Reconciled Depreciation": 32762000.0,
        "Reconciled Cost Of Revenue": 231002000.0,
        "EBITDA": 112556000.0,
        "EBIT": 79794000.0,
        "Net Interest Income": -19890000.0,
        "Interest Expense": 19890000.0,
        "Normalized Income": 44640000.0,
        "Net Income From Continuing And Discontinued Operation": 44640000.0,
        "Total Expenses": 280547000.0,
        "Total Operating Income As Reported": 75167000.0,
        "Diluted Average Shares": 37631212.0,
        "Basic Average Shares": 37631212.0,
        "Diluted EPS": 1.186249,
        "Basic EPS": 1.186249,
        "Diluted NI Availto Com Stockholders": 44640000.0,
        "Net Income Common Stockholders": 44640000.0,
        "Net Income": 44640000.0,
        "Net Income Including Noncontrolling Interests": 44640000.0,
        "Net Income Continuous Operations": 44640000.0,
        "Tax Provision": 15264000.0,
        "Pretax Income": 59904000.0,
        "Other Income Expense": 4627000.0,
        "Other Non Operating Income Expenses": 4627000.0,
        "Net Non Operating Interest Income Expense": -19890000.0,
        "Interest Expense Non Operating": 19890000.0,
        "Operating Income": 75167000.0,
        "Operating Expense": 49545000.0,
        "Other Operating Expenses": 6220000.0,
        "Other Taxes": 10563000.0,
        "Depreciation Amortization Depletion Income Statement": 32762000.0,
        "Depreciation And Amortization In Income Statement": 32762000.0,
        "Depreciation Income Statement": 32762000.0,
        "Gross Profit": 124712000.0,
        "Cost Of Revenue": 231002000.0,
        "Total Revenue": 355714000.0,
        "Operating Revenue": 341873000.0
    },
    "2024-03-31": {
        "Tax Effect Of Unusual Items": 0.0,
        "Tax Rate For Calcs": 0.276071,
        "Normalized EBITDA": 146550000.0,
        "Net Income From Continuing Operation Net Minority Interest": 63823000.0,
        "Reconciled Depreciation": 37857000.0,
        "Reconciled Cost Of Revenue": 262816000.0,
        "EBITDA": 146550000.0,
        "EBIT": 108693000.0,
        "Net Interest Income": -20531000.0,
        "Interest Expense": 20531000.0,
        "Normalized Income": 63823000.0,
        "Net Income From Continuing And Discontinued Operation": 63823000.0,
        "Total Expenses": 323643000.0,
        "Total Operating Income As Reported": 109827000.0,
        "Diluted Average Shares": 38027266.0,
        "Basic Average Shares": 38027266.0,
        "Diluted EPS": 1.678348,
        "Basic EPS": 1.678348,
        "Diluted NI Availto Com Stockholders": 63823000.0,
        "Net Income Common Stockholders": 63823000.0,
        "Net Income": 63823000.0,
        "Net Income Including Noncontrolling Interests": 63823000.0,
        "Net Income Continuous Operations": 63823000.0,
        "Tax Provision": 24339000.0,
        "Pretax Income": 88162000.0,
        "Other Income Expense": -1134000.0,
        "Other Non Operating Income Expenses": -1134000.0,
        "Net Non Operating Interest Income Expense": -20531000.0,
        "Interest Expense Non Operating": 20531000.0,
        "Operating Income": 109827000.0,
        "Operating Expense": 56068000.0,
        "Other Operating Expenses": 7502000.0,
        "Other Taxes": 15468000.0,
        "Depreciation Amortization Depletion Income Statement": 33098000.0,
        "Depreciation And Amortization In Income Statement": 33098000.0,
        "Depreciation Income Statement": 33098000.0,
        "Gross Profit": 165895000.0,
        "Cost Of Revenue": 267575000.0,
        "Total Revenue": 433470000.0,
        "Operating Revenue": 427219000.0
    },
    "2024-06-30": {
        "Tax Effect Of Unusual Items": 0.0,
        "Tax Rate For Calcs": 0.226,
        "Normalized EBITDA": 54176000.0,
        "Net Income From Continuing Operation Net Minority Interest": -2787000.0,
        "Reconciled Depreciation": 38464000.0,
        "Reconciled Cost Of Revenue": 142429000.0,
        "EBITDA": 54176000.0,
        "EBIT": 15712000.0,
        "Net Interest Income": -19311000.0,
        "Interest Expense": 19311000.0,
        "Normalized Income": -2787000.0,
        "Net Income From Continuing And Discontinued Operation": -2787000.0,
        "Total Expenses": 196008000.0,
        "Total Operating Income As Reported": 15706000.0,
        "Diluted Average Shares": 38669000.0,
        "Basic Average Shares": 38669000.0,
        "Diluted EPS": -0.072073,
        "Basic EPS": -0.072073,
        "Diluted NI Availto Com Stockholders": -2787000.0,
        "Net Income Common Stockholders": -2787000.0,
        "Net Income": -2787000.0,
        "Net Income Including Noncontrolling Interests": -2787000.0,
        "Net Income Continuous Operations": -2787000.0,
        "Tax Provision": -812000.0,
        "Pretax Income": -3599000.0,
        "Other Income Expense": 6000.0,
        "Other Non Operating Income Expenses": 6000.0,
        "Net Non Operating Interest Income Expense": -19311000.0,
        "Interest Expense Non Operating": 19311000.0,
        "Operating Income": 15706000.0,
        "Operating Expense": 48877000.0,
        "Other Operating Expenses": 3262000.0,
        "Other Taxes": 11853000.0,
        "Depreciation Amortization Depletion Income Statement": 33762000.0,
        "Depreciation And Amortization In Income Statement": 33762000.0,
        "Depreciation Income Statement": 33762000.0,
        "Gross Profit": 64583000.0,
        "Cost Of Revenue": 147131000.0,
        "Total Revenue": 211714000.0,
        "Operating Revenue": 201509000.0
    },
    "2024-09-30": {
        "Tax Effect Of Unusual Items": 0.0,
        "Tax Rate For Calcs": 0.277,
        "Normalized EBITDA": 21233000.0,
        "Net Income From Continuing Operation Net Minority Interest": -27167000.0,
        "Reconciled Depreciation": 39635000.0,
        "Reconciled Cost Of Revenue": 103034000.0,
        "EBITDA": 21233000.0,
        "EBIT": -18402000.0,
        "Net Interest Income": -19060000.0,
        "Interest Expense": 19060000.0,
        "Normalized Income": -27167000.0,
        "Net Income From Continuing And Discontinued Operation": -27167000.0,
        "Total Expenses": 156266000.0,
        "Total Operating Income As Reported": -19332000.0,
        "Diluted Average Shares": 38394000.0,
        "Basic Average Shares": 38394000.0,
        "Diluted EPS": -0.71,
        "Basic EPS": -0.71,
        "Diluted NI Availto Com Stockholders": -27167000.0,
        "Net Income Common Stockholders": -27167000.0,
        "Net Income": -27167000.0,
        "Net Income Including Noncontrolling Interests": -27167000.0,
        "Net Income Continuous Operations": -27167000.0,
        "Tax Provision": -10295000.0,
        "Pretax Income": -37462000.0,
        "Other Income Expense": 930000.0,
        "Other Non Operating Income Expenses": 930000.0,
        "Net Non Operating Interest Income Expense": -19060000.0,
        "Interest Expense Non Operating": 19060000.0,
        "Operating Income": -19332000.0,
        "Operating Expense": 48149000.0,
        "Other Operating Expenses": 2711000.0,
        "Other Taxes": 10886000.0,
        "Depreciation Amortization Depletion Income Statement": 34552000.0,
        "Depreciation And Amortization In Income Statement": 34552000.0,
        "Depreciation Income Statement": 34552000.0,
        "Gross Profit": 28817000.0,
        "Cost Of Revenue": 108117000.0,
        "Total Revenue": 136934000.0,
        "Operating Revenue": 130359000.0
    },
    "2024-12-31": {
        "Tax Effect Of Unusual Items": 0.0,
        "Tax Rate For Calcs": 0.283875,
        "Normalized EBITDA": 126135000.0,
        "Net Income From Continuing Operation Net Minority Interest": 45002000.0,
        "Reconciled Depreciation": 42104000.0,
        "Reconciled Cost Of Revenue": 226942000.0,
        "EBITDA": 126135000.0,
        "EBIT": 84031000.0,
        "Net Interest Income": -21190000.0,
        "Interest Expense": 21190000.0,
        "Normalized Income": 45002000.0,
        "Net Income From Continuing And Discontinued Operation": 45002000.0,
        "Total Expenses": 285935000.0,
        "Total Operating Income As Reported": 84941000.0,
        "Diluted Average Shares": 40222305.0,
        "Basic Average Shares": 40222305.0,
        "Diluted EPS": 1.118832,
        "Basic EPS": 1.118832,
        "Diluted NI Availto Com Stockholders": 45002000.0,
        "Net Income Common Stockholders": 45002000.0,
        "Net Income": 45002000.0,
        "Net Income Including Noncontrolling Interests": 45002000.0,
        "Net Income Continuous Operations": 45002000.0,
        "Tax Provision": 17839000.0,
        "Pretax Income": 62841000.0,
        "Other Income Expense": -910000.0,
        "Other Non Operating Income Expenses": -910000.0,
        "Net Non Operating Interest Income Expense": -21190000.0,
        "Interest Expense Non Operating": 21190000.0,
        "Operating Income": 84941000.0,
        "Operating Expense": 53375000.0,
        "Other Operating Expenses": 6424000.0,
        "Other Taxes": 10465000.0,
        "Depreciation Amortization Depletion Income Statement": 36486000.0,
        "Depreciation And Amortization In Income Statement": 36486000.0,
        "Depreciation Income Statement": 36486000.0,
        "Gross Profit": 138316000.0,
        "Cost Of Revenue": 232560000.0,
        "Total Revenue": 370876000.0,
        "Operating Revenue": 357169000.0
    },
    "2025-03-31": {
        "Tax Effect Of Unusual Items": 0.0,
        "Tax Rate For Calcs": 0.282,
        "Normalized EBITDA": 197921000.0,
        "Net Income From Continuing Operation Net Minority Interest": 87916000.0,
        "Reconciled Depreciation": 46083000.0,
        "Reconciled Cost Of Revenue": 270496000.0,
        "EBITDA": 197921000.0,
        "EBIT": 151838000.0,
        "Net Interest Income": -29395000.0,
        "Interest Expense": 29395000.0,
        "Normalized Income": 87916000.0,
        "Net Income From Continuing And Discontinued Operation": 87916000.0,
        "Total Expenses": 339930000.0,
        "Total Operating Income As Reported": 154354000.0,
        "Diluted Average Shares": 40308777.0,
        "Basic Average Shares": 40308777.0,
        "Diluted EPS": 2.18,
        "Basic EPS": 2.181063,
        "Diluted NI Availto Com Stockholders": 87916000.0,
        "Net Income Common Stockholders": 87916000.0,
        "Net Income": 87916000.0,
        "Net Income Including Noncontrolling Interests": 87916000.0,
        "Net Income Continuous Operations": 87916000.0,
        "Tax Provision": 34527000.0,
        "Pretax Income": 122443000.0,
        "Other Income Expense": -2516000.0,
        "Other Non Operating Income Expenses": -2516000.0,
        "Net Non Operating Interest Income Expense": -29395000.0,
        "Interest Expense Non Operating": 29395000.0,
        "Operating Income": 154354000.0,
        "Operating Expense": 63851000.0,
        "Other Operating Expenses": 7580000.0,
        "Other Taxes": 15771000.0,
        "Depreciation Amortization Depletion Income Statement": 40500000.0,
        "Depreciation And Amortization In Income Statement": 40500000.0,
        "Depreciation Income Statement": 40500000.0,
        "Gross Profit": 218205000.0,
        "Cost Of Revenue": 276079000.0,
        "Total Revenue": 494284000.0,
        "Operating Revenue": 484409000.0
    },
    "2025-06-30": {
        "Tax Effect Of Unusual Items": 0.0,
        "Tax Rate For Calcs": 0.273,
        "Normalized EBITDA": 75139000.0,
        "Net Income From Continuing Operation Net Minority Interest": -2500000.0,
        "Reconciled Depreciation": 48088000.0,
        "Reconciled Cost Of Revenue": 145298000.0,
        "EBITDA": 75139000.0,
        "EBIT": 27051000.0,
        "Net Interest Income": -30491000.0,
        "Interest Expense": 30491000.0,
        "Normalized Income": -2500000.0,
        "Net Income From Continuing And Discontinued Operation": -2500000.0,
        "Total Expenses": 208983000.0,
        "Total Operating Income As Reported": 27211000.0,
        "Diluted Average Shares": 40909610.0,
        "Basic Average Shares": 40909610.0,
        "Diluted EPS": -0.06111,
        "Basic EPS": -0.06111,
        "Diluted NI Availto Com Stockholders": -2500000.0,
        "Net Income Common Stockholders": -2500000.0,
        "Net Income": -2500000.0,
        "Net Income Including Noncontrolling Interests": -2500000.0,
        "Net Income Continuous Operations": -2500000.0,
        "Tax Provision": -940000.0,
        "Pretax Income": -3440000.0,
        "Other Income Expense": -160000.0,
        "Other Non Operating Income Expenses": -160000.0,
        "Net Non Operating Interest Income Expense": -30491000.0,
        "Interest Expense Non Operating": 30491000.0,
        "Operating Income": 27211000.0,
        "Operating Expense": 57132000.0,
        "Other Operating Expenses": 3521000.0,
        "Other Taxes": 12076000.0,
        "Depreciation Amortization Depletion Income Statement": 41535000.0,
        "Depreciation And Amortization In Income Statement": 41535000.0,
        "Depreciation Income Statement": 41535000.0,
        "Gross Profit": 84343000.0,
        "Cost Of Revenue": 151851000.0,
        "Total Revenue": 236194000.0,
        "Operating Revenue": 209789000.0
    }
}