{
    "2023-03-31": {
        "Tax Effect Of Unusual Items": 0.0,
        "Tax Rate For Calcs": 0.287,
        "Normalized EBITDA": 8542000.0,
        "Net Income From Continuing Operation Net Minority Interest": 2362000.0,
        "Reconciled Depreciation": 3860000.0,
        "Reconciled Cost Of Revenue": 82520000.0,
        "EBITDA": 8542000.0,
        "EBIT": 4682000.0,
        "Net Interest Income": -1369000.0,
        "Interest Expense": 1369000.0,
        "Normalized Income": 2362000.0,
        "Net Income From Continuing And Discontinued Operation": 2362000.0,
        "Total Expenses": 94386000.0,
        "Total Operating Income As Reported": 4711000.0,
        "Diluted Average Shares": 10087000.0,
        "Basic Average Shares": 9940000.0,
        "Diluted EPS": 0.23,
        "Basic EPS": 0.24,
        "Diluted NI Availto Com Stockholders": 2362000.0,
        "Net Income Common Stockholders": 2362000.0,
        "Net Income": 2362000.0,
        "Net Income Including Noncontrolling Interests": 2362000.0,
        "Net Income Continuous Operations": 2362000.0,
        "Tax Provision": 951000.0,
        "Pretax Income": 3313000.0,
        "Other Income Expense": -29000.0,
        "Other Non Operating Income Expenses": -29000.0,
        "Net Non Operating Interest Income Expense": -1369000.0,
        "Interest Expense Non Operating": 1369000.0,
        "Operating Income": 4711000.0,
        "Operating Expense": 11866000.0,
        "Selling General And Administration": 11866000.0,
        "Gross Profit": 16577000.0,
        "Cost Of Revenue": 82520000.0,
        "Total Revenue": 99097000.0,
        "Operating Revenue": 99097000.0
    },
    "2022-12-31": {
        "Tax Effect Of Unusual Items": 0.0,
        "Tax Rate For Calcs": 0.191941,
        "Normalized EBITDA": 15440000.0,
        "Net Income From Continuing Operation Net Minority Interest": 7961000.0,
        "Reconciled Depreciation": 4413000.0,
        "Reconciled Cost Of Revenue": 84957000.0,
        "EBITDA": 15440000.0,
        "EBIT": 11027000.0,
        "Net Interest Income": -1175000.0,
        "Interest Expense": 1175000.0,
        "Normalized Income": 7961000.0,
        "Net Income From Continuing And Discontinued Operation": 7961000.0,
        "Total Expenses": 95842000.0,
        "Total Operating Income As Reported": -78656000.0,
        "Diluted Average Shares": 10061000.0,
        "Basic Average Shares": 9927000.0,
        "Diluted EPS": 0.79,
        "Basic EPS": 0.8,
        "Diluted NI Availto Com Stockholders": 7961000.0,
        "Net Income Common Stockholders": 7961000.0,
        "Net Income": 7961000.0,
        "Net Income Including Noncontrolling Interests": 7961000.0,
        "Net Income Continuous Operations": 7961000.0,
        "Tax Provision": 1891000.0,
        "Pretax Income": 9852000.0,
        "Other Income Expense": 41000.0,
        "Other Non Operating Income Expenses": 41000.0,
        "Net Non Operating Interest Income Expense": -1175000.0,
        "Interest Expense Non Operating": 1175000.0,
        "Operating Income": 10986000.0,
        "Operating Expense": 10885000.0,
        "Selling General And Administration": 10885000.0,
        "Gross Profit": 21871000.0,
        "Cost Of Revenue": 84957000.0,
        "Total Revenue": 106828000.0,
        "Operating Revenue": 106828000.0
    },
    "2022-09-30": {
        "Tax Effect Of Unusual Items": 0.0,
        "Tax Rate For Calcs": 0.263119,
        "Normalized EBITDA": 14475000.0,
        "Net Income From Continuing Operation Net Minority Interest": 9956000.0,
        "Reconciled Depreciation": 4322000.0,
        "Reconciled Cost Of Revenue": 97866000.0,
        "EBITDA": 14475000.0,
        "EBIT": 14475000.0,
        "Net Interest Income": -964000.0,
        "Interest Expense": 964000.0,
        "Normalized Income": 9956000.0,
        "Net Income From Continuing And Discontinued Operation": 9956000.0,
        "Total Expenses": 108520000.0,
        "Total Operating Income As Reported": 14464000.0,
        "Diluted Average Shares": 10010000.0,
        "Basic Average Shares": 9927000.0,
        "Diluted EPS": 0.99,
        "Basic EPS": 1.0,
        "Diluted NI Availto Com Stockholders": 9956000.0,
        "Net Income Common Stockholders": 9956000.0,
        "Net Income": 9956000.0,
        "Net Income Including Noncontrolling Interests": 9956000.0,
        "Net Income Continuous Operations": 9956000.0,
        "Tax Provision": 3555000.0,
        "Pretax Income": 13511000.0,
        "Other Income Expense": 11000.0,
        "Other Non Operating Income Expenses": 11000.0,
        "Net Non Operating Interest Income Expense": -964000.0,
        "Interest Expense Non Operating": 964000.0,
        "Operating Income": 14464000.0,
        "Operating Expense": 10654000.0,
        "Selling General And Administration": 10654000.0,
        "Gross Profit": 25118000.0,
        "Cost Of Revenue": 97866000.0,
        "Total Revenue": 122984000.0,
        "Operating Revenue": 122984000.0
    },
    "2022-06-30": {
        "Tax Effect Of Unusual Items": 0.0,
        "Tax Rate For Calcs": 0.260757,
        "Normalized EBITDA": 13954000.0,
        "Net Income From Continuing Operation Net Minority Interest": 9673000.0,
        "Reconciled Depreciation": 4239000.0,
        "Reconciled Cost Of Revenue": 94442000.0,
        "EBITDA": 13954000.0,
        "EBIT": 13954000.0,
        "Net Interest Income": -869000.0,
        "Interest Expense": 869000.0,
        "Normalized Income": 9673000.0,
        "Net Income From Continuing And Discontinued Operation": 9673000.0,
        "Total Expenses": 104569000.0,
        "Total Operating Income As Reported": 13953000.0,
        "Diluted Average Shares": 9968000.0,
        "Basic Average Shares": 9918000.0,
        "Diluted EPS": 0.97,
        "Basic EPS": 0.98,
        "Diluted NI Availto Com Stockholders": 9673000.0,
        "Net Income Common Stockholders": 9673000.0,
        "Net Income": 9673000.0,
        "Net Income Including Noncontrolling Interests": 9673000.0,
        "Net Income Continuous Operations": 9673000.0,
        "Tax Provision": 3412000.0,
        "Pretax Income": 13085000.0,
        "Other Income Expense": 1000.0,
        "Other Non Operating Income Expenses": 1000.0,
        "Net Non Operating Interest Income Expense": -869000.0,
        "Interest Expense Non Operating": 869000.0,
        "Operating Income": 13953000.0,
        "Operating Expense": 10127000.0,
        "Selling General And Administration": 10127000.0,
        "Gross Profit": 24080000.0,
        "Cost Of Revenue": 94442000.0,
        "Total Revenue": 118522000.0,
        "Operating Revenue": 118522000.0
    },
    "2022-03-31": {
        "Diluted EPS": 0.36,
        "Total Revenue": 109,
        "Gross Profit": 15,
        "Operating Income": 5,
        "EBIT": 10,
        "Net Income": 4
    },
    "2021-12-31": {
        "Diluted EPS": 0.23,
        "Total Revenue": 103,
        "Gross Profit": 14,
        "Operating Income": 3,
        "EBIT": 7,
        "Net Income": 2
    },
    "2021-09-30": {
        "Diluted EPS": 0.5,
        "Total Revenue": 85,
        "Gross Profit": 12,
        "Operating Income": 7,
        "EBIT": 10,
        "Net Income": 5
    },
    "2021-06-30": {
        "Diluted EPS": 0.21,
        "Total Revenue": 74,
        "Gross Profit": 10,
        "Operating Income": 3,
        "EBIT": 7,
        "Net Income": 2
    },
    "2021-03-31": {
        "Diluted EPS": 0.22,
        "Total Revenue": 72,
        "Gross Profit": 9,
        "Operating Income": 3,
        "EBIT": 6,
        "Net Income": 2
    },
    "2020-12-31": {
        "Diluted EPS": 0.53,
        "Total Revenue": 69,
        "Gross Profit": 12,
        "Operating Income": 7,
        "EBIT": 10,
        "Net Income": 5
    },
    "2020-09-30": {
        "Diluted EPS": 0.73,
        "Total Revenue": 78,
        "Gross Profit": 16,
        "Operating Income": 10,
        "EBIT": 14,
        "Net Income": 7
    },
    "2020-06-30": {
        "Diluted EPS": 0.61,
        "Total Revenue": 70,
        "Gross Profit": 13,
        "Operating Income": 7,
        "EBIT": 11,
        "Net Income": 6
    },
    "2020-03-31": {
        "Diluted EPS": 0.06,
        "Total Revenue": 69,
        "Gross Profit": 10,
        "Operating Income": 2,
        "EBIT": 5,
        "Net Income": 1
    },
    "2019-12-31": {
        "Diluted EPS": 1.22,
        "Total Revenue": 72,
        "Gross Profit": 17,
        "Operating Income": 12,
        "EBIT": 16,
        "Net Income": 12
    },
    "2019-09-30": {
        "Diluted EPS": 1.1,
        "Total Revenue": 75,
        "Gross Profit": 15,
        "Operating Income": 11,
        "EBIT": 14,
        "Net Income": 11
    },
    "2019-06-30": {
        "Diluted EPS": 0.31,
        "Total Revenue": 69,
        "Gross Profit": 8,
        "Operating Income": 4,
        "EBIT": 7,
        "Net Income": 3
    },
    "2019-03-31": {
        "Diluted EPS": 0.22,
        "Total Revenue": 63,
        "Gross Profit": 7,
        "Operating Income": 2,
        "EBIT": 5,
        "Net Income": 2
    },
    "2018-12-31": {
        "Diluted EPS": 0.02,
        "Total Revenue": 58,
        "Gross Profit": 7,
        "Operating Income": 3,
        "EBIT": 6,
        "Net Income": 0
    },
    "2018-09-30": {
        "Diluted EPS": 2.86,
        "Total Revenue": 52,
        "Gross Profit": 5,
        "Operating Income": 2,
        "EBIT": 5,
        "Net Income": 28
    },
    "2018-06-30": {
        "Diluted EPS": -0.59,
        "Total Revenue": 29,
        "Gross Profit": -1,
        "Operating Income": -6,
        "EBIT": -4,
        "Net Income": -6
    },
    "2018-03-31": {
        "Diluted EPS": -0.2,
        "Total Revenue": 33,
        "Gross Profit": 1,
        "Operating Income": -2,
        "EBIT": -1,
        "Net Income": -2
    },
    "2017-12-31": {
        "Diluted EPS": -0.23,
        "Total Revenue": 36,
        "Gross Profit": 2,
        "Operating Income": -1,
        "EBIT": 0,
        "Net Income": -2
    },
    "2017-09-30": {
        "Diluted EPS": -0.21,
        "Total Revenue": 39,
        "Gross Profit": 2,
        "Operating Income": -1,
        "EBIT": 0,
        "Net Income": -2
    },
    "2017-06-30": {
        "Diluted EPS": -0.22,
        "Total Revenue": 29,
        "Gross Profit": 1,
        "Operating Income": -3,
        "EBIT": -1,
        "Net Income": -2
    },
    "2017-03-31": {
        "Diluted EPS": -0.4,
        "Total Revenue": 30,
        "Gross Profit": 1,
        "Operating Income": -3,
        "EBIT": -2,
        "Net Income": -4
    },
    "2016-12-31": {
        "Diluted EPS": 0.6,
        "Total Revenue": 32,
        "Gross Profit": 5,
        "Operating Income": 8,
        "EBIT": 10,
        "Net Income": 6
    },
    "2016-09-30": {
        "Diluted EPS": 0.08,
        "Total Revenue": 41,
        "Gross Profit": 3,
        "Operating Income": -1,
        "EBIT": 1,
        "Net Income": 1
    },
    "2016-06-30": {
        "Diluted EPS": -0.65,
        "Total Revenue": 42,
        "Gross Profit": -2,
        "Operating Income": -6,
        "EBIT": -3,
        "Net Income": -6
    },
    "2016-03-31": {
        "Diluted EPS": -1.0,
        "Total Revenue": 34,
        "Gross Profit": -5,
        "Operating Income": -10,
        "EBIT": -8,
        "Net Income": -10
    },
    "2015-12-31": {
        "Diluted EPS": -1.43,
        "Total Revenue": -18,
        "Gross Profit": 2,
        "Operating Income": -1,
        "EBIT": 0,
        "Net Income": -14
    },
    "2015-09-30": {
        "Diluted EPS": -0.16,
        "Total Revenue": 52,
        "Gross Profit": -3,
        "Operating Income": -7,
        "EBIT": 0,
        "Net Income": -2
    },
    "2015-06-30": {
        "Diluted EPS": -1.26,
        "Total Revenue": 54,
        "Gross Profit": -3,
        "Operating Income": -13,
        "EBIT": -11,
        "Net Income": -12
    },
    "2015-03-31": {
        "Diluted EPS": -0.22,
        "Total Revenue": 85,
        "Gross Profit": 4,
        "Operating Income": -3,
        "EBIT": 0,
        "Net Income": -2
    },
    "2014-12-31": {
        "Diluted EPS": -1.46,
        "Total Revenue": 102,
        "Gross Profit": 9,
        "Operating Income": -13,
        "EBIT": 6,
        "Net Income": -14
    },
    "2014-09-30": {
        "Diluted EPS": 0.52,
        "Total Revenue": 117,
        "Gross Profit": 16,
        "Operating Income": 9,
        "EBIT": 14,
        "Net Income": 5
    },
    "2014-06-30": {
        "Diluted EPS": 0.33,
        "Total Revenue": 102,
        "Gross Profit": 11,
        "Operating Income": 5,
        "EBIT": 9,
        "Net Income": 3
    },
    "2014-03-31": {
        "Diluted EPS": -1.27,
        "Total Revenue": 83,
        "Gross Profit": 4,
        "Operating Income": -1,
        "EBIT": 2,
        "Net Income": -12
    },
    "2013-12-31": {
        "Diluted EPS": -1.8,
        "Total Revenue": 115,
        "Gross Profit": 7,
        "Operating Income": -26,
        "EBIT": -23,
        "Net Income": -17
    },
    "2013-09-30": {
        "Diluted EPS": 0.11,
        "Total Revenue": 79,
        "Gross Profit": 11,
        "Operating Income": 6,
        "EBIT": 9,
        "Net Income": 1
    },
    "2013-06-30": {
        "Diluted EPS": 0.59,
        "Total Revenue": 88,
        "Gross Profit": 15,
        "Operating Income": 9,
        "EBIT": 13,
        "Net Income": 6
    },
    "2013-03-31": {
        "Diluted EPS": 1.0,
        "Total Revenue": 107,
        "Gross Profit": 23,
        "Operating Income": 17,
        "EBIT": 21,
        "Net Income": 10
    },
    "2012-12-31": {
        "Diluted EPS": 0.48,
        "Total Revenue": 136,
        "Gross Profit": 15,
        "Operating Income": 7,
        "EBIT": 12,
        "Net Income": 5
    },
    "2012-09-30": {
        "Diluted EPS": 0.36,
        "Total Revenue": 115,
        "Gross Profit": 12,
        "Operating Income": 4,
        "EBIT": 8,
        "Net Income": 3
    },
    "2012-06-30": {
        "Diluted EPS": 0.38,
        "Total Revenue": 131,
        "Gross Profit": 14,
        "Operating Income": 7,
        "EBIT": 12,
        "Net Income": 4
    },
    "2012-03-31": {
        "Diluted EPS": 0.5,
        "Total Revenue": 142,
        "Gross Profit": 17,
        "Operating Income": 9,
        "EBIT": 13,
        "Net Income": 5
    },
    "2011-12-31": {
        "Diluted EPS": 0.16,
        "Total Revenue": 117,
        "Gross Profit": 11,
        "Operating Income": 4,
        "EBIT": 9,
        "Net Income": 1
    },
    "2011-09-30": {
        "Diluted EPS": 0.35,
        "Total Revenue": 139,
        "Gross Profit": 17,
        "Operating Income": 10,
        "EBIT": 14,
        "Net Income": 3
    },
    "2011-06-30": {
        "Diluted EPS": 0.53,
        "Total Revenue": 144,
        "Gross Profit": 17,
        "Operating Income": 11,
        "EBIT": 15,
        "Net Income": 5
    },
    "2011-03-31": {
        "Diluted EPS": 0.31,
        "Total Revenue": 111,
        "Gross Profit": 15,
        "Operating Income": 7,
        "EBIT": 11,
        "Net Income": 3
    },
    "2010-12-31": {
        "Diluted EPS": -0.35,
        "Total Revenue": 97,
        "Gross Profit": 5,
        "Operating Income": -2,
        "EBIT": 2,
        "Net Income": -3
    },
    "2010-09-30": {
        "Diluted EPS": -0.01,
        "Total Revenue": 113,
        "Gross Profit": 10,
        "Operating Income": 2,
        "EBIT": 6,
        "Net Income": 0
    },
    "2010-06-30": {
        "Diluted EPS": -0.34,
        "Total Revenue": 96,
        "Gross Profit": 5,
        "Operating Income": -2,
        "EBIT": 3,
        "Net Income": -3
    },
    "2010-03-31": {
        "Diluted EPS": 0.11,
        "Total Revenue": 80,
        "Gross Profit": 9,
        "Operating Income": 2,
        "EBIT": 4,
        "Net Income": 1
    },
    "2009-12-31": {
        "Diluted EPS": -0.62,
        "Total Revenue": 65,
        "Gross Profit": -2,
        "Operating Income": -8,
        "EBIT": -2,
        "Net Income": -6
    },
    "2009-09-30": {
        "Diluted EPS": -0.59,
        "Total Revenue": 61,
        "Gross Profit": -2,
        "Operating Income": -7,
        "EBIT": -6,
        "Net Income": -5
    },
    "2009-06-30": {
        "Diluted EPS": -0.14,
        "Total Revenue": 68,
        "Gross Profit": 2,
        "Operating Income": -2,
        "EBIT": 0,
        "Net Income": -1
    },
    "2009-03-31": {
        "Diluted EPS": 0.15,
        "Total Revenue": 84,
        "Gross Profit": 8,
        "Operating Income": 3,
        "EBIT": 5,
        "Net Income": 1
    },
    "2023-06-30": {
        "Tax Effect Of Unusual Items": NaN,
        "Tax Rate For Calcs": NaN,
        "Normalized EBITDA": NaN,
        "Net Income From Continuing Operation Net Minority Interest": NaN,
        "Reconciled Depreciation": NaN,
        "Reconciled Cost Of Revenue": NaN,
        "EBITDA": NaN,
        "EBIT": NaN,
        "Net Interest Income": NaN,
        "Interest Expense": NaN,
        "Normalized Income": NaN,
        "Net Income From Continuing And Discontinued Operation": NaN,
        "Total Expenses": NaN,
        "Total Operating Income As Reported": NaN,
        "Diluted Average Shares": 10066000.0,
        "Basic Average Shares": 10000000.0,
        "Diluted EPS": 0.74,
        "Basic EPS": 0.74,
        "Diluted NI Availto Com Stockholders": NaN,
        "Net Income Common Stockholders": NaN,
        "Net Income": NaN,
        "Net Income Including Noncontrolling Interests": NaN,
        "Net Income Continuous Operations": NaN,
        "Tax Provision": NaN,
        "Pretax Income": NaN,
        "Other Income Expense": NaN,
        "Other Non Operating Income Expenses": NaN,
        "Net Non Operating Interest Income Expense": NaN,
        "Interest Expense Non Operating": NaN,
        "Operating Income": NaN,
        "Operating Expense": NaN,
        "Selling General And Administration": NaN,
        "Gross Profit": NaN,
        "Cost Of Revenue": NaN,
        "Total Revenue": NaN,
        "Operating Revenue": NaN
    },
    "2023-09-30": {
        "Tax Effect Of Unusual Items": 0.0,
        "Tax Rate For Calcs": 0.257,
        "Normalized EBITDA": 13041000.0,
        "Net Income From Continuing Operation Net Minority Interest": 5818000.0,
        "Reconciled Depreciation": 4045000.0,
        "Reconciled Cost Of Revenue": 99428000.0,
        "EBITDA": 13041000.0,
        "EBIT": 8996000.0,
        "Net Interest Income": -1162000.0,
        "Interest Expense": 1162000.0,
        "Normalized Income": 5818000.0,
        "Net Income From Continuing And Discontinued Operation": 5818000.0,
        "Total Expenses": 109665000.0,
        "Total Operating Income As Reported": 9057000.0,
        "Diluted Average Shares": 10107000.0,
        "Basic Average Shares": 10014000.0,
        "Diluted EPS": 0.58,
        "Basic EPS": 0.58,
        "Diluted NI Availto Com Stockholders": 5818000.0,
        "Net Income Common Stockholders": 5818000.0,
        "Net Income": 5818000.0,
        "Net Income Including Noncontrolling Interests": 5818000.0,
        "Net Income Continuous Operations": 5818000.0,
        "Tax Provision": 2016000.0,
        "Pretax Income": 7834000.0,
        "Other Income Expense": -61000.0,
        "Other Non Operating Income Expenses": -61000.0,
        "Net Non Operating Interest Income Expense": -1162000.0,
        "Interest Expense Non Operating": 1162000.0,
        "Operating Income": 9057000.0,
        "Operating Expense": 10237000.0,
        "Selling General And Administration": 10237000.0,
        "Gross Profit": 19294000.0,
        "Cost Of Revenue": 99428000.0,
        "Total Revenue": 118722000.0,
        "Operating Revenue": 118722000.0
    },
    "2023-12-31": {
        "Tax Effect Of Unusual Items": 0.0,
        "Tax Rate For Calcs": 0.318819,
        "Normalized EBITDA": 13140000.0,
        "Net Income From Continuing Operation Net Minority Interest": 5444000.0,
        "Reconciled Depreciation": 4015000.0,
        "Reconciled Cost Of Revenue": 90874000.0,
        "EBITDA": 13140000.0,
        "EBIT": 9125000.0,
        "Net Interest Income": -1133000.0,
        "Interest Expense": 1133000.0,
        "Normalized Income": 5444000.0,
        "Net Income From Continuing And Discontinued Operation": 5444000.0,
        "Total Expenses": 101539000.0,
        "Total Operating Income As Reported": 8625000.0,
        "Diluted Average Shares": 10105000.0,
        "Basic Average Shares": 10010000.0,
        "Diluted EPS": 0.54,
        "Basic EPS": 0.54,
        "Diluted NI Availto Com Stockholders": 5444000.0,
        "Net Income Common Stockholders": 5444000.0,
        "Net Income": 5444000.0,
        "Net Income Including Noncontrolling Interests": 5444000.0,
        "Net Income Continuous Operations": 5444000.0,
        "Tax Provision": 2548000.0,
        "Pretax Income": 7992000.0,
        "Other Income Expense": 500000.0,
        "Other Non Operating Income Expenses": 500000.0,
        "Net Non Operating Interest Income Expense": -1133000.0,
        "Interest Expense Non Operating": 1133000.0,
        "Operating Income": 8625000.0,
        "Operating Expense": 10665000.0,
        "Selling General And Administration": 10665000.0,
        "Gross Profit": 19290000.0,
        "Cost Of Revenue": 90874000.0,
        "Total Revenue": 110164000.0,
        "Operating Revenue": 110164000.0
    },
    "2024-03-31": {
        "Tax Effect Of Unusual Items": 0.0,
        "Tax Rate For Calcs": 0.275,
        "Normalized EBITDA": 13110000.0,
        "Net Income From Continuing Operation Net Minority Interest": 5238000.0,
        "Reconciled Depreciation": 4413000.0,
        "Reconciled Cost Of Revenue": 93081000.0,
        "EBITDA": 13110000.0,
        "EBIT": 8697000.0,
        "Net Interest Income": -1474000.0,
        "Interest Expense": 1474000.0,
        "Normalized Income": 5238000.0,
        "Net Income From Continuing And Discontinued Operation": 5238000.0,
        "Total Expenses": 104525000.0,
        "Total Operating Income As Reported": 8690000.0,
        "Diluted Average Shares": 10045000.0,
        "Basic Average Shares": 9916000.0,
        "Diluted EPS": 0.52,
        "Basic EPS": 0.53,
        "Diluted NI Availto Com Stockholders": 5238000.0,
        "Net Income Common Stockholders": 5238000.0,
        "Net Income": 5238000.0,
        "Net Income Including Noncontrolling Interests": 5238000.0,
        "Net Income Continuous Operations": 5238000.0,
        "Tax Provision": 1985000.0,
        "Pretax Income": 7223000.0,
        "Other Income Expense": 7000.0,
        "Other Non Operating Income Expenses": 7000.0,
        "Net Non Operating Interest Income Expense": -1474000.0,
        "Interest Expense Non Operating": 1474000.0,
        "Operating Income": 8690000.0,
        "Operating Expense": 11444000.0,
        "Selling General And Administration": 11444000.0,
        "Gross Profit": 20134000.0,
        "Cost Of Revenue": 93081000.0,
        "Total Revenue": 113215000.0,
        "Operating Revenue": 113215000.0
    },
    "2024-06-30": {
        "Tax Effect Of Unusual Items": 0.0,
        "Tax Rate For Calcs": 0.254927,
        "Normalized EBITDA": 18100000.0,
        "Net Income From Continuing Operation Net Minority Interest": 8619000.0,
        "Reconciled Depreciation": 4709000.0,
        "Reconciled Cost Of Revenue": 103691000.0,
        "EBITDA": 18100000.0,
        "EBIT": 13391000.0,
        "Net Interest Income": -1823000.0,
        "Interest Expense": 1823000.0,
        "Normalized Income": 8619000.0,
        "Net Income From Continuing And Discontinued Operation": 8619000.0,
        "Total Expenses": 115886000.0,
        "Total Operating Income As Reported": 13619000.0,
        "Diluted Average Shares": 9995000.0,
        "Basic Average Shares": 9912000.0,
        "Diluted EPS": 0.86,
        "Basic EPS": 0.87,
        "Diluted NI Availto Com Stockholders": 8619000.0,
        "Net Income Common Stockholders": 8619000.0,
        "Net Income": 8619000.0,
        "Net Income Including Noncontrolling Interests": 8619000.0,
        "Net Income Continuous Operations": 8619000.0,
        "Tax Provision": 2949000.0,
        "Pretax Income": 11568000.0,
        "Other Income Expense": -228000.0,
        "Other Non Operating Income Expenses": -228000.0,
        "Net Non Operating Interest Income Expense": -1823000.0,
        "Interest Expense Non Operating": 1823000.0,
        "Operating Income": 13619000.0,
        "Operating Expense": 12195000.0,
        "Selling General And Administration": 12195000.0,
        "Gross Profit": 25814000.0,
        "Cost Of Revenue": 103691000.0,
        "Total Revenue": 129505000.0,
        "Operating Revenue": 129505000.0
    },
    "2024-09-30": {
        "Tax Effect Of Unusual Items": 0.0,
        "Tax Rate For Calcs": 0.263,
        "Normalized EBITDA": 20529000.0,
        "Net Income From Continuing Operation Net Minority Interest": 10253000.0,
        "Reconciled Depreciation": 5157000.0,
        "Reconciled Cost Of Revenue": 103182000.0,
        "EBITDA": 20529000.0,
        "EBIT": 15372000.0,
        "Net Interest Income": -1452000.0,
        "Interest Expense": 1452000.0,
        "Normalized Income": 10253000.0,
        "Net Income From Continuing And Discontinued Operation": 10253000.0,
        "Total Expenses": 114763000.0,
        "Total Operating Income As Reported": 15438000.0,
        "Diluted Average Shares": 10055000.0,
        "Basic Average Shares": 9919000.0,
        "Diluted EPS": 1.02,
        "Basic EPS": 1.03,
        "Diluted NI Availto Com Stockholders": 10253000.0,
        "Net Income Common Stockholders": 10253000.0,
        "Net Income": 10253000.0,
        "Net Income Including Noncontrolling Interests": 10253000.0,
        "Net Income Continuous Operations": 10253000.0,
        "Tax Provision": 3667000.0,
        "Pretax Income": 13920000.0,
        "Other Income Expense": -66000.0,
        "Other Non Operating Income Expenses": -66000.0,
        "Net Non Operating Interest Income Expense": -1452000.0,
        "Interest Expense Non Operating": 1452000.0,
        "Operating Income": 15438000.0,
        "Operating Expense": 11581000.0,
        "Selling General And Administration": 11581000.0,
        "Gross Profit": 27019000.0,
        "Cost Of Revenue": 103182000.0,
        "Total Revenue": 130201000.0,
        "Operating Revenue": 130201000.0
    },
    "2024-12-31": {
        "Tax Effect Of Unusual Items": 0.0,
        "Tax Rate For Calcs": 0.21,
        "Normalized EBITDA": 15363000.0,
        "Net Income From Continuing Operation Net Minority Interest": 10096000.0,
        "Reconciled Depreciation": 4792000.0,
        "Reconciled Cost Of Revenue": 97189000.0,
        "EBITDA": 15363000.0,
        "EBIT": 10571000.0,
        "Net Interest Income": -911000.0,
        "Interest Expense": 911000.0,
        "Normalized Income": 10096000.0,
        "Net Income From Continuing And Discontinued Operation": 10096000.0,
        "Total Expenses": 109130000.0,
        "Total Operating Income As Reported": 10497000.0,
        "Diluted Average Shares": 10108000.0,
        "Basic Average Shares": 9919000.0,
        "Diluted EPS": 1.0,
        "Basic EPS": 1.02,
        "Diluted NI Availto Com Stockholders": 10096000.0,
        "Net Income Common Stockholders": 10096000.0,
        "Net Income": 10096000.0,
        "Net Income Including Noncontrolling Interests": 10096000.0,
        "Net Income Continuous Operations": 10096000.0,
        "Tax Provision": -436000.0,
        "Pretax Income": 9660000.0,
        "Other Income Expense": 74000.0,
        "Other Non Operating Income Expenses": 74000.0,
        "Net Non Operating Interest Income Expense": -911000.0,
        "Interest Expense Non Operating": 911000.0,
        "Operating Income": 10497000.0,
        "Operating Expense": 11941000.0,
        "Selling General And Administration": 11941000.0,
        "Gross Profit": 22438000.0,
        "Cost Of Revenue": 97189000.0,
        "Total Revenue": 119627000.0,
        "Operating Revenue": 119627000.0
    },
    "2025-03-31": {
        "Tax Effect Of Unusual Items": 0.0,
        "Tax Rate For Calcs": 0.198,
        "Normalized EBITDA": 9997000.0,
        "Net Income From Continuing Operation Net Minority Interest": 3964000.0,
        "Reconciled Depreciation": 4421000.0,
        "Reconciled Cost Of Revenue": 96750000.0,
        "EBITDA": 9997000.0,
        "EBIT": 5576000.0,
        "Net Interest Income": -635000.0,
        "Interest Expense": 635000.0,
        "Normalized Income": 3964000.0,
        "Net Income From Continuing And Discontinued Operation": 3964000.0,
        "Total Expenses": 110546000.0,
        "Total Operating Income As Reported": 5569000.0,
        "Diluted Average Shares": 10117000.0,
        "Basic Average Shares": 9933000.0,
        "Diluted EPS": 0.39,
        "Basic EPS": 0.4,
        "Diluted NI Availto Com Stockholders": 3964000.0,
        "Net Income Common Stockholders": 3964000.0,
        "Net Income": 3964000.0,
        "Net Income Including Noncontrolling Interests": 3964000.0,
        "Net Income Continuous Operations": 3964000.0,
        "Tax Provision": 977000.0,
        "Pretax Income": 4941000.0,
        "Other Income Expense": 7000.0,
        "Other Non Operating Income Expenses": 7000.0,
        "Net Non Operating Interest Income Expense": -635000.0,
        "Interest Expense Non Operating": 635000.0,
        "Operating Income": 5569000.0,
        "Operating Expense": 13796000.0,
        "Selling General And Administration": 13796000.0,
        "Gross Profit": 19365000.0,
        "Cost Of Revenue": 96750000.0,
        "Total Revenue": 116115000.0,
        "Operating Revenue": 116115000.0
    },
    "2025-06-30": {
        "Tax Effect Of Unusual Items": 0.0,
        "Tax Rate For Calcs": 0.275,
        "Normalized EBITDA": 18130000.0,
        "Net Income From Continuing Operation Net Minority Interest": 9063000.0,
        "Reconciled Depreciation": 4873000.0,
        "Reconciled Cost Of Revenue": 107817000.0,
        "EBITDA": 18130000.0,
        "EBIT": 13257000.0,
        "Net Interest Income": -763000.0,
        "Interest Expense": 763000.0,
        "Normalized Income": 9063000.0,
        "Net Income From Continuing And Discontinued Operation": 9063000.0,
        "Total Expenses": 119946000.0,
        "Total Operating Income As Reported": 13236000.0,
        "Diluted Average Shares": 9961000.0,
        "Basic Average Shares": 9882000.0,
        "Diluted EPS": 0.91,
        "Basic EPS": 0.91,
        "Diluted NI Availto Com Stockholders": 9063000.0,
        "Net Income Common Stockholders": 9063000.0,
        "Net Income": 9063000.0,
        "Net Income Including Noncontrolling Interests": 9063000.0,
        "Net Income Continuous Operations": 9063000.0,
        "Tax Provision": 3431000.0,
        "Pretax Income": 12494000.0,
        "Other Income Expense": 21000.0,
        "Other Non Operating Income Expenses": 21000.0,
        "Net Non Operating Interest Income Expense": -763000.0,
        "Interest Expense Non Operating": 763000.0,
        "Operating Income": 13236000.0,
        "Operating Expense": 12129000.0,
        "Selling General And Administration": 12129000.0,
        "Gross Profit": 25365000.0,
        "Cost Of Revenue": 107817000.0,
        "Total Revenue": 133182000.0,
        "Operating Revenue": 133182000.0
    },
    "2025-09-30": {
        "Tax Effect Of Unusual Items": 0.0,
        "Tax Rate For Calcs": 0.26,
        "Normalized EBITDA": 24282000.0,
        "Net Income From Continuing Operation Net Minority Interest": 13505000.0,
        "Reconciled Depreciation": 5248000.0,
        "Reconciled Cost Of Revenue": 118917000.0,
        "EBITDA": 24282000.0,
        "EBIT": 19034000.0,
        "Net Interest Income": -788000.0,
        "Interest Expense": 788000.0,
        "Normalized Income": 13505000.0,
        "Net Income From Continuing And Discontinued Operation": 13505000.0,
        "Total Expenses": 132030000.0,
        "Total Operating Income As Reported": 19037000.0,
        "Diluted Average Shares": 9813000.0,
        "Basic Average Shares": 9678000.0,
        "Diluted EPS": 1.38,
        "Basic EPS": 1.4,
        "Diluted NI Availto Com Stockholders": 13505000.0,
        "Net Income Common Stockholders": 13505000.0,
        "Net Income": 13505000.0,
        "Net Income Including Noncontrolling Interests": 13505000.0,
        "Net Income Continuous Operations": 13505000.0,
        "Tax Provision": 4741000.0,
        "Pretax Income": 18246000.0,
        "Other Income Expense": -3000.0,
        "Other Non Operating Income Expenses": -3000.0,
        "Net Non Operating Interest Income Expense": -788000.0,
        "Interest Expense Non Operating": 788000.0,
        "Operating Income": 19037000.0,
        "Operating Expense": 13113000.0,
        "Selling General And Administration": 13113000.0,
        "Gross Profit": 32150000.0,
        "Cost Of Revenue": 118917000.0,
        "Total Revenue": 151067000.0,
        "Operating Revenue": 151067000.0
    }
}