{
    "2023-06-30": {
        "Tax Effect Of Unusual Items": -125568.687105,
        "Tax Rate For Calcs": 0.279663,
        "Normalized EBITDA": 21532000.0,
        "Total Unusual Items": -449000.0,
        "Total Unusual Items Excluding Goodwill": -449000.0,
        "Net Income From Continuing Operation Net Minority Interest": 6156000.0,
        "Reconciled Depreciation": 9298000.0,
        "Reconciled Cost Of Revenue": 90276000.0,
        "EBITDA": 21083000.0,
        "EBIT": 11785000.0,
        "Net Interest Income": -1570000.0,
        "Interest Expense": 3239000.0,
        "Interest Income": 1669000.0,
        "Normalized Income": 6479431.312895,
        "Net Income From Continuing And Discontinued Operation": 6156000.0,
        "Total Expenses": 168692000.0,
        "Total Operating Income As Reported": 9066000.0,
        "Diluted Average Shares": 66853000.0,
        "Basic Average Shares": 66420000.0,
        "Diluted EPS": 0.09,
        "Basic EPS": 0.09,
        "Diluted NI Availto Com Stockholders": 6156000.0,
        "Net Income Common Stockholders": 6156000.0,
        "Net Income": 6156000.0,
        "Net Income Including Noncontrolling Interests": 6156000.0,
        "Net Income Continuous Operations": 6156000.0,
        "Tax Provision": 2390000.0,
        "Pretax Income": 8546000.0,
        "Other Income Expense": 601000.0,
        "Other Non Operating Income Expenses": 1050000.0,
        "Special Income Charges": -449000.0,
        "Impairment Of Capital Assets": 359000.0,
        "Restructuring And Mergern Acquisition": 90000.0,
        "Net Non Operating Interest Income Expense": -1570000.0,
        "Interest Expense Non Operating": 3239000.0,
        "Interest Income Non Operating": 1669000.0,
        "Operating Income": 9515000.0,
        "Operating Expense": 70306000.0,
        "Depreciation Amortization Depletion Income Statement": 1188000.0,
        "Depreciation And Amortization In Income Statement": 1188000.0,
        "Amortization": 1188000.0,
        "Amortization Of Intangibles Income Statement": 1188000.0,
        "Research And Development": 20925000.0,
        "Selling General And Administration": 48193000.0,
        "Gross Profit": 79821000.0,
        "Cost Of Revenue": 98386000.0,
        "Total Revenue": 178207000.0,
        "Operating Revenue": 178207000.0
    },
    "2023-03-31": {
        "Tax Effect Of Unusual Items": -785190.0,
        "Tax Rate For Calcs": 0.21,
        "Normalized EBITDA": -7758000.0,
        "Total Unusual Items": -3739000.0,
        "Total Unusual Items Excluding Goodwill": -3739000.0,
        "Net Income From Continuing Operation Net Minority Interest": -25240000.0,
        "Reconciled Depreciation": 9860000.0,
        "Reconciled Cost Of Revenue": 85506000.0,
        "EBITDA": -11497000.0,
        "EBIT": -21357000.0,
        "Net Interest Income": -1513000.0,
        "Interest Expense": 3404000.0,
        "Interest Income": 1891000.0,
        "Normalized Income": -22286190.0,
        "Net Income From Continuing And Discontinued Operation": -25240000.0,
        "Total Expenses": 198720000.0,
        "Total Operating Income As Reported": -23909000.0,
        "Diluted Average Shares": 66049000.0,
        "Basic Average Shares": 66049000.0,
        "Diluted EPS": -0.38,
        "Basic EPS": -0.38,
        "Diluted NI Availto Com Stockholders": -25240000.0,
        "Net Income Common Stockholders": -25240000.0,
        "Net Income": -25240000.0,
        "Net Income Including Noncontrolling Interests": -25240000.0,
        "Net Income Continuous Operations": -25240000.0,
        "Tax Provision": 479000.0,
        "Pretax Income": -24761000.0,
        "Other Income Expense": -3078000.0,
        "Other Non Operating Income Expenses": 661000.0,
        "Special Income Charges": -3739000.0,
        "Impairment Of Capital Assets": 1587000.0,
        "Restructuring And Mergern Acquisition": 2152000.0,
        "Net Non Operating Interest Income Expense": -1513000.0,
        "Interest Expense Non Operating": 3404000.0,
        "Interest Income Non Operating": 1891000.0,
        "Operating Income": -20170000.0,
        "Operating Expense": 104690000.0,
        "Depreciation Amortization Depletion Income Statement": 1336000.0,
        "Depreciation And Amortization In Income Statement": 1336000.0,
        "Amortization": 1336000.0,
        "Amortization Of Intangibles Income Statement": 1336000.0,
        "Research And Development": 20027000.0,
        "Selling General And Administration": 83327000.0,
        "Gross Profit": 84520000.0,
        "Cost Of Revenue": 94030000.0,
        "Total Revenue": 178550000.0,
        "Operating Revenue": 178550000.0
    },
    "2022-12-31": {
        "Tax Effect Of Unusual Items": -28491.396876,
        "Tax Rate For Calcs": 0.11535,
        "Normalized EBITDA": 20219000.0,
        "Total Unusual Items": -247000.0,
        "Total Unusual Items Excluding Goodwill": -247000.0,
        "Net Income From Continuing Operation Net Minority Interest": 7815000.0,
        "Reconciled Depreciation": 8899000.0,
        "Reconciled Cost Of Revenue": 77369000.0,
        "EBITDA": 19972000.0,
        "EBIT": 11073000.0,
        "Net Interest Income": -709000.0,
        "Interest Expense": 2239000.0,
        "Interest Income": 1530000.0,
        "Normalized Income": 8033508.603124,
        "Net Income From Continuing And Discontinued Operation": 7815000.0,
        "Total Expenses": 152066000.0,
        "Total Operating Income As Reported": 9564000.0,
        "Diluted Average Shares": 67307000.0,
        "Basic Average Shares": 66561000.0,
        "Diluted EPS": 0.12,
        "Basic EPS": 0.12,
        "Diluted NI Availto Com Stockholders": 7815000.0,
        "Net Income Common Stockholders": 7815000.0,
        "Net Income": 7815000.0,
        "Net Income Including Noncontrolling Interests": 7815000.0,
        "Net Income Continuous Operations": 7815000.0,
        "Tax Provision": 1019000.0,
        "Pretax Income": 8834000.0,
        "Other Income Expense": -268000.0,
        "Other Non Operating Income Expenses": -21000.0,
        "Special Income Charges": -247000.0,
        "Impairment Of Capital Assets": 247000.0,
        "Restructuring And Mergern Acquisition": 0.0,
        "Net Non Operating Interest Income Expense": -709000.0,
        "Interest Expense Non Operating": 2239000.0,
        "Interest Income Non Operating": 1530000.0,
        "Operating Income": 9811000.0,
        "Operating Expense": 66717000.0,
        "Depreciation Amortization Depletion Income Statement": 919000.0,
        "Depreciation And Amortization In Income Statement": 919000.0,
        "Amortization": 919000.0,
        "Amortization Of Intangibles Income Statement": 919000.0,
        "Research And Development": 19621000.0,
        "Selling General And Administration": 46177000.0,
        "Gross Profit": 76528000.0,
        "Cost Of Revenue": 85349000.0,
        "Total Revenue": 161877000.0,
        "Operating Revenue": 161877000.0
    },
    "2022-09-30": {
        "Tax Effect Of Unusual Items": -332170.0,
        "Tax Rate For Calcs": 0.295,
        "Normalized EBITDA": 29584000.0,
        "Total Unusual Items": -1126000.0,
        "Total Unusual Items Excluding Goodwill": -1126000.0,
        "Net Income From Continuing Operation Net Minority Interest": 13623000.0,
        "Reconciled Depreciation": 8803000.0,
        "Reconciled Cost Of Revenue": 74482000.0,
        "EBITDA": 28458000.0,
        "EBIT": 19655000.0,
        "Net Interest Income": -251000.0,
        "Interest Expense": 325000.0,
        "Interest Income": 74000.0,
        "Normalized Income": 14416830.0,
        "Net Income From Continuing And Discontinued Operation": 13623000.0,
        "Total Expenses": 149028000.0,
        "Total Operating Income As Reported": 9289000.0,
        "Diluted Average Shares": 68422000.0,
        "Basic Average Shares": 67806000.0,
        "Diluted EPS": 0.2,
        "Basic EPS": 0.2,
        "Diluted NI Availto Com Stockholders": 13623000.0,
        "Net Income Common Stockholders": 13623000.0,
        "Net Income": 13623000.0,
        "Net Income Including Noncontrolling Interests": 13623000.0,
        "Net Income Continuous Operations": 13623000.0,
        "Tax Provision": 5707000.0,
        "Pretax Income": 19330000.0,
        "Other Income Expense": 9166000.0,
        "Other Non Operating Income Expenses": 10292000.0,
        "Special Income Charges": -1126000.0,
        "Impairment Of Capital Assets": 805000.0,
        "Restructuring And Mergern Acquisition": 321000.0,
        "Net Non Operating Interest Income Expense": -251000.0,
        "Interest Expense Non Operating": 325000.0,
        "Interest Income Non Operating": 74000.0,
        "Operating Income": 10415000.0,
        "Operating Expense": 66448000.0,
        "Depreciation Amortization Depletion Income Statement": 705000.0,
        "Depreciation And Amortization In Income Statement": 705000.0,
        "Amortization": 705000.0,
        "Amortization Of Intangibles Income Statement": 705000.0,
        "Research And Development": 20857000.0,
        "Selling General And Administration": 44886000.0,
        "Gross Profit": 76863000.0,
        "Cost Of Revenue": 82580000.0,
        "Total Revenue": 159443000.0,
        "Operating Revenue": 159443000.0
    },
    "2022-06-30": {
        "Tax Effect Of Unusual Items": -209600.0,
        "Tax Rate For Calcs": 0.4,
        "Normalized EBITDA": 10887000.0,
        "Total Unusual Items": -524000.0,
        "Total Unusual Items Excluding Goodwill": -524000.0,
        "Net Income From Continuing Operation Net Minority Interest": 1148000.0,
        "Reconciled Depreciation": 9132000.0,
        "Reconciled Cost Of Revenue": 71627000.0,
        "EBITDA": 10363000.0,
        "EBIT": 1231000.0,
        "Net Interest Income": -284000.0,
        "Interest Expense": 330000.0,
        "Interest Income": 46000.0,
        "Normalized Income": 1462400.0,
        "Net Income From Continuing And Discontinued Operation": 1148000.0,
        "Total Expenses": 151588000.0,
        "Total Operating Income As Reported": 1190000.0,
        "Diluted Average Shares": 68283000.0,
        "Basic Average Shares": 67588000.0,
        "Diluted EPS": 0.02,
        "Basic EPS": 0.02,
        "Diluted NI Availto Com Stockholders": 1148000.0,
        "Net Income Common Stockholders": 1148000.0,
        "Net Income": 1148000.0,
        "Net Income Including Noncontrolling Interests": 1148000.0,
        "Net Income Continuous Operations": 1148000.0,
        "Tax Provision": -247000.0,
        "Pretax Income": 901000.0,
        "Other Income Expense": -529000.0,
        "Other Non Operating Income Expenses": -5000.0,
        "Special Income Charges": -524000.0,
        "Impairment Of Capital Assets": 524000.0,
        "Restructuring And Mergern Acquisition": 0.0,
        "Net Non Operating Interest Income Expense": -284000.0,
        "Interest Expense Non Operating": 330000.0,
        "Interest Income Non Operating": 46000.0,
        "Operating Income": 1714000.0,
        "Operating Expense": 71534000.0,
        "Depreciation Amortization Depletion Income Statement": 705000.0,
        "Depreciation And Amortization In Income Statement": 705000.0,
        "Amortization": 705000.0,
        "Amortization Of Intangibles Income Statement": 705000.0,
        "Research And Development": 21795000.0,
        "Selling General And Administration": 49034000.0,
        "Gross Profit": 73248000.0,
        "Cost Of Revenue": 80054000.0,
        "Total Revenue": 153302000.0,
        "Operating Revenue": 153302000.0
    },
    "2022-03-31": {
        "Diluted EPS": 0.0,
        "Total Revenue": 151,
        "Gross Profit": 75,
        "Operating Income": 3,
        "EBIT": 13,
        "Net Income": 0
    },
    "2021-12-31": {
        "Diluted EPS": 0.08,
        "Total Revenue": 150,
        "Gross Profit": 76,
        "Operating Income": 8,
        "EBIT": 19,
        "Net Income": 5
    },
    "2021-09-30": {
        "Diluted EPS": -0.1,
        "Total Revenue": 149,
        "Gross Profit": 77,
        "Operating Income": -8,
        "EBIT": 3,
        "Net Income": -7
    },
    "2021-06-30": {
        "Diluted EPS": 0.04,
        "Total Revenue": 146,
        "Gross Profit": 73,
        "Operating Income": 4,
        "EBIT": 15,
        "Net Income": 3
    },
    "2021-03-31": {
        "Diluted EPS": -0.02,
        "Total Revenue": 144,
        "Gross Profit": 74,
        "Operating Income": 0,
        "EBIT": 11,
        "Net Income": -1
    },
    "2020-12-31": {
        "Diluted EPS": 0.01,
        "Total Revenue": 142,
        "Gross Profit": 71,
        "Operating Income": 1,
        "EBIT": 14,
        "Net Income": 0
    },
    "2020-09-30": {
        "Diluted EPS": 0.16,
        "Total Revenue": 140,
        "Gross Profit": 71,
        "Operating Income": 10,
        "EBIT": 23,
        "Net Income": 10
    },
    "2020-06-30": {
        "Diluted EPS": -0.01,
        "Total Revenue": 131,
        "Gross Profit": 65,
        "Operating Income": 2,
        "EBIT": 15,
        "Net Income": -1
    },
    "2020-03-31": {
        "Diluted EPS": -0.07,
        "Total Revenue": 136,
        "Gross Profit": 68,
        "Operating Income": -6,
        "EBIT": 2,
        "Net Income": -4
    },
    "2019-12-31": {
        "Diluted EPS": 0.07,
        "Total Revenue": 138,
        "Gross Profit": 70,
        "Operating Income": 3,
        "EBIT": 18,
        "Net Income": 4
    },
    "2019-09-30": {
        "Diluted EPS": 0.09,
        "Total Revenue": 134,
        "Gross Profit": 69,
        "Operating Income": 7,
        "EBIT": 21,
        "Net Income": 6
    },
    "2019-06-30": {
        "Diluted EPS": 0.02,
        "Total Revenue": 132,
        "Gross Profit": 67,
        "Operating Income": 1,
        "EBIT": 13,
        "Net Income": 1
    },
    "2019-03-31": {
        "Diluted EPS": 0.07,
        "Total Revenue": 135,
        "Gross Profit": 73,
        "Operating Income": 7,
        "EBIT": 18,
        "Net Income": 4
    },
    "2018-12-31": {
        "Diluted EPS": 0.07,
        "Total Revenue": 131,
        "Gross Profit": 69,
        "Operating Income": 6,
        "EBIT": 17,
        "Net Income": 5
    },
    "2018-09-30": {
        "Diluted EPS": 0.2,
        "Total Revenue": 130,
        "Gross Profit": 69,
        "Operating Income": 15,
        "EBIT": 26,
        "Net Income": 13
    },
    "2018-06-30": {
        "Diluted EPS": 0.04,
        "Total Revenue": 133,
        "Gross Profit": 71,
        "Operating Income": 3,
        "EBIT": 14,
        "Net Income": 3
    },
    "2018-03-31": {
        "Diluted EPS": -0.17,
        "Total Revenue": 136,
        "Gross Profit": 74,
        "Operating Income": -19,
        "EBIT": -4,
        "Net Income": -11
    },
    "2017-12-31": {
        "Diluted EPS": 0.02,
        "Total Revenue": 132,
        "Gross Profit": 70,
        "Operating Income": 4,
        "EBIT": 15,
        "Net Income": 2
    },
    "2017-09-30": {
        "Diluted EPS": 0.13,
        "Total Revenue": 133,
        "Gross Profit": 74,
        "Operating Income": 11,
        "EBIT": 21,
        "Net Income": 8
    },
    "2017-06-30": {
        "Diluted EPS": 0.06,
        "Total Revenue": 131,
        "Gross Profit": 72,
        "Operating Income": 7,
        "EBIT": 17,
        "Net Income": 4
    },
    "2017-03-31": {
        "Diluted EPS": 0.07,
        "Total Revenue": 132,
        "Gross Profit": 76,
        "Operating Income": 7,
        "EBIT": 16,
        "Net Income": 4
    },
    "2016-12-31": {
        "Diluted EPS": 0.17,
        "Total Revenue": 128,
        "Gross Profit": 74,
        "Operating Income": 13,
        "EBIT": 24,
        "Net Income": 10
    },
    "2016-09-30": {
        "Diluted EPS": 0.06,
        "Total Revenue": 127,
        "Gross Profit": 71,
        "Operating Income": 7,
        "EBIT": 18,
        "Net Income": 4
    },
    "2016-06-30": {
        "Diluted EPS": -0.01,
        "Total Revenue": 122,
        "Gross Profit": 65,
        "Operating Income": 0,
        "EBIT": 11,
        "Net Income": -1
    },
    "2016-03-31": {
        "Diluted EPS": -0.27,
        "Total Revenue": 128,
        "Gross Profit": 69,
        "Operating Income": -23,
        "EBIT": 20,
        "Net Income": -16
    },
    "2015-12-31": {
        "Diluted EPS": 0.12,
        "Total Revenue": 117,
        "Gross Profit": 63,
        "Operating Income": 8,
        "EBIT": 15,
        "Net Income": 7
    },
    "2015-09-30": {
        "Diluted EPS": 0.14,
        "Total Revenue": 125,
        "Gross Profit": 69,
        "Operating Income": 12,
        "EBIT": 19,
        "Net Income": 8
    },
    "2015-06-30": {
        "Diluted EPS": 0.1,
        "Total Revenue": 122,
        "Gross Profit": 66,
        "Operating Income": 9,
        "EBIT": 16,
        "Net Income": 6
    },
    "2015-03-31": {
        "Diluted EPS": 0.18,
        "Total Revenue": 128,
        "Gross Profit": 73,
        "Operating Income": 13,
        "EBIT": 20,
        "Net Income": 11
    },
    "2014-12-31": {
        "Diluted EPS": 0.11,
        "Total Revenue": 123,
        "Gross Profit": 69,
        "Operating Income": 8,
        "EBIT": 15,
        "Net Income": 7
    },
    "2014-09-30": {
        "Diluted EPS": 0.08,
        "Total Revenue": 121,
        "Gross Profit": 64,
        "Operating Income": 7,
        "EBIT": 15,
        "Net Income": 5
    },
    "2014-06-30": {
        "Diluted EPS": 0.08,
        "Total Revenue": 118,
        "Gross Profit": 62,
        "Operating Income": 8,
        "EBIT": 15,
        "Net Income": 5
    },
    "2014-03-31": {
        "Diluted EPS": 0.08,
        "Total Revenue": 115,
        "Gross Profit": 62,
        "Operating Income": 7,
        "EBIT": 14,
        "Net Income": 5
    },
    "2013-12-31": {
        "Diluted EPS": -0.21,
        "Total Revenue": 109,
        "Gross Profit": 38,
        "Operating Income": -19,
        "EBIT": 15,
        "Net Income": -13
    },
    "2013-09-30": {
        "Diluted EPS": 0.17,
        "Total Revenue": 111,
        "Gross Profit": 63,
        "Operating Income": 16,
        "EBIT": 23,
        "Net Income": 10
    },
    "2013-06-30": {
        "Diluted EPS": 0.22,
        "Total Revenue": 110,
        "Gross Profit": 61,
        "Operating Income": 20,
        "EBIT": 26,
        "Net Income": 13
    },
    "2013-03-31": {
        "Diluted EPS": -0.06,
        "Total Revenue": 111,
        "Gross Profit": 63,
        "Operating Income": -2,
        "EBIT": 21,
        "Net Income": -4
    },
    "2012-12-31": {
        "Diluted EPS": 0.26,
        "Total Revenue": 115,
        "Gross Profit": 68,
        "Operating Income": 23,
        "EBIT": 29,
        "Net Income": 16
    },
    "2012-09-30": {
        "Diluted EPS": 0.26,
        "Total Revenue": 116,
        "Gross Profit": 70,
        "Operating Income": 24,
        "EBIT": 31,
        "Net Income": 16
    },
    "2012-06-30": {
        "Diluted EPS": 0.26,
        "Total Revenue": 118,
        "Gross Profit": 70,
        "Operating Income": 24,
        "EBIT": 29,
        "Net Income": 15
    },
    "2012-03-31": {
        "Diluted EPS": 0.25,
        "Total Revenue": 109,
        "Gross Profit": 67,
        "Operating Income": 23,
        "EBIT": 28,
        "Net Income": 15
    },
    "2011-12-31": {
        "Diluted EPS": 0.36,
        "Total Revenue": 113,
        "Gross Profit": 74,
        "Operating Income": 33,
        "EBIT": 37,
        "Net Income": 21
    },
    "2011-09-30": {
        "Diluted EPS": 0.35,
        "Total Revenue": 108,
        "Gross Profit": 72,
        "Operating Income": 32,
        "EBIT": 36,
        "Net Income": 20
    },
    "2011-06-30": {
        "Diluted EPS": 0.32,
        "Total Revenue": 100,
        "Gross Profit": 66,
        "Operating Income": 29,
        "EBIT": 33,
        "Net Income": 19
    },
    "2011-03-31": {
        "Diluted EPS": 0.32,
        "Total Revenue": 97,
        "Gross Profit": 64,
        "Operating Income": 28,
        "EBIT": 32,
        "Net Income": 19
    },
    "2010-12-31": {
        "Diluted EPS": 0.3,
        "Total Revenue": 92,
        "Gross Profit": 60,
        "Operating Income": 26,
        "EBIT": 30,
        "Net Income": 18
    },
    "2010-09-30": {
        "Diluted EPS": 0.23,
        "Total Revenue": 81,
        "Gross Profit": 51,
        "Operating Income": 21,
        "EBIT": 24,
        "Net Income": 13
    },
    "2010-06-30": {
        "Diluted EPS": 0.21,
        "Total Revenue": 83,
        "Gross Profit": 51,
        "Operating Income": 19,
        "EBIT": 22,
        "Net Income": 12
    },
    "2010-03-31": {
        "Diluted EPS": 0.23,
        "Total Revenue": 79,
        "Gross Profit": 50,
        "Operating Income": 20,
        "EBIT": 23,
        "Net Income": 13
    },
    "2009-12-31": {
        "Diluted EPS": 0.23,
        "Total Revenue": 75,
        "Gross Profit": 47,
        "Operating Income": 21,
        "EBIT": 24,
        "Net Income": 13
    },
    "2009-09-30": {
        "Diluted EPS": 0.21,
        "Total Revenue": 72,
        "Gross Profit": 43,
        "Operating Income": 19,
        "EBIT": 21,
        "Net Income": 12
    },
    "2009-06-30": {
        "Diluted EPS": 0.18,
        "Total Revenue": 67,
        "Gross Profit": 41,
        "Operating Income": 16,
        "EBIT": 19,
        "Net Income": 10
    },
    "2009-03-31": {
        "Diluted EPS": 0.2,
        "Total Revenue": 66,
        "Gross Profit": 40,
        "Operating Income": 18,
        "EBIT": 21,
        "Net Income": 11
    },
    "2023-09-30": {
        "Tax Effect Of Unusual Items": -44357.97491,
        "Tax Rate For Calcs": 0.245072,
        "Normalized EBITDA": 19502000.0,
        "Total Unusual Items": -181000.0,
        "Total Unusual Items Excluding Goodwill": -181000.0,
        "Net Income From Continuing Operation Net Minority Interest": 5055000.0,
        "Reconciled Depreciation": 9315000.0,
        "Reconciled Cost Of Revenue": 86671000.0,
        "EBITDA": 19321000.0,
        "EBIT": 10006000.0,
        "Net Interest Income": -1790000.0,
        "Interest Expense": 3310000.0,
        "Interest Income": 1520000.0,
        "Normalized Income": 5191642.02509,
        "Net Income From Continuing And Discontinued Operation": 5055000.0,
        "Total Expenses": 168181000.0,
        "Total Operating Income As Reported": 8056000.0,
        "Diluted Average Shares": 67690000.0,
        "Basic Average Shares": 67074000.0,
        "Diluted EPS": 0.07,
        "Basic EPS": 0.08,
        "Diluted NI Availto Com Stockholders": 5055000.0,
        "Net Income Common Stockholders": 5055000.0,
        "Net Income": 5055000.0,
        "Net Income Including Noncontrolling Interests": 5055000.0,
        "Net Income Continuous Operations": 5055000.0,
        "Tax Provision": 1641000.0,
        "Pretax Income": 6696000.0,
        "Other Income Expense": 249000.0,
        "Other Non Operating Income Expenses": 430000.0,
        "Special Income Charges": -181000.0,
        "Impairment Of Capital Assets": 166000.0,
        "Restructuring And Mergern Acquisition": 15000.0,
        "Net Non Operating Interest Income Expense": -1790000.0,
        "Interest Expense Non Operating": 3310000.0,
        "Interest Income Non Operating": 1520000.0,
        "Operating Income": 8237000.0,
        "Operating Expense": 73384000.0,
        "Depreciation Amortization Depletion Income Statement": 1189000.0,
        "Depreciation And Amortization In Income Statement": 1189000.0,
        "Amortization": 1189000.0,
        "Amortization Of Intangibles Income Statement": 1189000.0,
        "Research And Development": 18020000.0,
        "Selling General And Administration": 54175000.0,
        "Gross Profit": 81621000.0,
        "Cost Of Revenue": 94797000.0,
        "Total Revenue": 176418000.0,
        "Operating Revenue": 176418000.0
    }
}