{
    "2023-03-31": {
        "Tax Effect Of Unusual Items": NaN,
        "Tax Rate For Calcs": NaN,
        "Normalized EBITDA": NaN,
        "Total Unusual Items": 0.0,
        "Total Unusual Items Excluding Goodwill": 0.0,
        "Net Income From Continuing Operation Net Minority Interest": NaN,
        "Reconciled Depreciation": NaN,
        "Reconciled Cost Of Revenue": NaN,
        "EBITDA": NaN,
        "EBIT": NaN,
        "Net Interest Income": NaN,
        "Interest Expense": NaN,
        "Normalized Income": NaN,
        "Net Income From Continuing And Discontinued Operation": NaN,
        "Total Expenses": NaN,
        "Total Operating Income As Reported": NaN,
        "Diluted Average Shares": NaN,
        "Basic Average Shares": NaN,
        "Diluted EPS": NaN,
        "Basic EPS": NaN,
        "Diluted NI Availto Com Stockholders": NaN,
        "Net Income Common Stockholders": NaN,
        "Net Income": NaN,
        "Minority Interests": NaN,
        "Net Income Including Noncontrolling Interests": NaN,
        "Net Income Continuous Operations": NaN,
        "Tax Provision": NaN,
        "Pretax Income": NaN,
        "Other Income Expense": NaN,
        "Other Non Operating Income Expenses": -1000000.0,
        "Special Income Charges": 0.0,
        "Gain On Sale Of Business": 0.0,
        "Restructuring And Mergern Acquisition": NaN,
        "Earnings From Equity Interest": NaN,
        "Net Non Operating Interest Income Expense": NaN,
        "Interest Expense Non Operating": NaN,
        "Operating Income": NaN,
        "Operating Expense": NaN,
        "Depreciation Amortization Depletion Income Statement": NaN,
        "Depreciation And Amortization In Income Statement": NaN,
        "Selling General And Administration": NaN,
        "General And Administrative Expense": NaN,
        "Other Gand A": NaN,
        "Salaries And Wages": NaN,
        "Gross Profit": NaN,
        "Cost Of Revenue": NaN,
        "Total Revenue": NaN,
        "Operating Revenue": NaN
    },
    "2022-12-31": {
        "Tax Effect Of Unusual Items": NaN,
        "Tax Rate For Calcs": NaN,
        "Normalized EBITDA": NaN,
        "Total Unusual Items": -134300000.0,
        "Total Unusual Items Excluding Goodwill": -134300000.0,
        "Net Income From Continuing Operation Net Minority Interest": NaN,
        "Reconciled Depreciation": NaN,
        "Reconciled Cost Of Revenue": NaN,
        "EBITDA": NaN,
        "EBIT": NaN,
        "Net Interest Income": NaN,
        "Interest Expense": NaN,
        "Normalized Income": NaN,
        "Net Income From Continuing And Discontinued Operation": NaN,
        "Total Expenses": NaN,
        "Total Operating Income As Reported": NaN,
        "Diluted Average Shares": NaN,
        "Basic Average Shares": NaN,
        "Diluted EPS": NaN,
        "Basic EPS": NaN,
        "Diluted NI Availto Com Stockholders": NaN,
        "Net Income Common Stockholders": NaN,
        "Net Income": NaN,
        "Minority Interests": NaN,
        "Net Income Including Noncontrolling Interests": NaN,
        "Net Income Continuous Operations": NaN,
        "Tax Provision": NaN,
        "Pretax Income": NaN,
        "Other Income Expense": NaN,
        "Other Non Operating Income Expenses": 13300000.0,
        "Special Income Charges": -134300000.0,
        "Gain On Sale Of Business": NaN,
        "Restructuring And Mergern Acquisition": -1500000.0,
        "Earnings From Equity Interest": NaN,
        "Net Non Operating Interest Income Expense": NaN,
        "Interest Expense Non Operating": NaN,
        "Operating Income": NaN,
        "Operating Expense": NaN,
        "Other Operating Expenses": 0.0,
        "Depreciation Amortization Depletion Income Statement": NaN,
        "Depreciation And Amortization In Income Statement": NaN,
        "Selling General And Administration": NaN,
        "General And Administrative Expense": NaN,
        "Other Gand A": NaN,
        "Salaries And Wages": NaN,
        "Gross Profit": NaN,
        "Cost Of Revenue": NaN,
        "Total Revenue": NaN,
        "Operating Revenue": NaN
    },
    "2022-09-30": {
        "Tax Effect Of Unusual Items": NaN,
        "Tax Rate For Calcs": NaN,
        "Normalized EBITDA": NaN,
        "Total Unusual Items": NaN,
        "Total Unusual Items Excluding Goodwill": NaN,
        "Net Income From Continuing Operation Net Minority Interest": NaN,
        "Reconciled Depreciation": NaN,
        "Reconciled Cost Of Revenue": NaN,
        "EBITDA": NaN,
        "EBIT": NaN,
        "Net Interest Income": NaN,
        "Interest Expense": NaN,
        "Normalized Income": NaN,
        "Net Income From Continuing And Discontinued Operation": NaN,
        "Total Expenses": NaN,
        "Total Operating Income As Reported": NaN,
        "Diluted Average Shares": NaN,
        "Basic Average Shares": NaN,
        "Diluted EPS": NaN,
        "Basic EPS": NaN,
        "Diluted NI Availto Com Stockholders": NaN,
        "Net Income Common Stockholders": NaN,
        "Net Income": NaN,
        "Minority Interests": NaN,
        "Net Income Including Noncontrolling Interests": NaN,
        "Net Income Continuous Operations": NaN,
        "Tax Provision": NaN,
        "Pretax Income": NaN,
        "Other Income Expense": NaN,
        "Other Non Operating Income Expenses": 1000000.0,
        "Special Income Charges": NaN,
        "Gain On Sale Of Business": NaN,
        "Restructuring And Mergern Acquisition": -54000000.0,
        "Earnings From Equity Interest": NaN,
        "Net Non Operating Interest Income Expense": NaN,
        "Interest Expense Non Operating": NaN,
        "Operating Income": NaN,
        "Operating Expense": NaN,
        "Other Operating Expenses": -500000.0,
        "Depreciation Amortization Depletion Income Statement": NaN,
        "Depreciation And Amortization In Income Statement": NaN,
        "Amortization": 102200000.0,
        "Amortization Of Intangibles Income Statement": 102200000.0,
        "Depreciation Income Statement": 40200000.0,
        "Selling General And Administration": NaN,
        "General And Administrative Expense": 249000000.0,
        "Other Gand A": 260000000.0,
        "Salaries And Wages": -11000000.0,
        "Gross Profit": NaN,
        "Cost Of Revenue": NaN,
        "Total Revenue": NaN,
        "Operating Revenue": NaN
    },
    "2022-06-30": {
        "Tax Effect Of Unusual Items": 0.0,
        "Tax Rate For Calcs": 0.240188,
        "Normalized EBITDA": 517600000.0,
        "Total Unusual Items": NaN,
        "Total Unusual Items Excluding Goodwill": NaN,
        "Net Income From Continuing Operation Net Minority Interest": 227500000.0,
        "Reconciled Depreciation": 144100000.0,
        "Reconciled Cost Of Revenue": 501600000.0,
        "EBITDA": 517600000.0,
        "EBIT": 373500000.0,
        "Net Interest Income": -75400000.0,
        "Interest Expense": 75400000.0,
        "Normalized Income": 227500000.0,
        "Net Income From Continuing And Discontinued Operation": 227500000.0,
        "Total Expenses": 912300000.0,
        "Total Operating Income As Reported": 333400000.0,
        "Diluted Average Shares": 40928000.0,
        "Basic Average Shares": 40203000.0,
        "Diluted EPS": 5.56,
        "Basic EPS": 5.66,
        "Diluted NI Availto Com Stockholders": 227500000.0,
        "Net Income Common Stockholders": 227500000.0,
        "Net Income": 227500000.0,
        "Minority Interests": 1000000.0,
        "Net Income Including Noncontrolling Interests": 226500000.0,
        "Net Income Continuous Operations": 226500000.0,
        "Tax Provision": 71600000.0,
        "Pretax Income": 298100000.0,
        "Other Income Expense": 40700000.0,
        "Other Non Operating Income Expenses": 4800000.0,
        "Special Income Charges": NaN,
        "Impairment Of Capital Assets": NaN,
        "Restructuring And Mergern Acquisition": NaN,
        "Earnings From Equity Interest": 35900000.0,
        "Net Non Operating Interest Income Expense": -75400000.0,
        "Interest Expense Non Operating": 75400000.0,
        "Operating Income": 332800000.0,
        "Operating Expense": 410700000.0,
        "Other Operating Expenses": 50300000.0,
        "Depreciation Amortization Depletion Income Statement": 144100000.0,
        "Depreciation And Amortization In Income Statement": 144100000.0,
        "Amortization": 104800000.0,
        "Amortization Of Intangibles Income Statement": 104800000.0,
        "Depreciation Income Statement": 39300000.0,
        "Selling General And Administration": 216300000.0,
        "General And Administrative Expense": 216300000.0,
        "Other Gand A": 216300000.0,
        "Gross Profit": 743500000.0,
        "Cost Of Revenue": 501600000.0,
        "Total Revenue": 1245100000.0,
        "Operating Revenue": 1245100000.0
    },
    "2022-03-31": {
        "Diluted EPS": 5.99,
        "Total Revenue": NaN,
        "Gross Profit": NaN,
        "Operating Income": 329,
        "EBIT": 474,
        "Net Income": 252
    },
    "2021-12-31": {
        "Diluted EPS": 6.15,
        "Total Revenue": NaN,
        "Gross Profit": NaN,
        "Operating Income": 325,
        "EBIT": 481,
        "Net Income": 264
    },
    "2021-09-30": {
        "Diluted EPS": 3.9,
        "Total Revenue": NaN,
        "Gross Profit": NaN,
        "Operating Income": 277,
        "EBIT": 428,
        "Net Income": 170
    },
    "2021-06-30": {
        "Diluted EPS": 4.51,
        "Total Revenue": NaN,
        "Gross Profit": NaN,
        "Operating Income": 288,
        "EBIT": 441,
        "Net Income": 200
    },
    "2021-03-31": {
        "Diluted EPS": 4.42,
        "Total Revenue": NaN,
        "Gross Profit": NaN,
        "Operating Income": 285,
        "EBIT": 429,
        "Net Income": 201
    },
    "2020-12-31": {
        "Diluted EPS": 7.86,
        "Total Revenue": NaN,
        "Gross Profit": NaN,
        "Operating Income": 531,
        "EBIT": 677,
        "Net Income": 364
    },
    "2020-09-30": {
        "Diluted EPS": 4.08,
        "Total Revenue": NaN,
        "Gross Profit": NaN,
        "Operating Income": 344,
        "EBIT": 486,
        "Net Income": 191
    },
    "2020-06-30": {
        "Diluted EPS": 2.13,
        "Total Revenue": 915,
        "Gross Profit": 915,
        "Operating Income": 196,
        "EBIT": 342,
        "Net Income": 100
    },
    "2020-03-31": {
        "Diluted EPS": 3.3,
        "Total Revenue": NaN,
        "Gross Profit": NaN,
        "Operating Income": 305,
        "EBIT": 453,
        "Net Income": 157
    },
    "2019-12-31": {
        "Diluted EPS": 2.36,
        "Total Revenue": NaN,
        "Gross Profit": NaN,
        "Operating Income": 256,
        "EBIT": 423,
        "Net Income": 113
    },
    "2019-09-30": {
        "Diluted EPS": -0.13,
        "Total Revenue": 664,
        "Gross Profit": 664,
        "Operating Income": 122,
        "EBIT": 278,
        "Net Income": -6
    },
    "2019-06-30": {
        "Diluted EPS": 1.42,
        "Total Revenue": 649,
        "Gross Profit": 649,
        "Operating Income": 150,
        "EBIT": 230,
        "Net Income": 68
    },
    "2019-03-31": {
        "Diluted EPS": 1.15,
        "Total Revenue": 627,
        "Gross Profit": 627,
        "Operating Income": 127,
        "EBIT": 208,
        "Net Income": 55
    },
    "2018-12-31": {
        "Diluted EPS": 3.22,
        "Total Revenue": 798,
        "Gross Profit": 798,
        "Operating Income": 273,
        "EBIT": 379,
        "Net Income": 153
    },
    "2018-09-30": {
        "Diluted EPS": 2.12,
        "Total Revenue": 693,
        "Gross Profit": 693,
        "Operating Income": 193,
        "EBIT": 275,
        "Net Income": 101
    },
    "2018-06-30": {
        "Diluted EPS": 1.86,
        "Total Revenue": 660,
        "Gross Profit": 660,
        "Operating Income": 174,
        "EBIT": 255,
        "Net Income": 88
    },
    "2018-03-31": {
        "Diluted EPS": 1.01,
        "Total Revenue": 615,
        "Gross Profit": 615,
        "Operating Income": 118,
        "EBIT": 198,
        "Net Income": 48
    },
    "2017-12-31": {
        "Diluted EPS": 8.05,
        "Total Revenue": 654,
        "Gross Profit": 654,
        "Operating Income": 137,
        "EBIT": 240,
        "Net Income": 378
    },
    "2017-09-30": {
        "Diluted EPS": 0.98,
        "Total Revenue": 612,
        "Gross Profit": 612,
        "Operating Income": 126,
        "EBIT": 206,
        "Net Income": 46
    },
    "2017-06-30": {
        "Diluted EPS": 0.91,
        "Total Revenue": 626,
        "Gross Profit": 626,
        "Operating Income": 136,
        "EBIT": 219,
        "Net Income": 44
    },
    "2017-03-31": {
        "Diluted EPS": 0.13,
        "Total Revenue": 540,
        "Gross Profit": 540,
        "Operating Income": 108,
        "EBIT": 195,
        "Net Income": 6
    },
    "2016-12-31": {
        "Diluted EPS": 0.64,
        "Total Revenue": 310,
        "Gross Profit": 310,
        "Operating Income": 92,
        "EBIT": 140,
        "Net Income": 20
    },
    "2016-09-30": {
        "Diluted EPS": 0.78,
        "Total Revenue": 276,
        "Gross Profit": 276,
        "Operating Income": 73,
        "EBIT": 105,
        "Net Income": 25
    },
    "2016-06-30": {
        "Diluted EPS": 0.78,
        "Total Revenue": 262,
        "Gross Profit": 262,
        "Operating Income": 64,
        "EBIT": 95,
        "Net Income": 25
    },
    "2016-03-31": {
        "Diluted EPS": 0.69,
        "Total Revenue": 256,
        "Gross Profit": 256,
        "Operating Income": 58,
        "EBIT": 89,
        "Net Income": 22
    },
    "2015-12-31": {
        "Diluted EPS": 0.85,
        "Total Revenue": 252,
        "Gross Profit": 252,
        "Operating Income": 67,
        "EBIT": 100,
        "Net Income": 27
    },
    "2015-09-30": {
        "Diluted EPS": 0.54,
        "Total Revenue": 223,
        "Gross Profit": 223,
        "Operating Income": 48,
        "EBIT": 79,
        "Net Income": 17
    },
    "2015-06-30": {
        "Diluted EPS": 0.63,
        "Total Revenue": 219,
        "Gross Profit": 219,
        "Operating Income": 53,
        "EBIT": 81,
        "Net Income": 20
    },
    "2015-03-31": {
        "Diluted EPS": 0.4,
        "Total Revenue": 202,
        "Gross Profit": 202,
        "Operating Income": 38,
        "EBIT": 68,
        "Net Income": 13
    },
    "2014-12-31": {
        "Diluted EPS": 0.96,
        "Total Revenue": 193,
        "Gross Profit": 193,
        "Operating Income": 69,
        "EBIT": 89,
        "Net Income": 31
    },
    "2014-09-30": {
        "Diluted EPS": 0.48,
        "Total Revenue": 158,
        "Gross Profit": 158,
        "Operating Income": 42,
        "EBIT": 61,
        "Net Income": 15
    },
    "2014-06-30": {
        "Diluted EPS": 0.34,
        "Total Revenue": 147,
        "Gross Profit": 147,
        "Operating Income": 35,
        "EBIT": 53,
        "Net Income": 11
    },
    "2014-03-31": {
        "Diluted EPS": 0.23,
        "Total Revenue": 134,
        "Gross Profit": 134,
        "Operating Income": 28,
        "EBIT": 46,
        "Net Income": 7
    },
    "2013-12-31": {
        "Diluted EPS": -0.41,
        "Total Revenue": 138,
        "Gross Profit": 138,
        "Operating Income": 32,
        "EBIT": 52,
        "Net Income": -12
    },
    "2013-09-30": {
        "Diluted EPS": 0.11,
        "Total Revenue": 126,
        "Gross Profit": 126,
        "Operating Income": 25,
        "EBIT": 46,
        "Net Income": 4
    },
    "2013-06-30": {
        "Diluted EPS": 0.2,
        "Total Revenue": 126,
        "Gross Profit": 126,
        "Operating Income": 28,
        "EBIT": 47,
        "Net Income": 6
    },
    "2013-03-31": {
        "Diluted EPS": 0.02,
        "Total Revenue": 112,
        "Gross Profit": 112,
        "Operating Income": 18,
        "EBIT": 37,
        "Net Income": 1
    },
    "2012-12-31": {
        "Diluted EPS": 5.16,
        "Total Revenue": 116,
        "Gross Profit": 116,
        "Operating Income": 35,
        "EBIT": 51,
        "Net Income": 161
    },
    "2012-09-30": {
        "Diluted EPS": 0.31,
        "Total Revenue": 90,
        "Gross Profit": 90,
        "Operating Income": 24,
        "EBIT": 38,
        "Net Income": 10
    },
    "2012-06-30": {
        "Diluted EPS": 0.29,
        "Total Revenue": 89,
        "Gross Profit": 89,
        "Operating Income": 23,
        "EBIT": 37,
        "Net Income": 9
    },
    "2012-03-31": {
        "Diluted EPS": 0.1,
        "Total Revenue": 84,
        "Gross Profit": 84,
        "Operating Income": 18,
        "EBIT": 32,
        "Net Income": 3
    },
    "2011-12-31": {
        "Diluted EPS": 0.11,
        "Total Revenue": 86,
        "Gross Profit": 86,
        "Operating Income": 18,
        "EBIT": 32,
        "Net Income": 3
    },
    "2011-09-30": {
        "Diluted EPS": -0.22,
        "Total Revenue": 75,
        "Gross Profit": 75,
        "Operating Income": 8,
        "EBIT": 25,
        "Net Income": -6
    },
    "2011-06-30": {
        "Diluted EPS": -0.09,
        "Total Revenue": 76,
        "Gross Profit": 76,
        "Operating Income": 13,
        "EBIT": 28,
        "Net Income": -3
    },
    "2011-03-31": {
        "Diluted EPS": -0.22,
        "Total Revenue": 70,
        "Gross Profit": 70,
        "Operating Income": 9,
        "EBIT": 23,
        "Net Income": -6
    },
    "2010-12-31": {
        "Diluted EPS": 0.51,
        "Total Revenue": 97,
        "Gross Profit": 97,
        "Operating Income": 31,
        "EBIT": 47,
        "Net Income": 14
    },
    "2010-09-30": {
        "Diluted EPS": -0.11,
        "Total Revenue": 73,
        "Gross Profit": 73,
        "Operating Income": 13,
        "EBIT": 29,
        "Net Income": -3
    },
    "2010-06-30": {
        "Diluted EPS": -0.33,
        "Total Revenue": 75,
        "Gross Profit": 75,
        "Operating Income": 14,
        "EBIT": 30,
        "Net Income": -9
    },
    "2010-03-31": {
        "Diluted EPS": -0.13,
        "Total Revenue": 69,
        "Gross Profit": 69,
        "Operating Income": 10,
        "EBIT": 26,
        "Net Income": -4
    },
    "2009-12-31": {
        "Diluted EPS": 0.04,
        "Total Revenue": 74,
        "Gross Profit": 74,
        "Operating Income": 14,
        "EBIT": 31,
        "Net Income": 1
    },
    "2009-09-30": {
        "Diluted EPS": -0.65,
        "Total Revenue": 60,
        "Gross Profit": 60,
        "Operating Income": -14,
        "EBIT": 22,
        "Net Income": -18
    },
    "2009-06-30": {
        "Diluted EPS": -0.04,
        "Total Revenue": 62,
        "Gross Profit": 62,
        "Operating Income": 9,
        "EBIT": 26,
        "Net Income": -1
    },
    "2009-03-31": {
        "Diluted EPS": 0.21,
        "Total Revenue": 55,
        "Gross Profit": 55,
        "Operating Income": -1,
        "EBIT": 12,
        "Net Income": 6
    },
    "2023-06-30": {
        "Tax Effect Of Unusual Items": NaN,
        "Tax Rate For Calcs": NaN,
        "Normalized EBITDA": NaN,
        "Total Unusual Items": NaN,
        "Total Unusual Items Excluding Goodwill": NaN,
        "Net Income From Continuing Operation Net Minority Interest": NaN,
        "Reconciled Depreciation": NaN,
        "Reconciled Cost Of Revenue": NaN,
        "EBITDA": NaN,
        "EBIT": NaN,
        "Net Interest Income": NaN,
        "Interest Expense": NaN,
        "Normalized Income": NaN,
        "Net Income From Continuing And Discontinued Operation": NaN,
        "Total Expenses": NaN,
        "Total Operating Income As Reported": NaN,
        "Diluted Average Shares": 36314000.0,
        "Basic Average Shares": 35788000.0,
        "Diluted EPS": 2.64,
        "Basic EPS": 2.68,
        "Diluted NI Availto Com Stockholders": NaN,
        "Net Income Common Stockholders": NaN,
        "Net Income": NaN,
        "Minority Interests": NaN,
        "Net Income Including Noncontrolling Interests": NaN,
        "Net Income Continuous Operations": NaN,
        "Tax Provision": NaN,
        "Pretax Income": NaN,
        "Other Income Expense": NaN,
        "Other Non Operating Income Expenses": 10000000.0,
        "Special Income Charges": NaN,
        "Gain On Sale Of Business": NaN,
        "Restructuring And Mergern Acquisition": NaN,
        "Earnings From Equity Interest": NaN,
        "Gain On Sale Of Security": NaN,
        "Net Non Operating Interest Income Expense": NaN,
        "Interest Expense Non Operating": NaN,
        "Operating Income": NaN,
        "Operating Expense": NaN,
        "Depreciation Amortization Depletion Income Statement": NaN,
        "Depreciation And Amortization In Income Statement": NaN,
        "Selling General And Administration": NaN,
        "General And Administrative Expense": 252000000.0,
        "Other Gand A": 262000000.0,
        "Salaries And Wages": -10000000.0,
        "Gross Profit": NaN,
        "Cost Of Revenue": NaN,
        "Total Revenue": NaN,
        "Operating Revenue": NaN
    },
    "2023-09-30": {
        "Tax Effect Of Unusual Items": NaN,
        "Tax Rate For Calcs": NaN,
        "Normalized EBITDA": NaN,
        "Total Unusual Items": 0.0,
        "Total Unusual Items Excluding Goodwill": 0.0,
        "Net Income From Continuing Operation Net Minority Interest": NaN,
        "Reconciled Depreciation": NaN,
        "Reconciled Cost Of Revenue": NaN,
        "EBITDA": NaN,
        "EBIT": NaN,
        "Net Interest Income": NaN,
        "Interest Expense": NaN,
        "Normalized Income": NaN,
        "Net Income From Continuing And Discontinued Operation": NaN,
        "Total Expenses": NaN,
        "Total Operating Income As Reported": NaN,
        "Diluted Average Shares": NaN,
        "Basic Average Shares": NaN,
        "Diluted EPS": NaN,
        "Basic EPS": NaN,
        "Diluted NI Availto Com Stockholders": NaN,
        "Net Income Common Stockholders": NaN,
        "Net Income": NaN,
        "Minority Interests": NaN,
        "Net Income Including Noncontrolling Interests": NaN,
        "Net Income Continuous Operations": NaN,
        "Tax Provision": NaN,
        "Pretax Income": NaN,
        "Other Income Expense": NaN,
        "Other Non Operating Income Expenses": NaN,
        "Special Income Charges": 0.0,
        "Gain On Sale Of Business": NaN,
        "Restructuring And Mergern Acquisition": 0.0,
        "Earnings From Equity Interest": NaN,
        "Gain On Sale Of Security": NaN,
        "Net Non Operating Interest Income Expense": NaN,
        "Interest Expense Non Operating": NaN,
        "Operating Income": NaN,
        "Operating Expense": NaN,
        "Other Operating Expenses": NaN,
        "Depreciation Amortization Depletion Income Statement": NaN,
        "Depreciation And Amortization In Income Statement": NaN,
        "Selling General And Administration": NaN,
        "General And Administrative Expense": 281000000.0,
        "Other Gand A": 281000000.0,
        "Salaries And Wages": -9000000.0,
        "Gross Profit": NaN,
        "Cost Of Revenue": NaN,
        "Total Revenue": NaN,
        "Operating Revenue": NaN
    },
    "2023-12-31": {
        "Tax Effect Of Unusual Items": NaN,
        "Tax Rate For Calcs": NaN,
        "Normalized EBITDA": NaN,
        "Total Unusual Items": -35000000.0,
        "Total Unusual Items Excluding Goodwill": -35000000.0,
        "Net Income From Continuing Operation Net Minority Interest": NaN,
        "Reconciled Depreciation": NaN,
        "Reconciled Cost Of Revenue": NaN,
        "EBITDA": NaN,
        "EBIT": NaN,
        "Net Interest Income": NaN,
        "Interest Expense": NaN,
        "Normalized Income": NaN,
        "Net Income From Continuing And Discontinued Operation": NaN,
        "Total Expenses": NaN,
        "Total Operating Income As Reported": NaN,
        "Diluted Average Shares": NaN,
        "Basic Average Shares": NaN,
        "Diluted EPS": NaN,
        "Basic EPS": NaN,
        "Diluted NI Availto Com Stockholders": NaN,
        "Net Income Common Stockholders": NaN,
        "Otherunder Preferred Stock Dividend": NaN,
        "Net Income": NaN,
        "Minority Interests": NaN,
        "Net Income Including Noncontrolling Interests": NaN,
        "Net Income Continuous Operations": NaN,
        "Tax Provision": NaN,
        "Pretax Income": NaN,
        "Other Income Expense": NaN,
        "Other Non Operating Income Expenses": NaN,
        "Special Income Charges": -35000000.0,
        "Gain On Sale Of Business": NaN,
        "Restructuring And Mergern Acquisition": 0.0,
        "Earnings From Equity Interest": NaN,
        "Gain On Sale Of Security": NaN,
        "Net Non Operating Interest Income Expense": NaN,
        "Interest Expense Non Operating": NaN,
        "Operating Income": NaN,
        "Operating Expense": NaN,
        "Other Operating Expenses": NaN,
        "Depreciation Amortization Depletion Income Statement": NaN,
        "Depreciation And Amortization In Income Statement": NaN,
        "Selling General And Administration": NaN,
        "General And Administrative Expense": NaN,
        "Other Gand A": NaN,
        "Salaries And Wages": NaN,
        "Gross Profit": NaN,
        "Cost Of Revenue": NaN,
        "Total Revenue": NaN,
        "Operating Revenue": NaN
    },
    "2024-03-31": {
        "Tax Effect Of Unusual Items": NaN,
        "Tax Rate For Calcs": NaN,
        "Normalized EBITDA": NaN,
        "Total Unusual Items": 40000000.0,
        "Total Unusual Items Excluding Goodwill": 40000000.0,
        "Net Income From Continuing Operation Net Minority Interest": NaN,
        "Reconciled Depreciation": NaN,
        "Reconciled Cost Of Revenue": NaN,
        "EBITDA": NaN,
        "EBIT": NaN,
        "Net Interest Income": NaN,
        "Interest Expense": NaN,
        "Normalized Income": NaN,
        "Net Income From Continuing And Discontinued Operation": NaN,
        "Total Expenses": NaN,
        "Total Operating Income As Reported": NaN,
        "Diluted Average Shares": NaN,
        "Basic Average Shares": NaN,
        "Diluted EPS": NaN,
        "Basic EPS": NaN,
        "Diluted NI Availto Com Stockholders": NaN,
        "Net Income Common Stockholders": NaN,
        "Otherunder Preferred Stock Dividend": NaN,
        "Net Income": NaN,
        "Minority Interests": NaN,
        "Net Income Including Noncontrolling Interests": NaN,
        "Net Income Continuous Operations": NaN,
        "Tax Provision": NaN,
        "Pretax Income": NaN,
        "Other Income Expense": NaN,
        "Other Non Operating Income Expenses": NaN,
        "Special Income Charges": 40000000.0,
        "Gain On Sale Of Business": 40000000.0,
        "Earnings From Equity Interest": NaN,
        "Gain On Sale Of Security": 40000000.0,
        "Net Non Operating Interest Income Expense": NaN,
        "Interest Expense Non Operating": NaN,
        "Operating Income": NaN,
        "Operating Expense": NaN,
        "Other Operating Expenses": -1000000.0,
        "Depreciation Amortization Depletion Income Statement": NaN,
        "Depreciation And Amortization In Income Statement": NaN,
        "Selling General And Administration": NaN,
        "General And Administrative Expense": 272000000.0,
        "Other Gand A": 272000000.0,
        "Salaries And Wages": -7000000.0,
        "Gross Profit": NaN,
        "Cost Of Revenue": NaN,
        "Total Revenue": NaN,
        "Operating Revenue": NaN
    },
    "2024-06-30": {
        "Tax Effect Of Unusual Items": 0.0,
        "Tax Rate For Calcs": 0.289,
        "Normalized EBITDA": 470000000.0,
        "Total Unusual Items": NaN,
        "Total Unusual Items Excluding Goodwill": NaN,
        "Net Income From Continuing Operation Net Minority Interest": 118000000.0,
        "Reconciled Depreciation": 208000000.0,
        "Reconciled Cost Of Revenue": 552000000.0,
        "EBITDA": 470000000.0,
        "EBIT": 262000000.0,
        "Net Interest Income": -113000000.0,
        "Interest Expense": 113000000.0,
        "Normalized Income": 118000000.0,
        "Net Income From Continuing And Discontinued Operation": 118000000.0,
        "Total Expenses": 1029000000.0,
        "Total Operating Income As Reported": 240000000.0,
        "Diluted Average Shares": 33287000.0,
        "Basic Average Shares": 32816000.0,
        "Diluted EPS": 3.59,
        "Basic EPS": 3.59,
        "Diluted NI Availto Com Stockholders": 118000000.0,
        "Net Income Common Stockholders": 118000000.0,
        "Otherunder Preferred Stock Dividend": 0.0,
        "Net Income": 118000000.0,
        "Minority Interests": 12000000.0,
        "Net Income Including Noncontrolling Interests": 106000000.0,
        "Net Income Continuous Operations": 106000000.0,
        "Tax Provision": 43000000.0,
        "Pretax Income": 149000000.0,
        "Other Income Expense": 22000000.0,
        "Other Non Operating Income Expenses": 6000000.0,
        "Special Income Charges": NaN,
        "Gain On Sale Of Business": NaN,
        "Earnings From Equity Interest": 16000000.0,
        "Gain On Sale Of Security": NaN,
        "Net Non Operating Interest Income Expense": -113000000.0,
        "Interest Expense Non Operating": 113000000.0,
        "Operating Income": 240000000.0,
        "Operating Expense": 477000000.0,
        "Other Operating Expenses": -1000000.0,
        "Depreciation Amortization Depletion Income Statement": 208000000.0,
        "Depreciation And Amortization In Income Statement": 208000000.0,
        "Selling General And Administration": 270000000.0,
        "General And Administrative Expense": 269000000.0,
        "Other Gand A": 269000000.0,
        "Salaries And Wages": -7000000.0,
        "Gross Profit": 717000000.0,
        "Cost Of Revenue": 552000000.0,
        "Total Revenue": 1269000000.0,
        "Operating Revenue": 1256000000.0
    },
    "2024-09-30": {
        "Tax Effect Of Unusual Items": 0.0,
        "Tax Rate For Calcs": 0.262,
        "Normalized EBITDA": 547000000.0,
        "Total Unusual Items": NaN,
        "Total Unusual Items Excluding Goodwill": NaN,
        "Net Income From Continuing Operation Net Minority Interest": 187000000.0,
        "Reconciled Depreciation": 190000000.0,
        "Reconciled Cost Of Revenue": 563000000.0,
        "EBITDA": 547000000.0,
        "EBIT": 357000000.0,
        "Net Interest Income": -113000000.0,
        "Interest Expense": 113000000.0,
        "Normalized Income": 187000000.0,
        "Net Income From Continuing And Discontinued Operation": 187000000.0,
        "Total Expenses": 1031000000.0,
        "Total Operating Income As Reported": 335000000.0,
        "Diluted Average Shares": 32441000.0,
        "Basic Average Shares": 32020000.0,
        "Diluted EPS": 5.27,
        "Basic EPS": 5.34,
        "Diluted NI Availto Com Stockholders": 187000000.0,
        "Net Income Common Stockholders": 187000000.0,
        "Otherunder Preferred Stock Dividend": NaN,
        "Net Income": 187000000.0,
        "Minority Interests": 7000000.0,
        "Net Income Including Noncontrolling Interests": 180000000.0,
        "Net Income Continuous Operations": 180000000.0,
        "Tax Provision": 64000000.0,
        "Pretax Income": 244000000.0,
        "Other Income Expense": 22000000.0,
        "Other Non Operating Income Expenses": 5000000.0,
        "Special Income Charges": NaN,
        "Gain On Sale Of Business": NaN,
        "Earnings From Equity Interest": 17000000.0,
        "Gain On Sale Of Security": NaN,
        "Net Non Operating Interest Income Expense": -113000000.0,
        "Interest Expense Non Operating": 113000000.0,
        "Operating Income": 335000000.0,
        "Operating Expense": 468000000.0,
        "Other Operating Expenses": NaN,
        "Depreciation Amortization Depletion Income Statement": 190000000.0,
        "Depreciation And Amortization In Income Statement": 190000000.0,
        "Selling General And Administration": 278000000.0,
        "General And Administrative Expense": 278000000.0,
        "Other Gand A": 278000000.0,
        "Salaries And Wages": -6000000.0,
        "Gross Profit": 803000000.0,
        "Cost Of Revenue": 563000000.0,
        "Total Revenue": 1366000000.0,
        "Operating Revenue": 1341000000.0
    },
    "2024-12-31": {
        "Tax Effect Of Unusual Items": -7620178.041543,
        "Tax Rate For Calcs": 0.317507,
        "Normalized EBITDA": 685000000.0,
        "Total Unusual Items": -24000000.0,
        "Total Unusual Items Excluding Goodwill": -24000000.0,
        "Net Income From Continuing Operation Net Minority Interest": 242000000.0,
        "Reconciled Depreciation": 220000000.0,
        "Reconciled Cost Of Revenue": 558000000.0,
        "EBITDA": 661000000.0,
        "EBIT": 441000000.0,
        "Net Interest Income": -104000000.0,
        "Interest Expense": 104000000.0,
        "Normalized Income": 258379821.958457,
        "Net Income From Continuing And Discontinued Operation": 242000000.0,
        "Total Expenses": 1046000000.0,
        "Total Operating Income As Reported": 417000000.0,
        "Diluted Average Shares": 31449000.0,
        "Basic Average Shares": 30978000.0,
        "Diluted EPS": 7.56,
        "Basic EPS": 7.68,
        "Diluted NI Availto Com Stockholders": 242000000.0,
        "Net Income Common Stockholders": 242000000.0,
        "Otherunder Preferred Stock Dividend": NaN,
        "Net Income": 242000000.0,
        "Minority Interests": 12000000.0,
        "Net Income Including Noncontrolling Interests": 230000000.0,
        "Net Income Continuous Operations": 230000000.0,
        "Tax Provision": 107000000.0,
        "Pretax Income": 337000000.0,
        "Other Income Expense": 0.0,
        "Other Non Operating Income Expenses": 6000000.0,
        "Special Income Charges": NaN,
        "Gain On Sale Of Business": NaN,
        "Earnings From Equity Interest": 18000000.0,
        "Gain On Sale Of Security": 0.0,
        "Net Non Operating Interest Income Expense": -104000000.0,
        "Interest Expense Non Operating": 104000000.0,
        "Operating Income": 441000000.0,
        "Operating Expense": 488000000.0,
        "Other Operating Expenses": NaN,
        "Depreciation Amortization Depletion Income Statement": 220000000.0,
        "Depreciation And Amortization In Income Statement": 220000000.0,
        "Selling General And Administration": 270000000.0,
        "General And Administrative Expense": NaN,
        "Other Gand A": NaN,
        "Salaries And Wages": NaN,
        "Gross Profit": 929000000.0,
        "Cost Of Revenue": 558000000.0,
        "Total Revenue": 1487000000.0,
        "Operating Revenue": 1536000000.0
    },
    "2025-03-31": {
        "Tax Effect Of Unusual Items": 0.0,
        "Tax Rate For Calcs": 0.297,
        "Normalized EBITDA": 440000000.0,
        "Total Unusual Items": NaN,
        "Total Unusual Items Excluding Goodwill": NaN,
        "Net Income From Continuing Operation Net Minority Interest": 108000000.0,
        "Reconciled Depreciation": 205000000.0,
        "Reconciled Cost Of Revenue": 551000000.0,
        "EBITDA": 440000000.0,
        "EBIT": 235000000.0,
        "Net Interest Income": -97000000.0,
        "Interest Expense": 97000000.0,
        "Normalized Income": 108000000.0,
        "Net Income From Continuing And Discontinued Operation": 108000000.0,
        "Total Expenses": 1014000000.0,
        "Total Operating Income As Reported": 220000000.0,
        "Diluted Average Shares": 30927000.0,
        "Basic Average Shares": 30532000.0,
        "Diluted EPS": 3.37,
        "Basic EPS": 3.41,
        "Diluted NI Availto Com Stockholders": 108000000.0,
        "Net Income Common Stockholders": 108000000.0,
        "Otherunder Preferred Stock Dividend": NaN,
        "Net Income": 108000000.0,
        "Minority Interests": 11000000.0,
        "Net Income Including Noncontrolling Interests": 97000000.0,
        "Net Income Continuous Operations": 97000000.0,
        "Tax Provision": 41000000.0,
        "Pretax Income": 138000000.0,
        "Other Income Expense": 15000000.0,
        "Other Non Operating Income Expenses": 7000000.0,
        "Special Income Charges": NaN,
        "Gain On Sale Of Business": NaN,
        "Earnings From Equity Interest": 8000000.0,
        "Gain On Sale Of Security": NaN,
        "Net Non Operating Interest Income Expense": -97000000.0,
        "Interest Expense Non Operating": 97000000.0,
        "Operating Income": 220000000.0,
        "Operating Expense": 463000000.0,
        "Other Operating Expenses": 1000000.0,
        "Depreciation Amortization Depletion Income Statement": 205000000.0,
        "Depreciation And Amortization In Income Statement": 205000000.0,
        "Selling General And Administration": 257000000.0,
        "General And Administrative Expense": 257000000.0,
        "Other Gand A": 257000000.0,
        "Salaries And Wages": NaN,
        "Gross Profit": 683000000.0,
        "Cost Of Revenue": 551000000.0,
        "Total Revenue": 1234000000.0,
        "Operating Revenue": 1234000000.0
    },
    "2025-06-30": {
        "Tax Effect Of Unusual Items": 0.0,
        "Tax Rate For Calcs": 0.3,
        "Normalized EBITDA": 424000000.0,
        "Total Unusual Items": NaN,
        "Total Unusual Items Excluding Goodwill": NaN,
        "Net Income From Continuing Operation Net Minority Interest": 97000000.0,
        "Reconciled Depreciation": 197000000.0,
        "Reconciled Cost Of Revenue": 557000000.0,
        "EBITDA": 424000000.0,
        "EBIT": 227000000.0,
        "Net Interest Income": -97000000.0,
        "Interest Expense": 97000000.0,
        "Normalized Income": 97000000.0,
        "Net Income From Continuing And Discontinued Operation": 97000000.0,
        "Total Expenses": 1016000000.0,
        "Total Operating Income As Reported": 213000000.0,
        "Diluted Average Shares": 30514000.0,
        "Basic Average Shares": 30221000.0,
        "Diluted EPS": 3.06,
        "Basic EPS": 3.09,
        "Diluted NI Availto Com Stockholders": 93000000.0,
        "Net Income Common Stockholders": 93000000.0,
        "Otherunder Preferred Stock Dividend": 4000000.0,
        "Net Income": 97000000.0,
        "Minority Interests": 6000000.0,
        "Net Income Including Noncontrolling Interests": 91000000.0,
        "Net Income Continuous Operations": 91000000.0,
        "Tax Provision": 39000000.0,
        "Pretax Income": 130000000.0,
        "Other Income Expense": 14000000.0,
        "Other Non Operating Income Expenses": 3000000.0,
        "Special Income Charges": NaN,
        "Gain On Sale Of Business": NaN,
        "Earnings From Equity Interest": 11000000.0,
        "Gain On Sale Of Security": NaN,
        "Net Non Operating Interest Income Expense": -97000000.0,
        "Interest Expense Non Operating": 97000000.0,
        "Operating Income": 213000000.0,
        "Operating Expense": 459000000.0,
        "Other Operating Expenses": NaN,
        "Depreciation Amortization Depletion Income Statement": 197000000.0,
        "Depreciation And Amortization In Income Statement": 197000000.0,
        "Selling General And Administration": 262000000.0,
        "General And Administrative Expense": NaN,
        "Other Gand A": NaN,
        "Salaries And Wages": NaN,
        "Gross Profit": 672000000.0,
        "Cost Of Revenue": 557000000.0,
        "Total Revenue": 1229000000.0,
        "Operating Revenue": 1208000000.0
    }
}