{
    "2023-03-31": {
        "Tax Effect Of Unusual Items": NaN,
        "Tax Rate For Calcs": NaN,
        "Normalized EBITDA": NaN,
        "Total Unusual Items": NaN,
        "Total Unusual Items Excluding Goodwill": NaN,
        "Net Income From Continuing Operation Net Minority Interest": NaN,
        "Reconciled Depreciation": NaN,
        "Reconciled Cost Of Revenue": NaN,
        "EBITDA": NaN,
        "EBIT": NaN,
        "Net Interest Income": NaN,
        "Interest Expense": NaN,
        "Interest Income": NaN,
        "Normalized Income": NaN,
        "Net Income From Continuing And Discontinued Operation": NaN,
        "Total Expenses": NaN,
        "Total Operating Income As Reported": NaN,
        "Diluted Average Shares": NaN,
        "Basic Average Shares": NaN,
        "Diluted EPS": NaN,
        "Basic EPS": NaN,
        "Diluted NI Availto Com Stockholders": NaN,
        "Net Income Common Stockholders": NaN,
        "Net Income": NaN,
        "Net Income Including Noncontrolling Interests": NaN,
        "Net Income Continuous Operations": NaN,
        "Tax Provision": NaN,
        "Pretax Income": NaN,
        "Other Income Expense": NaN,
        "Other Non Operating Income Expenses": NaN,
        "Special Income Charges": NaN,
        "Gain On Sale Of Ppe": NaN,
        "Other Special Charges": NaN,
        "Impairment Of Capital Assets": NaN,
        "Restructuring And Mergern Acquisition": 0.0,
        "Net Non Operating Interest Income Expense": NaN,
        "Interest Expense Non Operating": NaN,
        "Interest Income Non Operating": NaN,
        "Operating Income": NaN,
        "Operating Expense": NaN,
        "Other Operating Expenses": NaN,
        "Depreciation Amortization Depletion Income Statement": NaN,
        "Depreciation And Amortization In Income Statement": NaN,
        "Research And Development": NaN,
        "Selling General And Administration": NaN,
        "Selling And Marketing Expense": NaN,
        "General And Administrative Expense": NaN,
        "Other Gand A": NaN,
        "Salaries And Wages": NaN,
        "Gross Profit": NaN,
        "Cost Of Revenue": NaN,
        "Total Revenue": NaN,
        "Operating Revenue": NaN
    },
    "2022-12-31": {
        "Tax Effect Of Unusual Items": NaN,
        "Tax Rate For Calcs": NaN,
        "Normalized EBITDA": NaN,
        "Total Unusual Items": NaN,
        "Total Unusual Items Excluding Goodwill": NaN,
        "Net Income From Continuing Operation Net Minority Interest": NaN,
        "Reconciled Depreciation": NaN,
        "Reconciled Cost Of Revenue": NaN,
        "EBITDA": NaN,
        "EBIT": NaN,
        "Net Interest Income": NaN,
        "Interest Expense": NaN,
        "Interest Income": NaN,
        "Normalized Income": NaN,
        "Net Income From Continuing And Discontinued Operation": NaN,
        "Total Expenses": NaN,
        "Total Operating Income As Reported": NaN,
        "Diluted Average Shares": NaN,
        "Basic Average Shares": NaN,
        "Diluted EPS": NaN,
        "Basic EPS": NaN,
        "Diluted NI Availto Com Stockholders": NaN,
        "Net Income Common Stockholders": NaN,
        "Net Income": NaN,
        "Net Income Including Noncontrolling Interests": NaN,
        "Net Income Continuous Operations": NaN,
        "Tax Provision": NaN,
        "Pretax Income": NaN,
        "Other Income Expense": NaN,
        "Other Non Operating Income Expenses": NaN,
        "Special Income Charges": NaN,
        "Gain On Sale Of Ppe": 0.0,
        "Other Special Charges": NaN,
        "Impairment Of Capital Assets": NaN,
        "Restructuring And Mergern Acquisition": 0.0,
        "Net Non Operating Interest Income Expense": NaN,
        "Interest Expense Non Operating": NaN,
        "Interest Income Non Operating": NaN,
        "Operating Income": NaN,
        "Operating Expense": NaN,
        "Other Operating Expenses": NaN,
        "Depreciation Amortization Depletion Income Statement": NaN,
        "Depreciation And Amortization In Income Statement": NaN,
        "Research And Development": NaN,
        "Selling General And Administration": NaN,
        "Selling And Marketing Expense": NaN,
        "General And Administrative Expense": NaN,
        "Other Gand A": NaN,
        "Salaries And Wages": NaN,
        "Gross Profit": NaN,
        "Cost Of Revenue": NaN,
        "Total Revenue": NaN,
        "Operating Revenue": NaN
    },
    "2022-09-30": {
        "Tax Effect Of Unusual Items": NaN,
        "Tax Rate For Calcs": NaN,
        "Normalized EBITDA": NaN,
        "Total Unusual Items": NaN,
        "Total Unusual Items Excluding Goodwill": NaN,
        "Net Income From Continuing Operation Net Minority Interest": NaN,
        "Reconciled Depreciation": NaN,
        "Reconciled Cost Of Revenue": NaN,
        "EBITDA": NaN,
        "EBIT": NaN,
        "Net Interest Income": NaN,
        "Interest Expense": NaN,
        "Interest Income": NaN,
        "Normalized Income": NaN,
        "Net Income From Continuing And Discontinued Operation": NaN,
        "Total Expenses": NaN,
        "Total Operating Income As Reported": NaN,
        "Diluted Average Shares": NaN,
        "Basic Average Shares": NaN,
        "Diluted EPS": NaN,
        "Basic EPS": NaN,
        "Diluted NI Availto Com Stockholders": NaN,
        "Net Income Common Stockholders": NaN,
        "Net Income": NaN,
        "Net Income Including Noncontrolling Interests": NaN,
        "Net Income Continuous Operations": NaN,
        "Tax Provision": NaN,
        "Pretax Income": NaN,
        "Other Income Expense": NaN,
        "Other Non Operating Income Expenses": NaN,
        "Special Income Charges": NaN,
        "Gain On Sale Of Ppe": 0.0,
        "Other Special Charges": -7127000.0,
        "Impairment Of Capital Assets": 0.0,
        "Restructuring And Mergern Acquisition": NaN,
        "Earnings From Equity Interest": 0.0,
        "Net Non Operating Interest Income Expense": NaN,
        "Interest Expense Non Operating": NaN,
        "Interest Income Non Operating": NaN,
        "Operating Income": NaN,
        "Operating Expense": NaN,
        "Other Operating Expenses": -7127000.0,
        "Depreciation Amortization Depletion Income Statement": NaN,
        "Depreciation And Amortization In Income Statement": NaN,
        "Research And Development": NaN,
        "Selling General And Administration": NaN,
        "Selling And Marketing Expense": NaN,
        "General And Administrative Expense": NaN,
        "Other Gand A": NaN,
        "Salaries And Wages": -7127000.0,
        "Gross Profit": NaN,
        "Cost Of Revenue": NaN,
        "Total Revenue": NaN,
        "Operating Revenue": NaN
    },
    "2022-06-30": {
        "Tax Effect Of Unusual Items": 9549333.0,
        "Tax Rate For Calcs": 0.279,
        "Normalized EBITDA": 72276000.0,
        "Total Unusual Items": 34227000.0,
        "Total Unusual Items Excluding Goodwill": 34227000.0,
        "Net Income From Continuing Operation Net Minority Interest": 61777000.0,
        "Reconciled Depreciation": 20284000.0,
        "Reconciled Cost Of Revenue": 301003000.0,
        "EBITDA": 106503000.0,
        "EBIT": 85799000.0,
        "Net Interest Income": 1377000.0,
        "Interest Expense": 158000.0,
        "Interest Income": 1535000.0,
        "Normalized Income": 37099333.0,
        "Net Income From Continuing And Discontinued Operation": 61777000.0,
        "Total Expenses": 504019000.0,
        "Total Operating Income As Reported": 51661000.0,
        "Diluted Average Shares": 167636000.0,
        "Basic Average Shares": 167636000.0,
        "Diluted EPS": 0.37,
        "Basic EPS": 0.37,
        "Diluted NI Availto Com Stockholders": 61777000.0,
        "Net Income Common Stockholders": 61777000.0,
        "Net Income": 61777000.0,
        "Net Income Including Noncontrolling Interests": 61777000.0,
        "Net Income Continuous Operations": 61777000.0,
        "Tax Provision": 23864000.0,
        "Pretax Income": 85641000.0,
        "Other Income Expense": 32603000.0,
        "Other Non Operating Income Expenses": -1624000.0,
        "Special Income Charges": 34227000.0,
        "Gain On Sale Of Ppe": 34227000.0,
        "Other Special Charges": NaN,
        "Write Off": NaN,
        "Impairment Of Capital Assets": NaN,
        "Restructuring And Mergern Acquisition": 0.0,
        "Earnings From Equity Interest": NaN,
        "Net Non Operating Interest Income Expense": 1377000.0,
        "Total Other Finance Cost": NaN,
        "Interest Expense Non Operating": 158000.0,
        "Interest Income Non Operating": 1535000.0,
        "Operating Income": 51661000.0,
        "Operating Expense": 203436000.0,
        "Depreciation Amortization Depletion Income Statement": 20704000.0,
        "Depreciation And Amortization In Income Statement": 20704000.0,
        "Research And Development": 50822000.0,
        "Selling General And Administration": 131910000.0,
        "Selling And Marketing Expense": 62769000.0,
        "General And Administrative Expense": 69141000.0,
        "Other Gand A": 69141000.0,
        "Gross Profit": 255097000.0,
        "Cost Of Revenue": 300583000.0,
        "Total Revenue": 555680000.0,
        "Operating Revenue": 500998000.0
    },
    "2022-03-31": {
        "Diluted EPS": 0.03,
        "Total Revenue": 537,
        "Gross Profit": 256,
        "Operating Income": 6,
        "EBIT": 30,
        "Net Income": 5
    },
    "2021-12-31": {
        "Diluted EPS": 0.43,
        "Total Revenue": 594,
        "Gross Profit": 314,
        "Operating Income": 94,
        "EBIT": 111,
        "Net Income": 70
    },
    "2021-09-30": {
        "Diluted EPS": 0.32,
        "Total Revenue": 509,
        "Gross Profit": 252,
        "Operating Income": 49,
        "EBIT": 66,
        "Net Income": 55
    },
    "2021-06-30": {
        "Diluted EPS": 0.32,
        "Total Revenue": 498,
        "Gross Profit": 247,
        "Operating Income": 73,
        "EBIT": 90,
        "Net Income": 54
    },
    "2021-03-31": {
        "Diluted EPS": 0.24,
        "Total Revenue": 473,
        "Gross Profit": 222,
        "Operating Income": 52,
        "EBIT": 69,
        "Net Income": 41
    },
    "2020-12-31": {
        "Diluted EPS": 0.06,
        "Total Revenue": 509,
        "Gross Profit": 259,
        "Operating Income": 81,
        "EBIT": 98,
        "Net Income": 10
    },
    "2020-09-30": {
        "Diluted EPS": 0.2,
        "Total Revenue": 427,
        "Gross Profit": 191,
        "Operating Income": 40,
        "EBIT": 57,
        "Net Income": 34
    },
    "2020-06-30": {
        "Diluted EPS": 0.14,
        "Total Revenue": 404,
        "Gross Profit": 174,
        "Operating Income": 29,
        "EBIT": 47,
        "Net Income": 24
    },
    "2020-03-31": {
        "Diluted EPS": 0.2,
        "Total Revenue": 444,
        "Gross Profit": 200,
        "Operating Income": 27,
        "EBIT": 45,
        "Net Income": 33
    },
    "2019-12-31": {
        "Diluted EPS": 0.4,
        "Total Revenue": 508,
        "Gross Profit": 250,
        "Operating Income": 78,
        "EBIT": 95,
        "Net Income": 68
    },
    "2019-09-30": {
        "Diluted EPS": 0.1,
        "Total Revenue": 429,
        "Gross Profit": 183,
        "Operating Income": 25,
        "EBIT": 42,
        "Net Income": 16
    },
    "2019-06-30": {
        "Diluted EPS": 0.15,
        "Total Revenue": 436,
        "Gross Profit": 191,
        "Operating Income": 38,
        "EBIT": 55,
        "Net Income": 25
    },
    "2019-03-31": {
        "Diluted EPS": 0.18,
        "Total Revenue": 439,
        "Gross Profit": 200,
        "Operating Income": 35,
        "EBIT": 51,
        "Net Income": 30
    },
    "2018-12-31": {
        "Diluted EPS": 0.33,
        "Total Revenue": 503,
        "Gross Profit": -252,
        "Operating Income": 75,
        "EBIT": 90,
        "Net Income": 55
    },
    "2018-09-30": {
        "Diluted EPS": 0.15,
        "Total Revenue": 417,
        "Gross Profit": 350,
        "Operating Income": 41,
        "EBIT": 56,
        "Net Income": 25
    },
    "2018-06-30": {
        "Diluted EPS": 0.14,
        "Total Revenue": 415,
        "Gross Profit": 351,
        "Operating Income": 40,
        "EBIT": 54,
        "Net Income": 24
    },
    "2018-03-31": {
        "Diluted EPS": 0.13,
        "Total Revenue": 414,
        "Gross Profit": 352,
        "Operating Income": 34,
        "EBIT": 49,
        "Net Income": 22
    },
    "2017-12-31": {
        "Diluted EPS": -0.34,
        "Total Revenue": 484,
        "Gross Profit": 415,
        "Operating Income": 90,
        "EBIT": 105,
        "Net Income": -57
    },
    "2017-09-30": {
        "Diluted EPS": 0.2,
        "Total Revenue": 386,
        "Gross Profit": 326,
        "Operating Income": 32,
        "EBIT": 47,
        "Net Income": 32
    },
    "2017-06-30": {
        "Diluted EPS": 0.09,
        "Total Revenue": 407,
        "Gross Profit": 346,
        "Operating Income": 26,
        "EBIT": 42,
        "Net Income": 16
    },
    "2017-03-31": {
        "Diluted EPS": 0.08,
        "Total Revenue": 399,
        "Gross Profit": 337,
        "Operating Income": 28,
        "EBIT": 44,
        "Net Income": 13
    },
    "2016-12-31": {
        "Diluted EPS": 0.23,
        "Total Revenue": 440,
        "Gross Profit": 368,
        "Operating Income": 67,
        "EBIT": 82,
        "Net Income": 37
    },
    "2016-09-30": {
        "Diluted EPS": 0.0,
        "Total Revenue": 364,
        "Gross Profit": 298,
        "Operating Income": 9,
        "EBIT": 24,
        "Net Income": 0
    },
    "2016-06-30": {
        "Diluted EPS": 0.0,
        "Total Revenue": 373,
        "Gross Profit": 311,
        "Operating Income": 9,
        "EBIT": 24,
        "Net Income": 0
    },
    "2016-03-31": {
        "Diluted EPS": -0.05,
        "Total Revenue": 380,
        "Gross Profit": 314,
        "Operating Income": 28,
        "EBIT": 43,
        "Net Income": -8
    },
    "2015-12-31": {
        "Diluted EPS": 0.31,
        "Total Revenue": 445,
        "Gross Profit": 374,
        "Operating Income": 88,
        "EBIT": 103,
        "Net Income": 52
    },
    "2015-09-30": {
        "Diluted EPS": 0.06,
        "Total Revenue": 367,
        "Gross Profit": 304,
        "Operating Income": 22,
        "EBIT": 37,
        "Net Income": 9
    },
    "2015-06-30": {
        "Diluted EPS": 0.1,
        "Total Revenue": 383,
        "Gross Profit": 319,
        "Operating Income": 38,
        "EBIT": 54,
        "Net Income": 16
    },
    "2015-03-31": {
        "Diluted EPS": -0.09,
        "Total Revenue": 384,
        "Gross Profit": 318,
        "Operating Income": -11,
        "EBIT": 4,
        "Net Income": -14
    },
    "2014-12-31": {
        "Diluted EPS": 0.21,
        "Total Revenue": 445,
        "Gross Profit": 369,
        "Operating Income": 62,
        "EBIT": 83,
        "Net Income": 35
    },
    "2014-09-30": {
        "Diluted EPS": -0.08,
        "Total Revenue": 365,
        "Gross Profit": 294,
        "Operating Income": -9,
        "EBIT": 10,
        "Net Income": -12
    },
    "2014-06-30": {
        "Diluted EPS": 0.06,
        "Total Revenue": 389,
        "Gross Profit": 319,
        "Operating Income": 16,
        "EBIT": 36,
        "Net Income": 9
    },
    "2014-03-31": {
        "Diluted EPS": 0.01,
        "Total Revenue": 390,
        "Gross Profit": 320,
        "Operating Income": 22,
        "EBIT": 42,
        "Net Income": 2
    },
    "2013-12-31": {
        "Diluted EPS": 0.42,
        "Total Revenue": 444,
        "Gross Profit": 364,
        "Operating Income": 69,
        "EBIT": 90,
        "Net Income": 66
    },
    "2013-09-30": {
        "Diluted EPS": -0.16,
        "Total Revenue": 362,
        "Gross Profit": 292,
        "Operating Income": 13,
        "EBIT": 34,
        "Net Income": -24
    },
    "2013-06-30": {
        "Diluted EPS": 0.13,
        "Total Revenue": 391,
        "Gross Profit": 319,
        "Operating Income": 46,
        "EBIT": 68,
        "Net Income": 20
    },
    "2013-03-31": {
        "Diluted EPS": 0.02,
        "Total Revenue": 381,
        "Gross Profit": 307,
        "Operating Income": 28,
        "EBIT": 50,
        "Net Income": 4
    },
    "2012-12-31": {
        "Diluted EPS": 1.18,
        "Total Revenue": 275,
        "Gross Profit": 221,
        "Operating Income": 38,
        "EBIT": 59,
        "Net Income": 179
    },
    "2012-09-30": {
        "Diluted EPS": 0.02,
        "Total Revenue": 355,
        "Gross Profit": 279,
        "Operating Income": 9,
        "EBIT": 34,
        "Net Income": 3
    },
    "2012-06-30": {
        "Diluted EPS": -0.59,
        "Total Revenue": 490,
        "Gross Profit": 394,
        "Operating Income": 44,
        "EBIT": 69,
        "Net Income": -88
    },
    "2012-03-31": {
        "Diluted EPS": 0.28,
        "Total Revenue": 475,
        "Gross Profit": 381,
        "Operating Income": 13,
        "EBIT": 45,
        "Net Income": 42
    },
    "2011-12-31": {
        "Diluted EPS": 0.39,
        "Total Revenue": 643,
        "Gross Profit": 618,
        "Operating Income": 107,
        "EBIT": 136,
        "Net Income": 59
    },
    "2011-09-30": {
        "Diluted EPS": 0.1,
        "Total Revenue": 452,
        "Gross Profit": 357,
        "Operating Income": 21,
        "EBIT": 50,
        "Net Income": 16
    },
    "2011-06-30": {
        "Diluted EPS": -0.81,
        "Total Revenue": 512,
        "Gross Profit": 410,
        "Operating Income": 31,
        "EBIT": 61,
        "Net Income": -120
    },
    "2011-03-31": {
        "Diluted EPS": 0.04,
        "Total Revenue": 501,
        "Gross Profit": 398,
        "Operating Income": 26,
        "EBIT": 55,
        "Net Income": 5
    },
    "2010-12-31": {
        "Diluted EPS": 0.44,
        "Total Revenue": 662,
        "Gross Profit": 615,
        "Operating Income": 112,
        "EBIT": 142,
        "Net Income": 67
    },
    "2010-09-30": {
        "Diluted EPS": -0.03,
        "Total Revenue": 554,
        "Gross Profit": 441,
        "Operating Income": 9,
        "EBIT": 39,
        "Net Income": -4
    },
    "2010-06-30": {
        "Diluted EPS": 0.21,
        "Total Revenue": 590,
        "Gross Profit": 477,
        "Operating Income": 61,
        "EBIT": 91,
        "Net Income": 32
    },
    "2010-03-31": {
        "Diluted EPS": 0.08,
        "Total Revenue": 588,
        "Gross Profit": 476,
        "Operating Income": 53,
        "EBIT": 83,
        "Net Income": 13
    },
    "2009-12-31": {
        "Diluted EPS": 0.64,
        "Total Revenue": 681,
        "Gross Profit": 564,
        "Operating Income": 136,
        "EBIT": 167,
        "Net Income": 91
    },
    "2009-09-30": {
        "Diluted EPS": -0.25,
        "Total Revenue": 569,
        "Gross Profit": 458,
        "Operating Income": -24,
        "EBIT": 8,
        "Net Income": -36
    },
    "2009-06-30": {
        "Diluted EPS": 0.27,
        "Total Revenue": 583,
        "Gross Profit": 460,
        "Operating Income": 23,
        "EBIT": 58,
        "Net Income": 39
    },
    "2009-03-31": {
        "Diluted EPS": -0.52,
        "Total Revenue": 607,
        "Gross Profit": 463,
        "Operating Income": -62,
        "EBIT": -25,
        "Net Income": -74
    },
    "2023-06-30": {
        "Tax Effect Of Unusual Items": NaN,
        "Tax Rate For Calcs": NaN,
        "Normalized EBITDA": NaN,
        "Total Unusual Items": NaN,
        "Total Unusual Items Excluding Goodwill": NaN,
        "Net Income From Continuing Operation Net Minority Interest": NaN,
        "Reconciled Depreciation": NaN,
        "Reconciled Cost Of Revenue": NaN,
        "EBITDA": NaN,
        "EBIT": NaN,
        "Net Interest Income": NaN,
        "Interest Expense": NaN,
        "Interest Income": NaN,
        "Normalized Income": NaN,
        "Net Income From Continuing And Discontinued Operation": NaN,
        "Total Expenses": NaN,
        "Total Operating Income As Reported": NaN,
        "Diluted Average Shares": NaN,
        "Basic Average Shares": NaN,
        "Diluted EPS": NaN,
        "Basic EPS": NaN,
        "Diluted NI Availto Com Stockholders": NaN,
        "Net Income Common Stockholders": NaN,
        "Net Income": NaN,
        "Net Income Including Noncontrolling Interests": NaN,
        "Net Income Continuous Operations": NaN,
        "Tax Provision": NaN,
        "Pretax Income": NaN,
        "Other Income Expense": NaN,
        "Other Non Operating Income Expenses": NaN,
        "Special Income Charges": NaN,
        "Gain On Sale Of Ppe": 0.0,
        "Other Special Charges": NaN,
        "Impairment Of Capital Assets": 12736000.0,
        "Restructuring And Mergern Acquisition": 0.0,
        "Net Non Operating Interest Income Expense": NaN,
        "Interest Expense Non Operating": NaN,
        "Interest Income Non Operating": NaN,
        "Operating Income": NaN,
        "Operating Expense": NaN,
        "Other Operating Expenses": NaN,
        "Depreciation Amortization Depletion Income Statement": NaN,
        "Depreciation And Amortization In Income Statement": NaN,
        "Research And Development": NaN,
        "Selling General And Administration": NaN,
        "Selling And Marketing Expense": NaN,
        "General And Administrative Expense": NaN,
        "Other Gand A": NaN,
        "Salaries And Wages": NaN,
        "Gross Profit": NaN,
        "Cost Of Revenue": NaN,
        "Total Revenue": NaN,
        "Operating Revenue": NaN
    },
    "2023-09-30": {
        "Tax Effect Of Unusual Items": NaN,
        "Tax Rate For Calcs": NaN,
        "Normalized EBITDA": NaN,
        "Total Unusual Items": NaN,
        "Total Unusual Items Excluding Goodwill": NaN,
        "Net Income From Continuing Operation Net Minority Interest": NaN,
        "Reconciled Depreciation": NaN,
        "Reconciled Cost Of Revenue": NaN,
        "EBITDA": NaN,
        "EBIT": NaN,
        "Net Interest Income": NaN,
        "Interest Expense": NaN,
        "Interest Income": NaN,
        "Normalized Income": NaN,
        "Net Income From Continuing And Discontinued Operation": NaN,
        "Total Expenses": NaN,
        "Total Operating Income As Reported": NaN,
        "Diluted Average Shares": NaN,
        "Basic Average Shares": NaN,
        "Diluted EPS": NaN,
        "Basic EPS": NaN,
        "Diluted NI Availto Com Stockholders": NaN,
        "Net Income Common Stockholders": NaN,
        "Net Income": NaN,
        "Net Income Including Noncontrolling Interests": NaN,
        "Net Income Continuous Operations": NaN,
        "Tax Provision": NaN,
        "Pretax Income": NaN,
        "Other Income Expense": NaN,
        "Other Non Operating Income Expenses": NaN,
        "Special Income Charges": NaN,
        "Gain On Sale Of Ppe": 0.0,
        "Other Special Charges": NaN,
        "Impairment Of Capital Assets": 2503000.0,
        "Restructuring And Mergern Acquisition": 0.0,
        "Net Non Operating Interest Income Expense": NaN,
        "Interest Expense Non Operating": NaN,
        "Interest Income Non Operating": NaN,
        "Operating Income": NaN,
        "Operating Expense": NaN,
        "Other Operating Expenses": -2273000.0,
        "Depreciation Amortization Depletion Income Statement": NaN,
        "Depreciation And Amortization In Income Statement": NaN,
        "Research And Development": NaN,
        "Selling General And Administration": NaN,
        "Selling And Marketing Expense": NaN,
        "General And Administrative Expense": NaN,
        "Other Gand A": NaN,
        "Salaries And Wages": -2273000.0,
        "Gross Profit": NaN,
        "Cost Of Revenue": NaN,
        "Total Revenue": NaN,
        "Operating Revenue": NaN
    },
    "2023-12-31": {
        "Tax Effect Of Unusual Items": NaN,
        "Tax Rate For Calcs": NaN,
        "Normalized EBITDA": NaN,
        "Total Unusual Items": NaN,
        "Total Unusual Items Excluding Goodwill": NaN,
        "Net Income From Continuing Operation Net Minority Interest": NaN,
        "Reconciled Depreciation": NaN,
        "Reconciled Cost Of Revenue": NaN,
        "EBITDA": NaN,
        "EBIT": NaN,
        "Net Interest Income": NaN,
        "Interest Expense": NaN,
        "Interest Income": NaN,
        "Normalized Income": NaN,
        "Net Income From Continuing And Discontinued Operation": NaN,
        "Total Expenses": NaN,
        "Total Operating Income As Reported": NaN,
        "Diluted Average Shares": NaN,
        "Basic Average Shares": NaN,
        "Diluted EPS": NaN,
        "Basic EPS": NaN,
        "Diluted NI Availto Com Stockholders": NaN,
        "Net Income Common Stockholders": NaN,
        "Net Income": NaN,
        "Net Income Including Noncontrolling Interests": NaN,
        "Net Income Continuous Operations": NaN,
        "Tax Provision": NaN,
        "Pretax Income": NaN,
        "Other Income Expense": NaN,
        "Other Non Operating Income Expenses": NaN,
        "Special Income Charges": NaN,
        "Gain On Sale Of Ppe": 0.0,
        "Other Special Charges": NaN,
        "Impairment Of Capital Assets": NaN,
        "Restructuring And Mergern Acquisition": 0.0,
        "Net Non Operating Interest Income Expense": NaN,
        "Interest Expense Non Operating": NaN,
        "Interest Income Non Operating": NaN,
        "Operating Income": NaN,
        "Operating Expense": NaN,
        "Depreciation Amortization Depletion Income Statement": NaN,
        "Depreciation And Amortization In Income Statement": NaN,
        "Research And Development": NaN,
        "Selling General And Administration": NaN,
        "Selling And Marketing Expense": NaN,
        "General And Administrative Expense": NaN,
        "Other Gand A": NaN,
        "Salaries And Wages": NaN,
        "Gross Profit": NaN,
        "Cost Of Revenue": NaN,
        "Total Revenue": NaN,
        "Operating Revenue": NaN
    },
    "2024-03-31": {
        "Tax Effect Of Unusual Items": -270782.175905,
        "Tax Rate For Calcs": 0.273794,
        "Normalized EBITDA": 79822000.0,
        "Total Unusual Items": -989000.0,
        "Total Unusual Items Excluding Goodwill": -989000.0,
        "Net Income From Continuing Operation Net Minority Interest": 40417000.0,
        "Reconciled Depreciation": 22927000.0,
        "Reconciled Cost Of Revenue": 314646000.0,
        "EBITDA": 78833000.0,
        "EBIT": 55906000.0,
        "Net Interest Income": 8387000.0,
        "Interest Expense": 251000.0,
        "Interest Income": 8638000.0,
        "Normalized Income": 41135217.824095,
        "Net Income From Continuing And Discontinued Operation": 40417000.0,
        "Total Expenses": 544707000.0,
        "Total Operating Income As Reported": 48319000.0,
        "Diluted Average Shares": 165630000.0,
        "Basic Average Shares": 164632000.0,
        "Diluted EPS": 0.24,
        "Basic EPS": 0.25,
        "Diluted NI Availto Com Stockholders": 40417000.0,
        "Net Income Common Stockholders": 40417000.0,
        "Net Income": 40417000.0,
        "Net Income Including Noncontrolling Interests": 40417000.0,
        "Net Income Continuous Operations": 40417000.0,
        "Tax Provision": 15238000.0,
        "Pretax Income": 55655000.0,
        "Other Income Expense": -2040000.0,
        "Other Non Operating Income Expenses": -1051000.0,
        "Special Income Charges": -989000.0,
        "Gain On Sale Of Ppe": NaN,
        "Other Special Charges": 989000.0,
        "Impairment Of Capital Assets": NaN,
        "Restructuring And Mergern Acquisition": NaN,
        "Net Non Operating Interest Income Expense": 8387000.0,
        "Interest Expense Non Operating": 251000.0,
        "Interest Income Non Operating": 8638000.0,
        "Operating Income": 49308000.0,
        "Operating Expense": 227840000.0,
        "Depreciation Amortization Depletion Income Statement": 20706000.0,
        "Depreciation And Amortization In Income Statement": 20706000.0,
        "Research And Development": 63185000.0,
        "Selling General And Administration": 143949000.0,
        "Selling And Marketing Expense": 65134000.0,
        "General And Administrative Expense": 78815000.0,
        "Other Gand A": 78815000.0,
        "Salaries And Wages": NaN,
        "Gross Profit": 277148000.0,
        "Cost Of Revenue": 316867000.0,
        "Total Revenue": 594015000.0,
        "Operating Revenue": 532716000.0
    },
    "2024-06-30": {
        "Tax Effect Of Unusual Items": NaN,
        "Tax Rate For Calcs": NaN,
        "Normalized EBITDA": NaN,
        "Total Unusual Items": NaN,
        "Total Unusual Items Excluding Goodwill": NaN,
        "Net Income From Continuing Operation Net Minority Interest": NaN,
        "Reconciled Depreciation": NaN,
        "Reconciled Cost Of Revenue": NaN,
        "EBITDA": NaN,
        "EBIT": NaN,
        "Net Interest Income": NaN,
        "Interest Expense": NaN,
        "Interest Income": NaN,
        "Normalized Income": NaN,
        "Net Income From Continuing And Discontinued Operation": NaN,
        "Total Expenses": NaN,
        "Total Operating Income As Reported": NaN,
        "Diluted Average Shares": NaN,
        "Basic Average Shares": NaN,
        "Diluted EPS": NaN,
        "Basic EPS": NaN,
        "Diluted NI Availto Com Stockholders": NaN,
        "Net Income Common Stockholders": NaN,
        "Net Income": NaN,
        "Net Income Including Noncontrolling Interests": NaN,
        "Net Income Continuous Operations": NaN,
        "Tax Provision": NaN,
        "Pretax Income": NaN,
        "Other Income Expense": NaN,
        "Other Non Operating Income Expenses": NaN,
        "Special Income Charges": NaN,
        "Other Special Charges": NaN,
        "Write Off": NaN,
        "Impairment Of Capital Assets": 0.0,
        "Net Non Operating Interest Income Expense": NaN,
        "Interest Expense Non Operating": NaN,
        "Interest Income Non Operating": NaN,
        "Operating Income": NaN,
        "Operating Expense": NaN,
        "Depreciation Amortization Depletion Income Statement": NaN,
        "Depreciation And Amortization In Income Statement": NaN,
        "Research And Development": NaN,
        "Selling General And Administration": NaN,
        "Selling And Marketing Expense": NaN,
        "General And Administrative Expense": NaN,
        "Other Gand A": NaN,
        "Salaries And Wages": 0.0,
        "Gross Profit": NaN,
        "Cost Of Revenue": NaN,
        "Total Revenue": NaN,
        "Operating Revenue": NaN
    },
    "2024-09-30": {
        "Tax Effect Of Unusual Items": -1136520.0,
        "Tax Rate For Calcs": 0.246,
        "Normalized EBITDA": 112857000.0,
        "Total Unusual Items": -4620000.0,
        "Total Unusual Items Excluding Goodwill": -4620000.0,
        "Net Income From Continuing Operation Net Minority Interest": 64143000.0,
        "Reconciled Depreciation": 22934000.0,
        "Reconciled Cost Of Revenue": 329527000.0,
        "EBITDA": 108237000.0,
        "EBIT": 85303000.0,
        "Net Interest Income": 9366000.0,
        "Interest Expense": 260000.0,
        "Interest Income": 9626000.0,
        "Normalized Income": 67626480.0,
        "Net Income From Continuing And Discontinued Operation": 64143000.0,
        "Total Expenses": 558831000.0,
        "Total Operating Income As Reported": 76727000.0,
        "Diluted Average Shares": 165847000.0,
        "Basic Average Shares": 164419000.0,
        "Diluted EPS": 0.39,
        "Basic EPS": 0.39,
        "Diluted NI Availto Com Stockholders": 64143000.0,
        "Net Income Common Stockholders": 64143000.0,
        "Net Income": 64143000.0,
        "Net Income Including Noncontrolling Interests": 64143000.0,
        "Net Income Continuous Operations": 64143000.0,
        "Tax Provision": 20900000.0,
        "Pretax Income": 85043000.0,
        "Other Income Expense": -5670000.0,
        "Other Non Operating Income Expenses": -1050000.0,
        "Special Income Charges": -4620000.0,
        "Other Special Charges": 4620000.0,
        "Write Off": NaN,
        "Impairment Of Capital Assets": 0.0,
        "Net Non Operating Interest Income Expense": 9366000.0,
        "Interest Expense Non Operating": 260000.0,
        "Interest Income Non Operating": 9626000.0,
        "Operating Income": 81347000.0,
        "Operating Expense": 226992000.0,
        "Depreciation Amortization Depletion Income Statement": 20622000.0,
        "Depreciation And Amortization In Income Statement": 20622000.0,
        "Research And Development": 61030000.0,
        "Selling General And Administration": 145340000.0,
        "Selling And Marketing Expense": 69131000.0,
        "General And Administrative Expense": 76209000.0,
        "Other Gand A": 76209000.0,
        "Salaries And Wages": 0.0,
        "Gross Profit": 308339000.0,
        "Cost Of Revenue": 331839000.0,
        "Total Revenue": 640178000.0,
        "Operating Revenue": 571697000.0
    },
    "2024-12-31": {
        "Tax Effect Of Unusual Items": -657854.152478,
        "Tax Rate For Calcs": 0.205067,
        "Normalized EBITDA": 182490000.0,
        "Total Unusual Items": -3208000.0,
        "Total Unusual Items Excluding Goodwill": -3208000.0,
        "Net Income From Continuing Operation Net Minority Interest": 123725000.0,
        "Reconciled Depreciation": 23386000.0,
        "Reconciled Cost Of Revenue": 335719000.0,
        "EBITDA": 179282000.0,
        "EBIT": 155896000.0,
        "Net Interest Income": 10036000.0,
        "Interest Expense": 254000.0,
        "Interest Income": 10290000.0,
        "Normalized Income": 126275145.847522,
        "Net Income From Continuing And Discontinued Operation": 123725000.0,
        "Total Expenses": 579761000.0,
        "Total Operating Income As Reported": 146640000.0,
        "Diluted Average Shares": 165312000.0,
        "Basic Average Shares": 164093000.0,
        "Diluted EPS": 0.75,
        "Basic EPS": 0.75,
        "Diluted NI Availto Com Stockholders": 123725000.0,
        "Net Income Common Stockholders": 123725000.0,
        "Net Income": 123725000.0,
        "Net Income Including Noncontrolling Interests": 123725000.0,
        "Net Income Continuous Operations": 123725000.0,
        "Tax Provision": 31917000.0,
        "Pretax Income": 155642000.0,
        "Other Income Expense": -1262000.0,
        "Other Non Operating Income Expenses": 1946000.0,
        "Special Income Charges": -3208000.0,
        "Other Special Charges": 3208000.0,
        "Write Off": NaN,
        "Impairment Of Capital Assets": NaN,
        "Net Non Operating Interest Income Expense": 10036000.0,
        "Interest Expense Non Operating": 254000.0,
        "Interest Income Non Operating": 10290000.0,
        "Operating Income": 146868000.0,
        "Operating Expense": 241727000.0,
        "Depreciation Amortization Depletion Income Statement": 21071000.0,
        "Depreciation And Amortization In Income Statement": 21071000.0,
        "Research And Development": 61763000.0,
        "Selling General And Administration": 158893000.0,
        "Selling And Marketing Expense": 82857000.0,
        "General And Administrative Expense": 76036000.0,
        "Other Gand A": 76036000.0,
        "Salaries And Wages": NaN,
        "Gross Profit": 388595000.0,
        "Cost Of Revenue": 338034000.0,
        "Total Revenue": 726629000.0,
        "Operating Revenue": 631620000.0
    },
    "2025-03-31": {
        "Tax Effect Of Unusual Items": -989325.0,
        "Tax Rate For Calcs": 0.225,
        "Normalized EBITDA": 92320000.0,
        "Total Unusual Items": -4397000.0,
        "Total Unusual Items Excluding Goodwill": -4397000.0,
        "Net Income From Continuing Operation Net Minority Interest": 49551000.0,
        "Reconciled Depreciation": 23707000.0,
        "Reconciled Cost Of Revenue": 332308000.0,
        "EBITDA": 87923000.0,
        "EBIT": 64216000.0,
        "Net Interest Income": 9972000.0,
        "Interest Expense": 248000.0,
        "Interest Income": 10220000.0,
        "Normalized Income": 52958675.0,
        "Net Income From Continuing And Discontinued Operation": 49551000.0,
        "Total Expenses": 568426000.0,
        "Total Operating Income As Reported": 58634000.0,
        "Diluted Average Shares": 164908000.0,
        "Basic Average Shares": 163779000.0,
        "Diluted EPS": 0.3,
        "Basic EPS": 0.3,
        "Diluted NI Availto Com Stockholders": 49551000.0,
        "Net Income Common Stockholders": 49551000.0,
        "Net Income": 49551000.0,
        "Net Income Including Noncontrolling Interests": 49551000.0,
        "Net Income Continuous Operations": 49551000.0,
        "Tax Provision": 14417000.0,
        "Pretax Income": 63968000.0,
        "Other Income Expense": -13488000.0,
        "Other Non Operating Income Expenses": -9091000.0,
        "Special Income Charges": -4397000.0,
        "Other Special Charges": 4397000.0,
        "Write Off": NaN,
        "Impairment Of Capital Assets": NaN,
        "Net Non Operating Interest Income Expense": 9972000.0,
        "Interest Expense Non Operating": 248000.0,
        "Interest Income Non Operating": 10220000.0,
        "Operating Income": 67484000.0,
        "Operating Expense": 233789000.0,
        "Depreciation Amortization Depletion Income Statement": 21378000.0,
        "Depreciation And Amortization In Income Statement": 21378000.0,
        "Research And Development": 66539000.0,
        "Selling General And Administration": 145872000.0,
        "Selling And Marketing Expense": 65959000.0,
        "General And Administrative Expense": 79913000.0,
        "Other Gand A": 79913000.0,
        "Salaries And Wages": NaN,
        "Gross Profit": 301273000.0,
        "Cost Of Revenue": 334637000.0,
        "Total Revenue": 635910000.0,
        "Operating Revenue": 572333000.0
    },
    "2025-06-30": {
        "Tax Effect Of Unusual Items": -896930.0,
        "Tax Rate For Calcs": 0.257,
        "Normalized EBITDA": 139229000.0,
        "Total Unusual Items": -3490000.0,
        "Total Unusual Items Excluding Goodwill": -3490000.0,
        "Net Income From Continuing Operation Net Minority Interest": 82945000.0,
        "Reconciled Depreciation": 23732000.0,
        "Reconciled Cost Of Revenue": 336443000.0,
        "EBITDA": 135739000.0,
        "EBIT": 112007000.0,
        "Net Interest Income": 9752000.0,
        "Interest Expense": 343000.0,
        "Interest Income": 10095000.0,
        "Normalized Income": 85538070.0,
        "Net Income From Continuing And Discontinued Operation": 82945000.0,
        "Total Expenses": 575832000.0,
        "Total Operating Income As Reported": 106551000.0,
        "Diluted Average Shares": 164346000.0,
        "Basic Average Shares": 163331000.0,
        "Diluted EPS": 0.5,
        "Basic EPS": 0.51,
        "Diluted NI Availto Com Stockholders": 82945000.0,
        "Net Income Common Stockholders": 82945000.0,
        "Net Income": 82945000.0,
        "Net Income Including Noncontrolling Interests": 82945000.0,
        "Net Income Continuous Operations": 82945000.0,
        "Tax Provision": 28719000.0,
        "Pretax Income": 111664000.0,
        "Other Income Expense": -8129000.0,
        "Other Non Operating Income Expenses": -4639000.0,
        "Special Income Charges": -3490000.0,
        "Other Special Charges": 3490000.0,
        "Write Off": NaN,
        "Impairment Of Capital Assets": NaN,
        "Net Non Operating Interest Income Expense": 9752000.0,
        "Interest Expense Non Operating": 343000.0,
        "Interest Income Non Operating": 10095000.0,
        "Operating Income": 110041000.0,
        "Operating Expense": 237053000.0,
        "Depreciation Amortization Depletion Income Statement": 21396000.0,
        "Depreciation And Amortization In Income Statement": 21396000.0,
        "Research And Development": 63940000.0,
        "Selling General And Administration": 151717000.0,
        "Selling And Marketing Expense": 69165000.0,
        "General And Administrative Expense": 82552000.0,
        "Other Gand A": 82552000.0,
        "Salaries And Wages": 0.0,
        "Gross Profit": 347094000.0,
        "Cost Of Revenue": 338779000.0,
        "Total Revenue": 685873000.0,
        "Operating Revenue": 615394000.0
    },
    "2025-09-30": {
        "Tax Effect Of Unusual Items": -1441308.0,
        "Tax Rate For Calcs": 0.244,
        "Normalized EBITDA": 138057000.0,
        "Total Unusual Items": -5907000.0,
        "Total Unusual Items Excluding Goodwill": -5907000.0,
        "Net Income From Continuing Operation Net Minority Interest": 81647000.0,
        "Reconciled Depreciation": 23865000.0,
        "Reconciled Cost Of Revenue": 346551000.0,
        "EBITDA": 132150000.0,
        "EBIT": 108285000.0,
        "Net Interest Income": 11347000.0,
        "Interest Expense": 286000.0,
        "Interest Income": 11633000.0,
        "Normalized Income": 86112692.0,
        "Net Income From Continuing And Discontinued Operation": 81647000.0,
        "Total Expenses": 593622000.0,
        "Total Operating Income As Reported": 104788000.0,
        "Diluted Average Shares": 164398000.0,
        "Basic Average Shares": 163022000.0,
        "Diluted EPS": 0.5,
        "Basic EPS": 0.5,
        "Diluted NI Availto Com Stockholders": 81647000.0,
        "Net Income Common Stockholders": 81647000.0,
        "Net Income": 81647000.0,
        "Net Income Including Noncontrolling Interests": 81647000.0,
        "Net Income Continuous Operations": 81647000.0,
        "Tax Provision": 26352000.0,
        "Pretax Income": 107999000.0,
        "Other Income Expense": -10547000.0,
        "Other Non Operating Income Expenses": -4640000.0,
        "Special Income Charges": -5907000.0,
        "Other Special Charges": 2411000.0,
        "Write Off": 3496000.0,
        "Impairment Of Capital Assets": NaN,
        "Net Non Operating Interest Income Expense": 11347000.0,
        "Interest Expense Non Operating": 286000.0,
        "Interest Income Non Operating": 11633000.0,
        "Operating Income": 107199000.0,
        "Operating Expense": 244547000.0,
        "Depreciation Amortization Depletion Income Statement": 21341000.0,
        "Depreciation And Amortization In Income Statement": 21341000.0,
        "Research And Development": 66989000.0,
        "Selling General And Administration": 156217000.0,
        "Selling And Marketing Expense": 79577000.0,
        "General And Administrative Expense": 76640000.0,
        "Other Gand A": 76640000.0,
        "Salaries And Wages": NaN,
        "Gross Profit": 351746000.0,
        "Cost Of Revenue": 349075000.0,
        "Total Revenue": 700821000.0,
        "Operating Revenue": 626921000.0
    }
}