{
    "2023-06-30": {
        "Tax Effect Of Unusual Items": NaN,
        "Tax Rate For Calcs": NaN,
        "Total Unusual Items": -111000.0,
        "Total Unusual Items Excluding Goodwill": -111000.0,
        "Net Income From Continuing Operation Net Minority Interest": NaN,
        "Reconciled Depreciation": NaN,
        "Net Interest Income": NaN,
        "Interest Expense": NaN,
        "Interest Income": NaN,
        "Normalized Income": NaN,
        "Net Income From Continuing And Discontinued Operation": NaN,
        "Diluted Average Shares": NaN,
        "Basic Average Shares": NaN,
        "Diluted EPS": NaN,
        "Basic EPS": NaN,
        "Diluted NI Availto Com Stockholders": NaN,
        "Net Income Common Stockholders": NaN,
        "Net Income": NaN,
        "Net Income Including Noncontrolling Interests": NaN,
        "Net Income Continuous Operations": NaN,
        "Tax Provision": NaN,
        "Pretax Income": NaN,
        "Special Income Charges": 0.0,
        "Restructuring And Mergern Acquisition": 0.0,
        "Gain On Sale Of Security": NaN,
        "Depreciation Amortization Depletion Income Statement": NaN,
        "Depreciation And Amortization In Income Statement": NaN,
        "Amortization": NaN,
        "Amortization Of Intangibles Income Statement": NaN,
        "Selling General And Administration": NaN,
        "Selling And Marketing Expense": NaN,
        "General And Administrative Expense": NaN,
        "Salaries And Wages": NaN,
        "Total Revenue": NaN,
        "Operating Revenue": NaN,
        "Occupancy And Equipment": NaN,
        "Professional Expense And Contract Services Expense": NaN,
        "Other Non Interest Expense": NaN
    },
    "2023-03-31": {
        "Tax Effect Of Unusual Items": NaN,
        "Tax Rate For Calcs": NaN,
        "Total Unusual Items": 63000.0,
        "Total Unusual Items Excluding Goodwill": 63000.0,
        "Net Income From Continuing Operation Net Minority Interest": NaN,
        "Reconciled Depreciation": NaN,
        "Net Interest Income": NaN,
        "Interest Expense": NaN,
        "Interest Income": NaN,
        "Normalized Income": NaN,
        "Net Income From Continuing And Discontinued Operation": NaN,
        "Diluted Average Shares": NaN,
        "Basic Average Shares": NaN,
        "Diluted EPS": NaN,
        "Basic EPS": NaN,
        "Diluted NI Availto Com Stockholders": NaN,
        "Net Income Common Stockholders": NaN,
        "Net Income": NaN,
        "Net Income Including Noncontrolling Interests": NaN,
        "Net Income Continuous Operations": NaN,
        "Tax Provision": NaN,
        "Pretax Income": NaN,
        "Special Income Charges": 0.0,
        "Restructuring And Mergern Acquisition": 0.0,
        "Gain On Sale Of Security": NaN,
        "Depreciation Amortization Depletion Income Statement": NaN,
        "Depreciation And Amortization In Income Statement": NaN,
        "Amortization": NaN,
        "Amortization Of Intangibles Income Statement": NaN,
        "Selling General And Administration": NaN,
        "Selling And Marketing Expense": NaN,
        "General And Administrative Expense": NaN,
        "Salaries And Wages": NaN,
        "Total Revenue": NaN,
        "Operating Revenue": NaN,
        "Occupancy And Equipment": NaN,
        "Professional Expense And Contract Services Expense": NaN,
        "Other Non Interest Expense": NaN
    },
    "2022-12-31": {
        "Tax Effect Of Unusual Items": NaN,
        "Tax Rate For Calcs": NaN,
        "Total Unusual Items": -1145000.0,
        "Total Unusual Items Excluding Goodwill": -1145000.0,
        "Net Income From Continuing Operation Net Minority Interest": NaN,
        "Reconciled Depreciation": NaN,
        "Net Interest Income": NaN,
        "Interest Expense": NaN,
        "Interest Income": NaN,
        "Normalized Income": NaN,
        "Net Income From Continuing And Discontinued Operation": NaN,
        "Diluted Average Shares": NaN,
        "Basic Average Shares": NaN,
        "Diluted EPS": NaN,
        "Basic EPS": NaN,
        "Diluted NI Availto Com Stockholders": NaN,
        "Net Income Common Stockholders": NaN,
        "Net Income": NaN,
        "Net Income Including Noncontrolling Interests": NaN,
        "Net Income Continuous Operations": NaN,
        "Tax Provision": NaN,
        "Pretax Income": NaN,
        "Special Income Charges": -1179000.0,
        "Restructuring And Mergern Acquisition": 1179000.0,
        "Gain On Sale Of Security": NaN,
        "Depreciation Amortization Depletion Income Statement": NaN,
        "Depreciation And Amortization In Income Statement": NaN,
        "Amortization": NaN,
        "Amortization Of Intangibles Income Statement": NaN,
        "Selling General And Administration": NaN,
        "Selling And Marketing Expense": NaN,
        "General And Administrative Expense": NaN,
        "Salaries And Wages": NaN,
        "Total Revenue": NaN,
        "Operating Revenue": NaN,
        "Occupancy And Equipment": NaN,
        "Professional Expense And Contract Services Expense": NaN,
        "Other Non Interest Expense": NaN
    },
    "2022-09-30": {
        "Tax Effect Of Unusual Items": -524512.0,
        "Tax Rate For Calcs": 0.148,
        "Total Unusual Items": -3544000.0,
        "Total Unusual Items Excluding Goodwill": -3544000.0,
        "Net Income From Continuing Operation Net Minority Interest": 16243000.0,
        "Reconciled Depreciation": 1872000.0,
        "Net Interest Income": 78523000.0,
        "Interest Expense": 12714000.0,
        "Interest Income": 91237000.0,
        "Normalized Income": 19262488.0,
        "Net Income From Continuing And Discontinued Operation": 16243000.0,
        "Diluted Average Shares": 28481619.0,
        "Basic Average Shares": 28298984.0,
        "Diluted EPS": 0.57,
        "Basic EPS": 0.57,
        "Diluted NI Availto Com Stockholders": 16243000.0,
        "Net Income Common Stockholders": 16243000.0,
        "Net Income": 16243000.0,
        "Net Income Including Noncontrolling Interests": 16243000.0,
        "Net Income Continuous Operations": 16243000.0,
        "Tax Provision": 2820000.0,
        "Pretax Income": 19063000.0,
        "Special Income Charges": -3614000.0,
        "Restructuring And Mergern Acquisition": 3614000.0,
        "Gain On Sale Of Security": 1664000.0,
        "Depreciation Amortization Depletion Income Statement": 1872000.0,
        "Depreciation And Amortization In Income Statement": 1872000.0,
        "Amortization": 1872000.0,
        "Amortization Of Intangibles Income Statement": 1872000.0,
        "Selling General And Administration": 33030000.0,
        "Selling And Marketing Expense": 1196000.0,
        "General And Administrative Expense": 31834000.0,
        "Other Gand A": 5966000.0,
        "Salaries And Wages": 31834000.0,
        "Total Revenue": 89448000.0,
        "Operating Revenue": 89448000.0
    },
    "2022-06-30": {
        "Tax Effect Of Unusual Items": -51336.0,
        "Tax Rate For Calcs": 0.184,
        "Total Unusual Items": -279000.0,
        "Total Unusual Items Excluding Goodwill": -279000.0,
        "Net Income From Continuing Operation Net Minority Interest": 21311000.0,
        "Reconciled Depreciation": 525000.0,
        "Net Interest Income": 59504000.0,
        "Interest Expense": 6284000.0,
        "Interest Income": 65788000.0,
        "Normalized Income": 21538664.0,
        "Net Income From Continuing And Discontinued Operation": 21311000.0,
        "Diluted Average Shares": 23788164.0,
        "Basic Average Shares": 23740611.0,
        "Diluted EPS": 0.9,
        "Basic EPS": 0.9,
        "Diluted NI Availto Com Stockholders": 21311000.0,
        "Net Income Common Stockholders": 21311000.0,
        "Net Income": 21311000.0,
        "Net Income Including Noncontrolling Interests": 21311000.0,
        "Net Income Continuous Operations": 21311000.0,
        "Tax Provision": 4807000.0,
        "Pretax Income": 26118000.0,
        "Special Income Charges": NaN,
        "Restructuring And Mergern Acquisition": NaN,
        "Gain On Sale Of Security": 0.0,
        "Depreciation Amortization Depletion Income Statement": 525000.0,
        "Depreciation And Amortization In Income Statement": 525000.0,
        "Amortization": 525000.0,
        "Amortization Of Intangibles Income Statement": 525000.0,
        "Selling General And Administration": 28178000.0,
        "Selling And Marketing Expense": 859000.0,
        "General And Administrative Expense": 27319000.0,
        "Other Gand A": 5858000.0,
        "Salaries And Wages": 27319000.0,
        "Total Revenue": 71025000.0,
        "Operating Revenue": 71025000.0
    },
    "2022-03-31": {
        "Diluted EPS": 0.87,
        "Total Revenue": 74,
        "Gross Profit": 68,
        "Operating Income": 26,
        "EBIT": NaN,
        "Net Income": 21
    },
    "2021-12-31": {
        "Diluted EPS": 1.21,
        "Total Revenue": 77,
        "Gross Profit": 71,
        "Operating Income": 33,
        "EBIT": NaN,
        "Net Income": 28
    },
    "2021-09-30": {
        "Diluted EPS": 1.14,
        "Total Revenue": 75,
        "Gross Profit": 68,
        "Operating Income": 33,
        "EBIT": NaN,
        "Net Income": 27
    },
    "2021-06-30": {
        "Diluted EPS": 1.17,
        "Total Revenue": 73,
        "Gross Profit": 67,
        "Operating Income": 35,
        "EBIT": NaN,
        "Net Income": 28
    },
    "2021-03-31": {
        "Diluted EPS": 1.08,
        "Total Revenue": 79,
        "Gross Profit": 72,
        "Operating Income": 32,
        "EBIT": NaN,
        "Net Income": 26
    },
    "2020-12-31": {
        "Diluted EPS": 0.75,
        "Total Revenue": 75,
        "Gross Profit": 67,
        "Operating Income": 22,
        "EBIT": NaN,
        "Net Income": 18
    },
    "2020-09-30": {
        "Diluted EPS": 0.56,
        "Total Revenue": 77,
        "Gross Profit": 69,
        "Operating Income": 16,
        "EBIT": NaN,
        "Net Income": 13
    },
    "2020-06-30": {
        "Diluted EPS": 0.21,
        "Total Revenue": 75,
        "Gross Profit": 65,
        "Operating Income": 6,
        "EBIT": NaN,
        "Net Income": 5
    },
    "2020-03-31": {
        "Diluted EPS": 0.03,
        "Total Revenue": 67,
        "Gross Profit": 55,
        "Operating Income": 0,
        "EBIT": NaN,
        "Net Income": 1
    },
    "2019-12-31": {
        "Diluted EPS": 0.54,
        "Total Revenue": 68,
        "Gross Profit": 55,
        "Operating Income": 16,
        "EBIT": NaN,
        "Net Income": 13
    },
    "2019-09-30": {
        "Diluted EPS": 0.62,
        "Total Revenue": 72,
        "Gross Profit": 58,
        "Operating Income": 18,
        "EBIT": NaN,
        "Net Income": 15
    },
    "2019-06-30": {
        "Diluted EPS": 0.52,
        "Total Revenue": 68,
        "Gross Profit": 54,
        "Operating Income": 15,
        "EBIT": NaN,
        "Net Income": 12
    },
    "2019-03-31": {
        "Diluted EPS": 0.6,
        "Total Revenue": 66,
        "Gross Profit": 54,
        "Operating Income": 17,
        "EBIT": NaN,
        "Net Income": 14
    },
    "2018-12-31": {
        "Diluted EPS": 0.55,
        "Total Revenue": 64,
        "Gross Profit": 53,
        "Operating Income": 16,
        "EBIT": NaN,
        "Net Income": 13
    },
    "2018-09-30": {
        "Diluted EPS": 0.52,
        "Total Revenue": 59,
        "Gross Profit": 50,
        "Operating Income": 15,
        "EBIT": NaN,
        "Net Income": 12
    },
    "2018-06-30": {
        "Diluted EPS": 0.53,
        "Total Revenue": 55,
        "Gross Profit": 48,
        "Operating Income": 15,
        "EBIT": NaN,
        "Net Income": 12
    },
    "2018-03-31": {
        "Diluted EPS": 0.6,
        "Total Revenue": 51,
        "Gross Profit": 45,
        "Operating Income": 16,
        "EBIT": NaN,
        "Net Income": 12
    },
    "2017-12-31": {
        "Diluted EPS": 0.24,
        "Total Revenue": 49,
        "Gross Profit": 43,
        "Operating Income": 7,
        "EBIT": NaN,
        "Net Income": 6
    },
    "2017-09-30": {
        "Diluted EPS": -0.17,
        "Total Revenue": 45,
        "Gross Profit": 39,
        "Operating Income": -5,
        "EBIT": NaN,
        "Net Income": -3
    },
    "2017-06-30": {
        "Diluted EPS": 0.13,
        "Total Revenue": 43,
        "Gross Profit": 37,
        "Operating Income": 5,
        "EBIT": NaN,
        "Net Income": 3
    },
    "2017-03-31": {
        "Diluted EPS": 0.3,
        "Total Revenue": 45,
        "Gross Profit": 40,
        "Operating Income": 10,
        "EBIT": NaN,
        "Net Income": 6
    },
    "2016-12-31": {
        "Diluted EPS": 0.0,
        "Total Revenue": NaN,
        "Gross Profit": NaN,
        "Operating Income": NaN,
        "EBIT": NaN,
        "Net Income": NaN
    },
    "2023-09-30": {
        "Tax Effect Of Unusual Items": NaN,
        "Tax Rate For Calcs": NaN,
        "Total Unusual Items": 45000.0,
        "Total Unusual Items Excluding Goodwill": 45000.0,
        "Net Income From Continuing Operation Net Minority Interest": NaN,
        "Reconciled Depreciation": NaN,
        "Net Interest Income": NaN,
        "Interest Expense": NaN,
        "Interest Income": NaN,
        "Normalized Income": NaN,
        "Net Income From Continuing And Discontinued Operation": NaN,
        "Diluted Average Shares": NaN,
        "Basic Average Shares": NaN,
        "Diluted EPS": NaN,
        "Basic EPS": NaN,
        "Diluted NI Availto Com Stockholders": NaN,
        "Net Income Common Stockholders": NaN,
        "Net Income": NaN,
        "Net Income Including Noncontrolling Interests": NaN,
        "Net Income Continuous Operations": NaN,
        "Tax Provision": NaN,
        "Pretax Income": NaN,
        "Special Income Charges": 0.0,
        "Restructuring And Mergern Acquisition": 0.0,
        "Gain On Sale Of Security": NaN,
        "Depreciation Amortization Depletion Income Statement": NaN,
        "Depreciation And Amortization In Income Statement": NaN,
        "Amortization": NaN,
        "Amortization Of Intangibles Income Statement": NaN,
        "Selling General And Administration": NaN,
        "Selling And Marketing Expense": NaN,
        "General And Administrative Expense": NaN,
        "Salaries And Wages": NaN,
        "Total Revenue": NaN,
        "Operating Revenue": NaN,
        "Occupancy And Equipment": NaN,
        "Professional Expense And Contract Services Expense": NaN,
        "Other Non Interest Expense": NaN
    },
    "2023-12-31": {
        "Tax Effect Of Unusual Items": NaN,
        "Tax Rate For Calcs": NaN,
        "Total Unusual Items": 67000.0,
        "Total Unusual Items Excluding Goodwill": 67000.0,
        "Net Income From Continuing Operation Net Minority Interest": NaN,
        "Reconciled Depreciation": NaN,
        "Net Interest Income": NaN,
        "Interest Expense": NaN,
        "Interest Income": NaN,
        "Normalized Income": NaN,
        "Net Income From Continuing And Discontinued Operation": NaN,
        "Diluted Average Shares": NaN,
        "Basic Average Shares": NaN,
        "Diluted EPS": NaN,
        "Basic EPS": NaN,
        "Diluted NI Availto Com Stockholders": NaN,
        "Net Income Common Stockholders": NaN,
        "Net Income": NaN,
        "Net Income Including Noncontrolling Interests": NaN,
        "Net Income Continuous Operations": NaN,
        "Tax Provision": NaN,
        "Pretax Income": NaN,
        "Special Income Charges": 0.0,
        "Restructuring And Mergern Acquisition": 0.0,
        "Gain On Sale Of Security": NaN,
        "Depreciation Amortization Depletion Income Statement": NaN,
        "Depreciation And Amortization In Income Statement": NaN,
        "Amortization": NaN,
        "Amortization Of Intangibles Income Statement": NaN,
        "Selling General And Administration": NaN,
        "Selling And Marketing Expense": NaN,
        "General And Administrative Expense": NaN,
        "Salaries And Wages": NaN,
        "Total Revenue": NaN,
        "Operating Revenue": NaN,
        "Occupancy And Equipment": NaN,
        "Professional Expense And Contract Services Expense": NaN,
        "Other Non Interest Expense": NaN
    },
    "2024-03-31": {
        "Tax Effect Of Unusual Items": 0.0,
        "Tax Rate For Calcs": 0.215773,
        "Total Unusual Items": NaN,
        "Total Unusual Items Excluding Goodwill": NaN,
        "Net Income From Continuing Operation Net Minority Interest": 22632000.0,
        "Reconciled Depreciation": 4075000.0,
        "Net Interest Income": 73323000.0,
        "Interest Expense": 65378000.0,
        "Interest Income": 138701000.0,
        "Normalized Income": 22632000.0,
        "Net Income From Continuing And Discontinued Operation": 22632000.0,
        "Diluted Average Shares": 31078910.0,
        "Basic Average Shares": 30981333.0,
        "Diluted EPS": 0.73,
        "Basic EPS": 0.73,
        "Diluted NI Availto Com Stockholders": 22632000.0,
        "Net Income Common Stockholders": 22632000.0,
        "Net Income": 22632000.0,
        "Net Income Including Noncontrolling Interests": 22632000.0,
        "Net Income Continuous Operations": 22632000.0,
        "Tax Provision": 6227000.0,
        "Pretax Income": 28859000.0,
        "Special Income Charges": NaN,
        "Restructuring And Mergern Acquisition": NaN,
        "Gain On Sale Of Security": -403000.0,
        "Depreciation Amortization Depletion Income Statement": 2137000.0,
        "Depreciation And Amortization In Income Statement": 2137000.0,
        "Amortization": 2137000.0,
        "Amortization Of Intangibles Income Statement": 2137000.0,
        "Selling General And Administration": 37262000.0,
        "Selling And Marketing Expense": 1444000.0,
        "General And Administrative Expense": 35818000.0,
        "Salaries And Wages": 35818000.0,
        "Total Revenue": 89535000.0,
        "Operating Revenue": 89535000.0,
        "Occupancy And Equipment": 6645000.0,
        "Professional Expense And Contract Services Expense": 1231000.0,
        "Other Non Interest Expense": 10527000.0
    },
    "2024-06-30": {
        "Tax Effect Of Unusual Items": 0.0,
        "Tax Rate For Calcs": 0.214954,
        "Net Income From Continuing Operation Net Minority Interest": 20989000.0,
        "Reconciled Depreciation": 4153000.0,
        "Net Interest Income": 73890000.0,
        "Interest Expense": 67904000.0,
        "Interest Income": 141794000.0,
        "Normalized Income": 20989000.0,
        "Net Income From Continuing And Discontinued Operation": 20989000.0,
        "Diluted Average Shares": 31131829.0,
        "Basic Average Shares": 31042527.0,
        "Diluted EPS": 0.67,
        "Basic EPS": 0.68,
        "Diluted NI Availto Com Stockholders": 20989000.0,
        "Net Income Common Stockholders": 20989000.0,
        "Net Income": 20989000.0,
        "Net Income Including Noncontrolling Interests": 20989000.0,
        "Net Income Continuous Operations": 20989000.0,
        "Tax Provision": 5747000.0,
        "Pretax Income": 26736000.0,
        "Gain On Sale Of Security": 5188000.0,
        "Depreciation Amortization Depletion Income Statement": 2137000.0,
        "Depreciation And Amortization In Income Statement": 2137000.0,
        "Amortization": 2137000.0,
        "Amortization Of Intangibles Income Statement": 2137000.0,
        "Selling General And Administration": 39437000.0,
        "Selling And Marketing Expense": 1328000.0,
        "General And Administrative Expense": 38109000.0,
        "Salaries And Wages": 38109000.0,
        "Total Revenue": 95210000.0,
        "Operating Revenue": 95210000.0,
        "Occupancy And Equipment": 7009000.0,
        "Professional Expense And Contract Services Expense": 1303000.0,
        "Other Non Interest Expense": 13425000.0
    },
    "2024-09-30": {
        "Tax Effect Of Unusual Items": 0.0,
        "Tax Rate For Calcs": 0.21412,
        "Net Income From Continuing Operation Net Minority Interest": 18601000.0,
        "Reconciled Depreciation": 4038000.0,
        "Net Interest Income": 74804000.0,
        "Interest Expense": 69453000.0,
        "Interest Income": 144257000.0,
        "Normalized Income": 18601000.0,
        "Net Income From Continuing And Discontinued Operation": 18601000.0,
        "Diluted Average Shares": NaN,
        "Basic Average Shares": NaN,
        "Diluted EPS": NaN,
        "Basic EPS": NaN,
        "Diluted NI Availto Com Stockholders": 18601000.0,
        "Net Income Common Stockholders": 18601000.0,
        "Net Income": 18601000.0,
        "Net Income Including Noncontrolling Interests": 18601000.0,
        "Net Income Continuous Operations": 18601000.0,
        "Tax Provision": 5068000.0,
        "Pretax Income": 23669000.0,
        "Gain On Sale Of Security": 221000.0,
        "Depreciation Amortization Depletion Income Statement": 1905000.0,
        "Depreciation And Amortization In Income Statement": 1905000.0,
        "Amortization": 1905000.0,
        "Amortization Of Intangibles Income Statement": 1905000.0,
        "Selling General And Administration": 39940000.0,
        "Selling And Marketing Expense": 1449000.0,
        "General And Administrative Expense": 38491000.0,
        "Salaries And Wages": 38491000.0,
        "Total Revenue": 89666000.0,
        "Operating Revenue": 89666000.0,
        "Occupancy And Equipment": 6298000.0,
        "Professional Expense And Contract Services Expense": 2012000.0,
        "Other Non Interest Expense": 11615000.0
    },
    "2024-12-31": {
        "Tax Effect Of Unusual Items": 0.0,
        "Tax Rate For Calcs": 0.207002,
        "Net Income From Continuing Operation Net Minority Interest": 14270000.0,
        "Reconciled Depreciation": 4534000.0,
        "Net Interest Income": 78349000.0,
        "Interest Expense": 61484000.0,
        "Interest Income": 139833000.0,
        "Normalized Income": 14270000.0,
        "Net Income From Continuing And Discontinued Operation": 14270000.0,
        "Diluted Average Shares": 31308805.0,
        "Basic Average Shares": 31155486.0,
        "Diluted EPS": 0.46,
        "Basic EPS": 0.46,
        "Diluted NI Availto Com Stockholders": 14270000.0,
        "Net Income Common Stockholders": 14270000.0,
        "Net Income": 14270000.0,
        "Net Income Including Noncontrolling Interests": 14270000.0,
        "Net Income Continuous Operations": 14270000.0,
        "Tax Provision": 3725000.0,
        "Pretax Income": 17995000.0,
        "Gain On Sale Of Security": -14617000.0,
        "Depreciation Amortization Depletion Income Statement": 1800000.0,
        "Depreciation And Amortization In Income Statement": 1800000.0,
        "Amortization": 1800000.0,
        "Amortization Of Intangibles Income Statement": 1800000.0,
        "Selling General And Administration": 38334000.0,
        "Selling And Marketing Expense": 1929000.0,
        "General And Administrative Expense": 36405000.0,
        "Salaries And Wages": 36405000.0,
        "Total Revenue": 77588000.0,
        "Operating Revenue": 77588000.0,
        "Occupancy And Equipment": 7913000.0,
        "Professional Expense And Contract Services Expense": 2064000.0,
        "Other Non Interest Expense": 14880000.0
    },
    "2025-03-31": {
        "Tax Effect Of Unusual Items": 0.0,
        "Tax Rate For Calcs": 0.214999,
        "Net Income From Continuing Operation Net Minority Interest": 22411000.0,
        "Reconciled Depreciation": 5251000.0,
        "Net Interest Income": 78459000.0,
        "Interest Expense": 54084000.0,
        "Interest Income": 132543000.0,
        "Normalized Income": 22411000.0,
        "Net Income From Continuing And Discontinued Operation": 22411000.0,
        "Diluted Average Shares": 31412010.0,
        "Basic Average Shares": 31205752.0,
        "Diluted EPS": 0.71,
        "Basic EPS": 0.72,
        "Diluted NI Availto Com Stockholders": 22411000.0,
        "Net Income Common Stockholders": 22411000.0,
        "Net Income": 22411000.0,
        "Net Income Including Noncontrolling Interests": 22411000.0,
        "Net Income Continuous Operations": 22411000.0,
        "Tax Provision": 6138000.0,
        "Pretax Income": 28549000.0,
        "Gain On Sale Of Security": 0.0,
        "Depreciation Amortization Depletion Income Statement": 1761000.0,
        "Depreciation And Amortization In Income Statement": 1761000.0,
        "Amortization": 1761000.0,
        "Amortization Of Intangibles Income Statement": 1761000.0,
        "Selling General And Administration": 38864000.0,
        "Selling And Marketing Expense": 1133000.0,
        "General And Administrative Expense": 37731000.0,
        "Salaries And Wages": 37731000.0,
        "Total Revenue": 95154000.0,
        "Operating Revenue": 95154000.0,
        "Occupancy And Equipment": 8544000.0,
        "Professional Expense And Contract Services Expense": 1250000.0,
        "Other Non Interest Expense": 11050000.0
    },
    "2025-06-30": {
        "Tax Effect Of Unusual Items": 0.0,
        "Tax Rate For Calcs": 0.215017,
        "Net Income From Continuing Operation Net Minority Interest": 14647000.0,
        "Reconciled Depreciation": 4022000.0,
        "Net Interest Income": 82136000.0,
        "Interest Expense": 52501000.0,
        "Interest Income": 134637000.0,
        "Normalized Income": 14647000.0,
        "Net Income From Continuing And Discontinued Operation": 14647000.0,
        "Diluted Average Shares": 31327818.0,
        "Basic Average Shares": 31192622.0,
        "Diluted EPS": 0.47,
        "Basic EPS": 0.47,
        "Diluted NI Availto Com Stockholders": 14647000.0,
        "Net Income Common Stockholders": 14647000.0,
        "Net Income": 14647000.0,
        "Net Income Including Noncontrolling Interests": 14647000.0,
        "Net Income Continuous Operations": 14647000.0,
        "Tax Provision": 4012000.0,
        "Pretax Income": 18659000.0,
        "Gain On Sale Of Security": -14448000.0,
        "Depreciation Amortization Depletion Income Statement": 1768000.0,
        "Depreciation And Amortization In Income Statement": 1768000.0,
        "Amortization": 1768000.0,
        "Amortization Of Intangibles Income Statement": 1768000.0,
        "Selling General And Administration": 39438000.0,
        "Selling And Marketing Expense": 1158000.0,
        "General And Administrative Expense": 38280000.0,
        "Salaries And Wages": 38280000.0,
        "Total Revenue": 84744000.0,
        "Operating Revenue": 84744000.0,
        "Occupancy And Equipment": 7187000.0,
        "Professional Expense And Contract Services Expense": 1285000.0,
        "Other Non Interest Expense": 11636000.0
    },
    "2025-09-30": {
        "Tax Effect Of Unusual Items": 0.0,
        "Tax Rate For Calcs": 0.214949,
        "Net Income From Continuing Operation Net Minority Interest": 8623000.0,
        "Reconciled Depreciation": 3825000.0,
        "Net Interest Income": 83704000.0,
        "Interest Expense": 52435000.0,
        "Interest Income": 136139000.0,
        "Normalized Income": 8623000.0,
        "Net Income From Continuing And Discontinued Operation": 8623000.0,
        "Diluted Average Shares": 31363571.0,
        "Basic Average Shares": 31183092.0,
        "Diluted EPS": 0.27,
        "Basic EPS": 0.28,
        "Diluted NI Availto Com Stockholders": 8623000.0,
        "Net Income Common Stockholders": 8623000.0,
        "Net Income": 8623000.0,
        "Net Income Including Noncontrolling Interests": 8623000.0,
        "Net Income Continuous Operations": 8623000.0,
        "Tax Provision": 2361000.0,
        "Pretax Income": 10984000.0,
        "Gain On Sale Of Security": 6972000.0,
        "Depreciation Amortization Depletion Income Statement": 1583000.0,
        "Depreciation And Amortization In Income Statement": 1583000.0,
        "Amortization": 1583000.0,
        "Amortization Of Intangibles Income Statement": 1583000.0,
        "Selling General And Administration": 39387000.0,
        "Selling And Marketing Expense": 1524000.0,
        "General And Administrative Expense": 37863000.0,
        "Salaries And Wages": 37863000.0,
        "Total Revenue": 108303000.0,
        "Operating Revenue": 108303000.0,
        "Occupancy And Equipment": 7079000.0,
        "Professional Expense And Contract Services Expense": 1395000.0,
        "Other Non Interest Expense": 11605000.0
    },
    "2025-12-31": {
        "Tax Effect Of Unusual Items": NaN,
        "Tax Rate For Calcs": NaN,
        "Net Income From Continuing Operation Net Minority Interest": NaN,
        "Reconciled Depreciation": NaN,
        "Net Interest Income": NaN,
        "Interest Expense": NaN,
        "Interest Income": NaN,
        "Normalized Income": NaN,
        "Net Income From Continuing And Discontinued Operation": NaN,
        "Diluted Average Shares": 31168548.0,
        "Basic Average Shares": 30964128.0,
        "Diluted EPS": 0.95,
        "Basic EPS": 0.95,
        "Diluted NI Availto Com Stockholders": NaN,
        "Net Income Common Stockholders": NaN,
        "Net Income": NaN,
        "Net Income Including Noncontrolling Interests": NaN,
        "Net Income Continuous Operations": NaN,
        "Tax Provision": NaN,
        "Pretax Income": NaN,
        "Gain On Sale Of Security": NaN,
        "Depreciation Amortization Depletion Income Statement": NaN,
        "Depreciation And Amortization In Income Statement": NaN,
        "Amortization": NaN,
        "Amortization Of Intangibles Income Statement": NaN,
        "Selling General And Administration": NaN,
        "Selling And Marketing Expense": NaN,
        "General And Administrative Expense": NaN,
        "Salaries And Wages": NaN,
        "Total Revenue": NaN,
        "Operating Revenue": NaN,
        "Occupancy And Equipment": NaN,
        "Professional Expense And Contract Services Expense": NaN,
        "Other Non Interest Expense": NaN
    }
}