{
    "2023-04-30": {
        "Tax Effect Of Unusual Items": NaN,
        "Tax Rate For Calcs": NaN,
        "Normalized EBITDA": NaN,
        "Total Unusual Items": 1696290.0,
        "Total Unusual Items Excluding Goodwill": 1696290.0,
        "Net Income From Continuing Operation Net Minority Interest": NaN,
        "Reconciled Depreciation": NaN,
        "Reconciled Cost Of Revenue": NaN,
        "EBITDA": NaN,
        "EBIT": NaN,
        "Net Interest Income": NaN,
        "Interest Expense": NaN,
        "Normalized Income": NaN,
        "Net Income From Continuing And Discontinued Operation": NaN,
        "Total Expenses": NaN,
        "Total Operating Income As Reported": NaN,
        "Diluted Average Shares": 7867755.0,
        "Basic Average Shares": 7867755.0,
        "Diluted EPS": 0.31,
        "Basic EPS": 0.31,
        "Diluted NI Availto Com Stockholders": NaN,
        "Net Income Common Stockholders": NaN,
        "Net Income": NaN,
        "Net Income Including Noncontrolling Interests": NaN,
        "Net Income Continuous Operations": NaN,
        "Tax Provision": NaN,
        "Pretax Income": NaN,
        "Other Income Expense": NaN,
        "Other Non Operating Income Expenses": NaN,
        "Special Income Charges": 1696290.0,
        "Other Special Charges": -1696290.0,
        "Net Non Operating Interest Income Expense": NaN,
        "Interest Expense Non Operating": NaN,
        "Operating Income": NaN,
        "Operating Expense": NaN,
        "Other Operating Expenses": NaN,
        "Depreciation Amortization Depletion Income Statement": NaN,
        "Depreciation And Amortization In Income Statement": NaN,
        "Amortization": NaN,
        "Amortization Of Intangibles Income Statement": NaN,
        "Selling General And Administration": NaN,
        "Gross Profit": NaN,
        "Cost Of Revenue": NaN,
        "Total Revenue": NaN,
        "Operating Revenue": NaN
    },
    "2023-01-31": {
        "Tax Effect Of Unusual Items": NaN,
        "Tax Rate For Calcs": NaN,
        "Normalized EBITDA": NaN,
        "Total Unusual Items": NaN,
        "Total Unusual Items Excluding Goodwill": NaN,
        "Net Income From Continuing Operation Net Minority Interest": NaN,
        "Reconciled Depreciation": NaN,
        "Reconciled Cost Of Revenue": NaN,
        "EBITDA": NaN,
        "EBIT": NaN,
        "Net Interest Income": NaN,
        "Interest Expense": NaN,
        "Normalized Income": NaN,
        "Net Income From Continuing And Discontinued Operation": NaN,
        "Total Expenses": NaN,
        "Total Operating Income As Reported": NaN,
        "Diluted Average Shares": 7893194.0,
        "Basic Average Shares": 7893194.0,
        "Diluted EPS": 0.1,
        "Basic EPS": 0.1,
        "Diluted NI Availto Com Stockholders": NaN,
        "Net Income Common Stockholders": NaN,
        "Net Income": NaN,
        "Net Income Including Noncontrolling Interests": NaN,
        "Net Income Continuous Operations": NaN,
        "Tax Provision": NaN,
        "Pretax Income": NaN,
        "Other Income Expense": NaN,
        "Other Non Operating Income Expenses": NaN,
        "Special Income Charges": NaN,
        "Other Special Charges": NaN,
        "Net Non Operating Interest Income Expense": NaN,
        "Total Other Finance Cost": 270623.0,
        "Interest Expense Non Operating": NaN,
        "Operating Income": NaN,
        "Operating Expense": NaN,
        "Other Operating Expenses": NaN,
        "Depreciation Amortization Depletion Income Statement": NaN,
        "Depreciation And Amortization In Income Statement": NaN,
        "Amortization": NaN,
        "Amortization Of Intangibles Income Statement": NaN,
        "Selling General And Administration": NaN,
        "Gross Profit": NaN,
        "Cost Of Revenue": NaN,
        "Total Revenue": NaN,
        "Operating Revenue": NaN
    },
    "2022-10-31": {
        "Tax Effect Of Unusual Items": NaN,
        "Tax Rate For Calcs": NaN,
        "Normalized EBITDA": NaN,
        "Total Unusual Items": NaN,
        "Total Unusual Items Excluding Goodwill": NaN,
        "Net Income From Continuing Operation Net Minority Interest": NaN,
        "Reconciled Depreciation": NaN,
        "Reconciled Cost Of Revenue": NaN,
        "EBITDA": NaN,
        "EBIT": NaN,
        "Net Interest Income": NaN,
        "Interest Expense": NaN,
        "Normalized Income": NaN,
        "Net Income From Continuing And Discontinued Operation": NaN,
        "Total Expenses": NaN,
        "Total Operating Income As Reported": NaN,
        "Diluted Average Shares": 7893000.0,
        "Basic Average Shares": 7893000.0,
        "Diluted EPS": 0.15,
        "Basic EPS": 0.15,
        "Diluted NI Availto Com Stockholders": NaN,
        "Net Income Common Stockholders": NaN,
        "Net Income": NaN,
        "Net Income Including Noncontrolling Interests": NaN,
        "Net Income Continuous Operations": NaN,
        "Tax Provision": NaN,
        "Pretax Income": NaN,
        "Other Income Expense": NaN,
        "Other Non Operating Income Expenses": NaN,
        "Special Income Charges": NaN,
        "Other Special Charges": NaN,
        "Net Non Operating Interest Income Expense": NaN,
        "Total Other Finance Cost": NaN,
        "Interest Expense Non Operating": NaN,
        "Operating Income": NaN,
        "Operating Expense": NaN,
        "Other Operating Expenses": NaN,
        "Depreciation Amortization Depletion Income Statement": NaN,
        "Depreciation And Amortization In Income Statement": NaN,
        "Amortization": NaN,
        "Amortization Of Intangibles Income Statement": NaN,
        "Selling General And Administration": NaN,
        "Gross Profit": NaN,
        "Cost Of Revenue": NaN,
        "Total Revenue": NaN,
        "Operating Revenue": NaN
    },
    "2022-07-31": {
        "Tax Effect Of Unusual Items": 0.0,
        "Tax Rate For Calcs": 0.4,
        "Normalized EBITDA": 86476.0,
        "Total Unusual Items": 0.0,
        "Total Unusual Items Excluding Goodwill": 0.0,
        "Net Income From Continuing Operation Net Minority Interest": -371871.0,
        "Reconciled Depreciation": 250860.0,
        "Reconciled Cost Of Revenue": 12337371.0,
        "EBITDA": 86476.0,
        "EBIT": -164384.0,
        "Net Interest Income": -197865.0,
        "Interest Expense": 197865.0,
        "Normalized Income": -371871.0,
        "Net Income From Continuing And Discontinued Operation": -371871.0,
        "Total Expenses": 17549024.0,
        "Total Operating Income As Reported": -166384.0,
        "Diluted Average Shares": 7516757.0,
        "Basic Average Shares": 7516757.0,
        "Diluted EPS": -0.05,
        "Basic EPS": -0.05,
        "Diluted NI Availto Com Stockholders": -371871.0,
        "Net Income Common Stockholders": -371871.0,
        "Net Income": -371871.0,
        "Net Income Including Noncontrolling Interests": -371871.0,
        "Net Income Continuous Operations": -371871.0,
        "Tax Provision": 9622.0,
        "Pretax Income": -362249.0,
        "Other Income Expense": 2000.0,
        "Other Non Operating Income Expenses": 2000.0,
        "Special Income Charges": 0.0,
        "Other Special Charges": NaN,
        "Net Non Operating Interest Income Expense": -197865.0,
        "Total Other Finance Cost": NaN,
        "Interest Expense Non Operating": 197865.0,
        "Operating Income": -166384.0,
        "Operating Expense": 4974589.0,
        "Other Operating Expenses": 6572.0,
        "Depreciation Amortization Depletion Income Statement": 13796.0,
        "Depreciation And Amortization In Income Statement": 13796.0,
        "Amortization": 13796.0,
        "Amortization Of Intangibles Income Statement": 13796.0,
        "Selling General And Administration": 4954221.0,
        "Gross Profit": 4808205.0,
        "Cost Of Revenue": 12574435.0,
        "Total Revenue": 17382640.0,
        "Operating Revenue": 17382640.0
    },
    "2022-04-30": {
        "Diluted EPS": -0.03,
        "Total Revenue": 17,
        "Gross Profit": 5,
        "Operating Income": 0,
        "EBIT": 0,
        "Net Income": 0
    },
    "2022-01-31": {
        "Diluted EPS": -0.12,
        "Total Revenue": 14,
        "Gross Profit": 4,
        "Operating Income": -1,
        "EBIT": 0,
        "Net Income": -1
    },
    "2021-10-31": {
        "Diluted EPS": 0.0,
        "Total Revenue": 16,
        "Gross Profit": 5,
        "Operating Income": 0,
        "EBIT": 1,
        "Net Income": 0
    },
    "2021-07-31": {
        "Diluted EPS": 0.71,
        "Total Revenue": 16,
        "Gross Profit": 4,
        "Operating Income": 0,
        "EBIT": 0,
        "Net Income": 5
    },
    "2021-04-30": {
        "Diluted EPS": 0.45,
        "Total Revenue": 16,
        "Gross Profit": 5,
        "Operating Income": 0,
        "EBIT": 1,
        "Net Income": 3
    },
    "2021-01-31": {
        "Diluted EPS": -0.29,
        "Total Revenue": 12,
        "Gross Profit": 2,
        "Operating Income": -2,
        "EBIT": -2,
        "Net Income": -2
    },
    "2020-10-31": {
        "Diluted EPS": -0.05,
        "Total Revenue": 14,
        "Gross Profit": 4,
        "Operating Income": 0,
        "EBIT": 0,
        "Net Income": 0
    },
    "2020-07-31": {
        "Diluted EPS": -0.2,
        "Total Revenue": 14,
        "Gross Profit": 3,
        "Operating Income": -1,
        "EBIT": -1,
        "Net Income": -1
    },
    "2020-04-30": {
        "Diluted EPS": -0.23,
        "Total Revenue": 15,
        "Gross Profit": 4,
        "Operating Income": -2,
        "EBIT": -1,
        "Net Income": -2
    },
    "2020-01-31": {
        "Diluted EPS": -0.35,
        "Total Revenue": 13,
        "Gross Profit": 2,
        "Operating Income": -2,
        "EBIT": -2,
        "Net Income": -3
    },
    "2019-10-31": {
        "Diluted EPS": -0.1,
        "Total Revenue": 18,
        "Gross Profit": 5,
        "Operating Income": -1,
        "EBIT": 0,
        "Net Income": -1
    },
    "2019-07-31": {
        "Diluted EPS": -0.15,
        "Total Revenue": 17,
        "Gross Profit": 4,
        "Operating Income": -1,
        "EBIT": -1,
        "Net Income": -1
    },
    "2019-04-30": {
        "Diluted EPS": -0.08,
        "Total Revenue": 19,
        "Gross Profit": 5,
        "Operating Income": 0,
        "EBIT": 0,
        "Net Income": -1
    },
    "2019-01-31": {
        "Diluted EPS": -0.44,
        "Total Revenue": 17,
        "Gross Profit": 4,
        "Operating Income": -3,
        "EBIT": -3,
        "Net Income": -3
    },
    "2018-10-31": {
        "Diluted EPS": -0.04,
        "Total Revenue": 20,
        "Gross Profit": 7,
        "Operating Income": 0,
        "EBIT": 0,
        "Net Income": 0
    },
    "2018-07-31": {
        "Diluted EPS": 0.06,
        "Total Revenue": 23,
        "Gross Profit": 7,
        "Operating Income": 1,
        "EBIT": 1,
        "Net Income": 0
    },
    "2018-04-30": {
        "Diluted EPS": 0.18,
        "Total Revenue": 27,
        "Gross Profit": 9,
        "Operating Income": 2,
        "EBIT": 2,
        "Net Income": 1
    },
    "2018-01-31": {
        "Diluted EPS": -0.06,
        "Total Revenue": 18,
        "Gross Profit": 5,
        "Operating Income": 0,
        "EBIT": 0,
        "Net Income": 0
    },
    "2017-10-31": {
        "Diluted EPS": -0.09,
        "Total Revenue": 17,
        "Gross Profit": 5,
        "Operating Income": 0,
        "EBIT": 0,
        "Net Income": -1
    },
    "2017-07-31": {
        "Diluted EPS": -0.05,
        "Total Revenue": 16,
        "Gross Profit": 5,
        "Operating Income": 0,
        "EBIT": 0,
        "Net Income": 0
    },
    "2017-04-30": {
        "Diluted EPS": -0.04,
        "Total Revenue": 16,
        "Gross Profit": 6,
        "Operating Income": 0,
        "EBIT": 0,
        "Net Income": 0
    },
    "2017-01-31": {
        "Diluted EPS": -0.09,
        "Total Revenue": 15,
        "Gross Profit": 5,
        "Operating Income": 0,
        "EBIT": 0,
        "Net Income": -1
    },
    "2016-10-31": {
        "Diluted EPS": 0.12,
        "Total Revenue": 17,
        "Gross Profit": 6,
        "Operating Income": 1,
        "EBIT": 1,
        "Net Income": 1
    },
    "2016-07-31": {
        "Diluted EPS": 0.03,
        "Total Revenue": 17,
        "Gross Profit": 5,
        "Operating Income": 0,
        "EBIT": 1,
        "Net Income": 0
    },
    "2016-04-30": {
        "Diluted EPS": -0.15,
        "Total Revenue": 16,
        "Gross Profit": 5,
        "Operating Income": -1,
        "EBIT": 0,
        "Net Income": -1
    },
    "2016-01-31": {
        "Diluted EPS": -0.28,
        "Total Revenue": 14,
        "Gross Profit": 4,
        "Operating Income": -2,
        "EBIT": -1,
        "Net Income": -2
    },
    "2015-10-31": {
        "Diluted EPS": -0.48,
        "Total Revenue": 17,
        "Gross Profit": 5,
        "Operating Income": -1,
        "EBIT": 0,
        "Net Income": -3
    },
    "2015-07-31": {
        "Diluted EPS": -0.09,
        "Total Revenue": 21,
        "Gross Profit": 6,
        "Operating Income": 0,
        "EBIT": 0,
        "Net Income": -1
    },
    "2015-04-30": {
        "Diluted EPS": -0.08,
        "Total Revenue": 19,
        "Gross Profit": 6,
        "Operating Income": -1,
        "EBIT": 0,
        "Net Income": 0
    },
    "2015-01-31": {
        "Diluted EPS": -0.04,
        "Total Revenue": 17,
        "Gross Profit": 5,
        "Operating Income": 0,
        "EBIT": 0,
        "Net Income": 0
    },
    "2014-10-31": {
        "Diluted EPS": 0.15,
        "Total Revenue": 25,
        "Gross Profit": 9,
        "Operating Income": 2,
        "EBIT": 2,
        "Net Income": 1
    },
    "2014-07-31": {
        "Diluted EPS": 0.04,
        "Total Revenue": 21,
        "Gross Profit": 7,
        "Operating Income": 1,
        "EBIT": 1,
        "Net Income": 0
    },
    "2014-04-30": {
        "Diluted EPS": -0.02,
        "Total Revenue": 20,
        "Gross Profit": 7,
        "Operating Income": 0,
        "EBIT": 0,
        "Net Income": 0
    },
    "2014-01-31": {
        "Diluted EPS": -0.07,
        "Total Revenue": 17,
        "Gross Profit": 5,
        "Operating Income": -1,
        "EBIT": 0,
        "Net Income": 0
    },
    "2013-10-31": {
        "Diluted EPS": -0.02,
        "Total Revenue": 19,
        "Gross Profit": 7,
        "Operating Income": 0,
        "EBIT": 1,
        "Net Income": 0
    },
    "2013-07-31": {
        "Diluted EPS": -0.02,
        "Total Revenue": 20,
        "Gross Profit": 6,
        "Operating Income": 0,
        "EBIT": 0,
        "Net Income": 0
    },
    "2013-04-30": {
        "Diluted EPS": 0.01,
        "Total Revenue": 19,
        "Gross Profit": 7,
        "Operating Income": 0,
        "EBIT": 1,
        "Net Income": 0
    },
    "2013-01-31": {
        "Diluted EPS": 0.02,
        "Total Revenue": 17,
        "Gross Profit": 7,
        "Operating Income": 0,
        "EBIT": 1,
        "Net Income": 0
    },
    "2012-10-31": {
        "Diluted EPS": 0.07,
        "Total Revenue": 22,
        "Gross Profit": 8,
        "Operating Income": 1,
        "EBIT": 1,
        "Net Income": 0
    },
    "2012-07-31": {
        "Diluted EPS": 0.18,
        "Total Revenue": 22,
        "Gross Profit": 9,
        "Operating Income": 2,
        "EBIT": 2,
        "Net Income": 1
    },
    "2012-04-30": {
        "Diluted EPS": 0.15,
        "Total Revenue": 22,
        "Gross Profit": 9,
        "Operating Income": 2,
        "EBIT": 2,
        "Net Income": 1
    },
    "2012-01-31": {
        "Diluted EPS": 0.03,
        "Total Revenue": 17,
        "Gross Profit": 6,
        "Operating Income": 0,
        "EBIT": 1,
        "Net Income": 0
    },
    "2011-10-31": {
        "Diluted EPS": 0.05,
        "Total Revenue": 20,
        "Gross Profit": 7,
        "Operating Income": 1,
        "EBIT": 1,
        "Net Income": 0
    },
    "2011-07-31": {
        "Diluted EPS": 0.02,
        "Total Revenue": 19,
        "Gross Profit": 7,
        "Operating Income": 0,
        "EBIT": 1,
        "Net Income": 0
    },
    "2011-04-30": {
        "Diluted EPS": -0.02,
        "Total Revenue": 17,
        "Gross Profit": 6,
        "Operating Income": 0,
        "EBIT": 1,
        "Net Income": 0
    },
    "2011-01-31": {
        "Diluted EPS": 0.06,
        "Total Revenue": 18,
        "Gross Profit": 6,
        "Operating Income": 0,
        "EBIT": 1,
        "Net Income": 0
    },
    "2010-10-31": {
        "Diluted EPS": 0.28,
        "Total Revenue": 18,
        "Gross Profit": 7,
        "Operating Income": 2,
        "EBIT": 2,
        "Net Income": 1
    },
    "2010-07-31": {
        "Diluted EPS": 0.09,
        "Total Revenue": 19,
        "Gross Profit": 7,
        "Operating Income": 1,
        "EBIT": 2,
        "Net Income": 1
    },
    "2010-04-30": {
        "Diluted EPS": -1.27,
        "Total Revenue": 15,
        "Gross Profit": 4,
        "Operating Income": -8,
        "EBIT": -1,
        "Net Income": -7
    },
    "2010-01-31": {
        "Diluted EPS": -0.05,
        "Total Revenue": 15,
        "Gross Profit": 6,
        "Operating Income": 0,
        "EBIT": 0,
        "Net Income": 0
    },
    "2009-10-31": {
        "Diluted EPS": -0.03,
        "Total Revenue": 14,
        "Gross Profit": 5,
        "Operating Income": -1,
        "EBIT": 0,
        "Net Income": 0
    },
    "2009-07-31": {
        "Diluted EPS": -0.19,
        "Total Revenue": 14,
        "Gross Profit": 4,
        "Operating Income": -1,
        "EBIT": 0,
        "Net Income": -1
    },
    "2009-04-30": {
        "Diluted EPS": 0.0,
        "Total Revenue": 15,
        "Gross Profit": 6,
        "Operating Income": 0,
        "EBIT": 1,
        "Net Income": 0
    },
    "2009-01-31": {
        "Diluted EPS": -0.12,
        "Total Revenue": 15,
        "Gross Profit": 5,
        "Operating Income": -1,
        "EBIT": 0,
        "Net Income": -1
    },
    "2023-07-31": {
        "Tax Effect Of Unusual Items": NaN,
        "Tax Rate For Calcs": NaN,
        "Normalized EBITDA": NaN,
        "Total Unusual Items": 255880.0,
        "Total Unusual Items Excluding Goodwill": 255880.0,
        "Net Income From Continuing Operation Net Minority Interest": NaN,
        "Reconciled Depreciation": NaN,
        "Reconciled Cost Of Revenue": NaN,
        "EBITDA": NaN,
        "EBIT": NaN,
        "Net Interest Income": NaN,
        "Interest Expense": NaN,
        "Normalized Income": NaN,
        "Net Income From Continuing And Discontinued Operation": NaN,
        "Total Expenses": NaN,
        "Total Operating Income As Reported": NaN,
        "Diluted Average Shares": 7866673.0,
        "Basic Average Shares": 7866673.0,
        "Diluted EPS": 0.01,
        "Basic EPS": 0.01,
        "Diluted NI Availto Com Stockholders": NaN,
        "Net Income Common Stockholders": NaN,
        "Net Income": NaN,
        "Net Income Including Noncontrolling Interests": NaN,
        "Net Income Continuous Operations": NaN,
        "Tax Provision": NaN,
        "Pretax Income": NaN,
        "Other Income Expense": NaN,
        "Other Non Operating Income Expenses": NaN,
        "Special Income Charges": 255880.0,
        "Other Special Charges": -255880.0,
        "Net Non Operating Interest Income Expense": NaN,
        "Interest Expense Non Operating": NaN,
        "Operating Income": NaN,
        "Operating Expense": NaN,
        "Other Operating Expenses": NaN,
        "Depreciation Amortization Depletion Income Statement": NaN,
        "Depreciation And Amortization In Income Statement": NaN,
        "Amortization": NaN,
        "Amortization Of Intangibles Income Statement": NaN,
        "Selling General And Administration": NaN,
        "Gross Profit": NaN,
        "Cost Of Revenue": NaN,
        "Total Revenue": NaN,
        "Operating Revenue": NaN
    },
    "2023-10-31": {
        "Tax Effect Of Unusual Items": NaN,
        "Tax Rate For Calcs": NaN,
        "Normalized EBITDA": NaN,
        "Total Unusual Items": 247293.0,
        "Total Unusual Items Excluding Goodwill": 247293.0,
        "Net Income From Continuing Operation Net Minority Interest": NaN,
        "Reconciled Depreciation": NaN,
        "Reconciled Cost Of Revenue": NaN,
        "EBITDA": NaN,
        "EBIT": NaN,
        "Net Interest Income": NaN,
        "Interest Expense": NaN,
        "Normalized Income": NaN,
        "Net Income From Continuing And Discontinued Operation": NaN,
        "Total Expenses": NaN,
        "Total Operating Income As Reported": NaN,
        "Diluted Average Shares": NaN,
        "Basic Average Shares": NaN,
        "Diluted EPS": NaN,
        "Basic EPS": NaN,
        "Diluted NI Availto Com Stockholders": NaN,
        "Net Income Common Stockholders": NaN,
        "Net Income": NaN,
        "Net Income Including Noncontrolling Interests": NaN,
        "Net Income Continuous Operations": NaN,
        "Tax Provision": NaN,
        "Pretax Income": NaN,
        "Other Income Expense": NaN,
        "Other Non Operating Income Expenses": NaN,
        "Special Income Charges": 247293.0,
        "Other Special Charges": -247293.0,
        "Net Non Operating Interest Income Expense": NaN,
        "Interest Expense Non Operating": NaN,
        "Operating Income": NaN,
        "Operating Expense": NaN,
        "Other Operating Expenses": NaN,
        "Depreciation Amortization Depletion Income Statement": NaN,
        "Depreciation And Amortization In Income Statement": NaN,
        "Amortization": NaN,
        "Amortization Of Intangibles Income Statement": NaN,
        "Selling General And Administration": NaN,
        "Gross Profit": NaN,
        "Cost Of Revenue": NaN,
        "Total Revenue": NaN,
        "Operating Revenue": NaN
    },
    "2024-01-31": {
        "Tax Effect Of Unusual Items": NaN,
        "Tax Rate For Calcs": NaN,
        "Normalized EBITDA": NaN,
        "Total Unusual Items": NaN,
        "Total Unusual Items Excluding Goodwill": NaN,
        "Net Income From Continuing Operation Net Minority Interest": NaN,
        "Reconciled Depreciation": NaN,
        "Reconciled Cost Of Revenue": NaN,
        "EBITDA": NaN,
        "EBIT": NaN,
        "Net Interest Income": NaN,
        "Interest Expense": NaN,
        "Normalized Income": NaN,
        "Net Income From Continuing And Discontinued Operation": NaN,
        "Total Expenses": NaN,
        "Total Operating Income As Reported": NaN,
        "Diluted Average Shares": 7751116.0,
        "Basic Average Shares": 7751116.0,
        "Diluted EPS": -0.18,
        "Basic EPS": -0.18,
        "Diluted NI Availto Com Stockholders": NaN,
        "Net Income Common Stockholders": NaN,
        "Net Income": NaN,
        "Net Income Including Noncontrolling Interests": NaN,
        "Net Income Continuous Operations": NaN,
        "Tax Provision": NaN,
        "Pretax Income": NaN,
        "Other Income Expense": NaN,
        "Other Non Operating Income Expenses": NaN,
        "Special Income Charges": NaN,
        "Other Special Charges": NaN,
        "Net Non Operating Interest Income Expense": NaN,
        "Interest Expense Non Operating": NaN,
        "Operating Income": NaN,
        "Operating Expense": NaN,
        "Other Operating Expenses": NaN,
        "Depreciation Amortization Depletion Income Statement": NaN,
        "Depreciation And Amortization In Income Statement": NaN,
        "Amortization": NaN,
        "Amortization Of Intangibles Income Statement": NaN,
        "Selling General And Administration": NaN,
        "Gross Profit": NaN,
        "Cost Of Revenue": NaN,
        "Total Revenue": NaN,
        "Operating Revenue": NaN
    },
    "2024-07-31": {
        "Tax Effect Of Unusual Items": 18965.1,
        "Tax Rate For Calcs": 0.21,
        "Normalized EBITDA": -1126235.0,
        "Total Unusual Items": 90310.0,
        "Total Unusual Items Excluding Goodwill": 90310.0,
        "Net Income From Continuing Operation Net Minority Interest": -1557053.0,
        "Reconciled Depreciation": 212962.0,
        "Reconciled Cost Of Revenue": 12102000.0,
        "EBITDA": -1035925.0,
        "EBIT": -1248887.0,
        "Net Interest Income": -301483.0,
        "Interest Expense": 301483.0,
        "Normalized Income": -1628397.9,
        "Net Income From Continuing And Discontinued Operation": -1557053.0,
        "Total Expenses": 17559224.0,
        "Total Operating Income As Reported": -1337553.0,
        "Diluted Average Shares": 7739266.0,
        "Basic Average Shares": 7739266.0,
        "Diluted EPS": -0.2,
        "Basic EPS": -0.2,
        "Diluted NI Availto Com Stockholders": -1557053.0,
        "Net Income Common Stockholders": -1557053.0,
        "Net Income": -1557053.0,
        "Net Income Including Noncontrolling Interests": -1557053.0,
        "Net Income Continuous Operations": -1557053.0,
        "Tax Provision": 6683.0,
        "Pretax Income": -1550370.0,
        "Other Income Expense": 88666.0,
        "Other Non Operating Income Expenses": -1644.0,
        "Special Income Charges": 90310.0,
        "Other Special Charges": -90310.0,
        "Net Non Operating Interest Income Expense": -301483.0,
        "Interest Expense Non Operating": 301483.0,
        "Operating Income": -1337553.0,
        "Operating Expense": 5257777.0,
        "Other Operating Expenses": 6616.0,
        "Depreciation Amortization Depletion Income Statement": 13515.0,
        "Depreciation And Amortization In Income Statement": 13515.0,
        "Amortization": 13515.0,
        "Amortization Of Intangibles Income Statement": 13515.0,
        "Selling General And Administration": 5237646.0,
        "Gross Profit": 3920224.0,
        "Cost Of Revenue": 12301447.0,
        "Total Revenue": 16221671.0,
        "Operating Revenue": 16221671.0
    },
    "2024-10-31": {
        "Tax Effect Of Unusual Items": -1030.05,
        "Tax Rate For Calcs": 0.21,
        "Normalized EBITDA": 885474.0,
        "Total Unusual Items": -4905.0,
        "Total Unusual Items Excluding Goodwill": -4905.0,
        "Net Income From Continuing Operation Net Minority Interest": 373462.0,
        "Reconciled Depreciation": 221475.0,
        "Reconciled Cost Of Revenue": 12745215.0,
        "EBITDA": 880569.0,
        "EBIT": 659094.0,
        "Net Interest Income": -285919.0,
        "Interest Expense": 285919.0,
        "Normalized Income": 377336.95,
        "Net Income From Continuing And Discontinued Operation": 373462.0,
        "Total Expenses": 18823477.0,
        "Total Operating Income As Reported": 662088.0,
        "Diluted Average Shares": NaN,
        "Basic Average Shares": NaN,
        "Diluted EPS": NaN,
        "Basic EPS": NaN,
        "Diluted NI Availto Com Stockholders": 373462.0,
        "Net Income Common Stockholders": 373462.0,
        "Net Income": 373462.0,
        "Net Income Including Noncontrolling Interests": 373462.0,
        "Net Income Continuous Operations": 373462.0,
        "Tax Provision": -287.0,
        "Pretax Income": 373175.0,
        "Other Income Expense": -2994.0,
        "Other Non Operating Income Expenses": 1911.0,
        "Special Income Charges": -4905.0,
        "Other Special Charges": 4905.0,
        "Net Non Operating Interest Income Expense": -285919.0,
        "Interest Expense Non Operating": 285919.0,
        "Operating Income": 662088.0,
        "Operating Expense": 5870302.0,
        "Other Operating Expenses": 6571.0,
        "Depreciation Amortization Depletion Income Statement": 13515.0,
        "Depreciation And Amortization In Income Statement": 13515.0,
        "Amortization": 13515.0,
        "Amortization Of Intangibles Income Statement": 13515.0,
        "Selling General And Administration": 5850216.0,
        "Gross Profit": 6532390.0,
        "Cost Of Revenue": 12953175.0,
        "Total Revenue": 19485565.0,
        "Operating Revenue": 19485565.0
    },
    "2025-01-31": {
        "Tax Effect Of Unusual Items": 0.0,
        "Tax Rate For Calcs": 0.21,
        "Normalized EBITDA": -619677.0,
        "Total Unusual Items": NaN,
        "Total Unusual Items Excluding Goodwill": NaN,
        "Net Income From Continuing Operation Net Minority Interest": -1107431.0,
        "Reconciled Depreciation": 211956.0,
        "Reconciled Cost Of Revenue": 10917383.0,
        "EBITDA": -619677.0,
        "EBIT": -831633.0,
        "Net Interest Income": -263731.0,
        "Interest Expense": 263731.0,
        "Normalized Income": -1107431.0,
        "Net Income From Continuing And Discontinued Operation": -1107431.0,
        "Total Expenses": 16594969.0,
        "Total Operating Income As Reported": -852352.0,
        "Diluted Average Shares": 7815000.0,
        "Basic Average Shares": 7815000.0,
        "Diluted EPS": -0.14,
        "Basic EPS": -0.14,
        "Diluted NI Availto Com Stockholders": -1107431.0,
        "Net Income Common Stockholders": -1107431.0,
        "Net Income": -1107431.0,
        "Net Income Including Noncontrolling Interests": -1107431.0,
        "Net Income Continuous Operations": -1107431.0,
        "Tax Provision": 12067.0,
        "Pretax Income": -1095364.0,
        "Other Income Expense": 20719.0,
        "Other Non Operating Income Expenses": 20719.0,
        "Special Income Charges": NaN,
        "Other Special Charges": NaN,
        "Net Non Operating Interest Income Expense": -263731.0,
        "Interest Expense Non Operating": 263731.0,
        "Operating Income": -852352.0,
        "Operating Expense": 5479146.0,
        "Other Operating Expenses": 6571.0,
        "Depreciation Amortization Depletion Income Statement": 13516.0,
        "Depreciation And Amortization In Income Statement": 13516.0,
        "Amortization": 13516.0,
        "Amortization Of Intangibles Income Statement": 13516.0,
        "Selling General And Administration": 5459059.0,
        "Gross Profit": 4626794.0,
        "Cost Of Revenue": 11115823.0,
        "Total Revenue": 15742617.0,
        "Operating Revenue": 15742617.0
    },
    "2024-04-30": {
        "Tax Effect Of Unusual Items": 0.0,
        "Tax Rate For Calcs": 0.21,
        "Normalized EBITDA": -1095435.0,
        "Total Unusual Items": 0.0,
        "Total Unusual Items Excluding Goodwill": 0.0,
        "Net Income From Continuing Operation Net Minority Interest": -1601346.0,
        "Reconciled Depreciation": 218066.0,
        "Reconciled Cost Of Revenue": 11868912.0,
        "EBITDA": -1095435.0,
        "EBIT": -1313501.0,
        "Net Interest Income": -280618.0,
        "Interest Expense": 280618.0,
        "Normalized Income": -1601346.0,
        "Net Income From Continuing And Discontinued Operation": -1601346.0,
        "Total Expenses": 17413235.0,
        "Total Operating Income As Reported": -1301137.0,
        "Diluted Average Shares": 7711000.0,
        "Basic Average Shares": 7711000.0,
        "Diluted EPS": -0.21,
        "Basic EPS": -0.21,
        "Diluted NI Availto Com Stockholders": -1601346.0,
        "Net Income Common Stockholders": -1601346.0,
        "Net Income": -1601346.0,
        "Net Income Including Noncontrolling Interests": -1601346.0,
        "Net Income Continuous Operations": -1601346.0,
        "Tax Provision": 7227.0,
        "Pretax Income": -1594119.0,
        "Other Income Expense": -12364.0,
        "Other Non Operating Income Expenses": -12364.0,
        "Special Income Charges": 0.0,
        "Other Special Charges": NaN,
        "Net Non Operating Interest Income Expense": -280618.0,
        "Interest Expense Non Operating": 280618.0,
        "Operating Income": -1301137.0,
        "Operating Expense": 5339773.0,
        "Other Operating Expenses": 6677.0,
        "Depreciation Amortization Depletion Income Statement": 13516.0,
        "Depreciation And Amortization In Income Statement": 13516.0,
        "Amortization": 13516.0,
        "Amortization Of Intangibles Income Statement": 13516.0,
        "Selling General And Administration": 5319580.0,
        "Gross Profit": 4038636.0,
        "Cost Of Revenue": 12073462.0,
        "Total Revenue": 16112098.0,
        "Operating Revenue": 16112098.0
    },
    "2025-04-30": {
        "Tax Effect Of Unusual Items": 0.0,
        "Tax Rate For Calcs": 0.21,
        "Normalized EBITDA": -222166.0,
        "Total Unusual Items": 0.0,
        "Total Unusual Items Excluding Goodwill": 0.0,
        "Net Income From Continuing Operation Net Minority Interest": -697922.0,
        "Reconciled Depreciation": 212152.0,
        "Reconciled Cost Of Revenue": 12016771.0,
        "EBITDA": -222166.0,
        "EBIT": -434318.0,
        "Net Interest Income": -248826.0,
        "Interest Expense": 248826.0,
        "Normalized Income": -697922.0,
        "Net Income From Continuing And Discontinued Operation": -697922.0,
        "Total Expenses": 17978950.0,
        "Total Operating Income As Reported": -429202.0,
        "Diluted Average Shares": 7798366.0,
        "Basic Average Shares": 7798366.0,
        "Diluted EPS": -0.09,
        "Basic EPS": -0.09,
        "Diluted NI Availto Com Stockholders": -697922.0,
        "Net Income Common Stockholders": -697922.0,
        "Net Income": -697922.0,
        "Net Income Including Noncontrolling Interests": -697922.0,
        "Net Income Continuous Operations": -697922.0,
        "Tax Provision": 14778.0,
        "Pretax Income": -683144.0,
        "Other Income Expense": -5116.0,
        "Other Non Operating Income Expenses": -5116.0,
        "Special Income Charges": 0.0,
        "Other Special Charges": NaN,
        "Net Non Operating Interest Income Expense": -248826.0,
        "Interest Expense Non Operating": 248826.0,
        "Operating Income": -429202.0,
        "Operating Expense": 5763543.0,
        "Other Operating Expenses": 6572.0,
        "Depreciation Amortization Depletion Income Statement": 13516.0,
        "Depreciation And Amortization In Income Statement": 13516.0,
        "Amortization": 13516.0,
        "Amortization Of Intangibles Income Statement": 13516.0,
        "Selling General And Administration": 5743455.0,
        "Gross Profit": 5334341.0,
        "Cost Of Revenue": 12215407.0,
        "Total Revenue": 17549748.0,
        "Operating Revenue": 17549748.0
    }
}