{
    "2023-06-30": {
        "Tax Effect Of Unusual Items": 0.0,
        "Tax Rate For Calcs": 0.244,
        "Total Unusual Items": 0.0,
        "Total Unusual Items Excluding Goodwill": 0.0,
        "Net Income From Continuing Operation Net Minority Interest": 27797000.0,
        "Reconciled Depreciation": 3987000.0,
        "Net Interest Income": 92109000.0,
        "Interest Expense": 57987000.0,
        "Interest Income": 150096000.0,
        "Normalized Income": 27797000.0,
        "Net Income From Continuing And Discontinued Operation": 27797000.0,
        "Diluted Average Shares": 59153000.0,
        "Basic Average Shares": 59147000.0,
        "Diluted EPS": 0.45,
        "Basic EPS": 0.45,
        "Diluted NI Availto Com Stockholders": 26793000.0,
        "Net Income Common Stockholders": 26793000.0,
        "Preferred Stock Dividends": 1004000.0,
        "Net Income": 27797000.0,
        "Minority Interests": -85000.0,
        "Net Income Including Noncontrolling Interests": 27882000.0,
        "Net Income Continuous Operations": 27882000.0,
        "Tax Provision": 8996000.0,
        "Pretax Income": 36878000.0,
        "Special Income Charges": 0.0,
        "Restructuring And Mergern Acquisition": 0.0,
        "Gain On Sale Of Security": -559000.0,
        "Depreciation Amortization Depletion Income Statement": 994000.0,
        "Depreciation And Amortization In Income Statement": 994000.0,
        "Amortization": 994000.0,
        "Amortization Of Intangibles Income Statement": 994000.0,
        "Selling General And Administration": 37648000.0,
        "Selling And Marketing Expense": 961000.0,
        "General And Administrative Expense": 36687000.0,
        "Insurance And Claims": 2465000.0,
        "Salaries And Wages": 34222000.0,
        "Total Revenue": 99823000.0,
        "Operating Revenue": 99823000.0,
        "Occupancy And Equipment": 6366000.0,
        "Professional Expense And Contract Services Expense": 5083000.0,
        "Other Non Interest Expense": 11625000.0
    },
    "2023-03-31": {
        "Tax Effect Of Unusual Items": -21804.0,
        "Tax Rate For Calcs": 0.237,
        "Total Unusual Items": -92000.0,
        "Total Unusual Items Excluding Goodwill": -92000.0,
        "Net Income From Continuing Operation Net Minority Interest": 27883000.0,
        "Reconciled Depreciation": 4136000.0,
        "Net Interest Income": 98802000.0,
        "Interest Expense": 40232000.0,
        "Interest Income": 139034000.0,
        "Normalized Income": 27953196.0,
        "Net Income From Continuing And Discontinued Operation": 27883000.0,
        "Diluted Average Shares": 58918000.0,
        "Basic Average Shares": 58774000.0,
        "Diluted EPS": 0.46,
        "Basic EPS": 0.46,
        "Diluted NI Availto Com Stockholders": 26879000.0,
        "Net Income Common Stockholders": 26879000.0,
        "Preferred Stock Dividends": 1004000.0,
        "Net Income": 27883000.0,
        "Minority Interests": -16000.0,
        "Net Income Including Noncontrolling Interests": 27899000.0,
        "Net Income Continuous Operations": 27899000.0,
        "Tax Provision": 8654000.0,
        "Pretax Income": 36553000.0,
        "Special Income Charges": -92000.0,
        "Restructuring And Mergern Acquisition": 92000.0,
        "Gain On Sale Of Security": -6100000.0,
        "Depreciation Amortization Depletion Income Statement": 1027000.0,
        "Depreciation And Amortization In Income Statement": 1027000.0,
        "Amortization": 1027000.0,
        "Amortization Of Intangibles Income Statement": 1027000.0,
        "Selling General And Administration": 36651000.0,
        "Selling And Marketing Expense": 982000.0,
        "General And Administrative Expense": 35669000.0,
        "Insurance And Claims": 1749000.0,
        "Salaries And Wages": 33920000.0,
        "Total Revenue": 99594000.0,
        "Operating Revenue": 99594000.0,
        "Occupancy And Equipment": 6444000.0,
        "Professional Expense And Contract Services Expense": 5098000.0,
        "Other Non Interest Expense": 10716000.0
    },
    "2022-12-31": {
        "Tax Effect Of Unusual Items": -95035.817389,
        "Tax Rate For Calcs": 0.245571,
        "Total Unusual Items": -387000.0,
        "Total Unusual Items Excluding Goodwill": -387000.0,
        "Net Income From Continuing Operation Net Minority Interest": 53272000.0,
        "Reconciled Depreciation": 4316000.0,
        "Net Interest Income": 106488000.0,
        "Interest Expense": 23789000.0,
        "Interest Income": 130277000.0,
        "Normalized Income": 53563964.182611,
        "Net Income From Continuing And Discontinued Operation": 53272000.0,
        "Diluted Average Shares": 58751000.0,
        "Basic Average Shares": 58584000.0,
        "Diluted EPS": 0.89,
        "Basic EPS": 0.89,
        "Diluted NI Availto Com Stockholders": 52268000.0,
        "Net Income Common Stockholders": 52268000.0,
        "Preferred Stock Dividends": 1004000.0,
        "Net Income": 53272000.0,
        "Minority Interests": -39000.0,
        "Net Income Including Noncontrolling Interests": 53311000.0,
        "Net Income Continuous Operations": 53311000.0,
        "Tax Provision": 17353000.0,
        "Pretax Income": 70664000.0,
        "Special Income Charges": -387000.0,
        "Restructuring And Mergern Acquisition": 387000.0,
        "Gain On Sale Of Security": 17706000.0,
        "Depreciation Amortization Depletion Income Statement": 1159000.0,
        "Depreciation And Amortization In Income Statement": 1159000.0,
        "Amortization": 1159000.0,
        "Amortization Of Intangibles Income Statement": 1159000.0,
        "Selling General And Administration": 18106000.0,
        "Selling And Marketing Expense": 705000.0,
        "General And Administrative Expense": 17401000.0,
        "Insurance And Claims": 1924000.0,
        "Salaries And Wages": 33943000.0,
        "Total Revenue": 132796000.0,
        "Operating Revenue": 132796000.0
    },
    "2022-09-30": {
        "Tax Effect Of Unusual Items": NaN,
        "Tax Rate For Calcs": NaN,
        "Total Unusual Items": NaN,
        "Total Unusual Items Excluding Goodwill": NaN,
        "Net Income From Continuing Operation Net Minority Interest": NaN,
        "Reconciled Depreciation": NaN,
        "Net Interest Income": NaN,
        "Interest Expense": NaN,
        "Interest Income": NaN,
        "Normalized Income": NaN,
        "Net Income From Continuing And Discontinued Operation": NaN,
        "Diluted Average Shares": NaN,
        "Basic Average Shares": NaN,
        "Diluted EPS": NaN,
        "Basic EPS": NaN,
        "Diluted NI Availto Com Stockholders": NaN,
        "Net Income Common Stockholders": NaN,
        "Preferred Stock Dividends": NaN,
        "Net Income": NaN,
        "Minority Interests": NaN,
        "Net Income Including Noncontrolling Interests": NaN,
        "Net Income Continuous Operations": NaN,
        "Tax Provision": NaN,
        "Pretax Income": NaN,
        "Special Income Charges": NaN,
        "Restructuring And Mergern Acquisition": NaN,
        "Gain On Sale Of Security": NaN,
        "Depreciation Amortization Depletion Income Statement": NaN,
        "Depreciation And Amortization In Income Statement": NaN,
        "Amortization": NaN,
        "Amortization Of Intangibles Income Statement": NaN,
        "Selling General And Administration": NaN,
        "Selling And Marketing Expense": NaN,
        "General And Administrative Expense": NaN,
        "Other Gand A": 6560000.0,
        "Insurance And Claims": NaN,
        "Salaries And Wages": NaN,
        "Total Revenue": NaN,
        "Operating Revenue": NaN
    },
    "2022-06-30": {
        "Tax Effect Of Unusual Items": -161236.0,
        "Tax Rate For Calcs": 0.233,
        "Total Unusual Items": -692000.0,
        "Total Unusual Items Excluding Goodwill": -692000.0,
        "Net Income From Continuing Operation Net Minority Interest": 28961000.0,
        "Reconciled Depreciation": 1178000.0,
        "Net Interest Income": 90797000.0,
        "Interest Expense": 8619000.0,
        "Interest Income": 99416000.0,
        "Normalized Income": 29491764.0,
        "Net Income From Continuing And Discontinued Operation": 28961000.0,
        "Diluted Average Shares": 58995000.0,
        "Basic Average Shares": 58894000.0,
        "Diluted EPS": 0.47,
        "Basic EPS": 0.48,
        "Diluted NI Availto Com Stockholders": 27957000.0,
        "Net Income Common Stockholders": 27957000.0,
        "Preferred Stock Dividends": 1004000.0,
        "Net Income": 28961000.0,
        "Minority Interests": -522000.0,
        "Net Income Including Noncontrolling Interests": 29483000.0,
        "Net Income Continuous Operations": 29483000.0,
        "Tax Provision": 8940000.0,
        "Pretax Income": 38423000.0,
        "Special Income Charges": -742000.0,
        "Restructuring And Mergern Acquisition": 742000.0,
        "Gain On Sale Of Security": -5784000.0,
        "Depreciation Amortization Depletion Income Statement": 1178000.0,
        "Depreciation And Amortization In Income Statement": 1178000.0,
        "Amortization": 1178000.0,
        "Amortization Of Intangibles Income Statement": 1178000.0,
        "Selling General And Administration": 42082000.0,
        "Selling And Marketing Expense": 971000.0,
        "General And Administrative Expense": 41111000.0,
        "Other Gand A": 6170000.0,
        "Insurance And Claims": 1788000.0,
        "Salaries And Wages": 33153000.0,
        "Total Revenue": 96823000.0,
        "Operating Revenue": 96823000.0
    },
    "2022-03-31": {
        "Diluted EPS": 0.42,
        "Total Revenue": 100,
        "Gross Profit": 93,
        "Operating Income": 36,
        "EBIT": NaN,
        "Net Income": 25
    },
    "2021-12-31": {
        "Diluted EPS": 0.37,
        "Total Revenue": 98,
        "Gross Profit": 90,
        "Operating Income": 27,
        "EBIT": NaN,
        "Net Income": 22
    },
    "2021-09-30": {
        "Diluted EPS": 0.39,
        "Total Revenue": 95,
        "Gross Profit": 87,
        "Operating Income": 32,
        "EBIT": NaN,
        "Net Income": 23
    },
    "2021-06-30": {
        "Diluted EPS": 0.49,
        "Total Revenue": 95,
        "Gross Profit": 86,
        "Operating Income": 41,
        "EBIT": NaN,
        "Net Income": 30
    },
    "2021-03-31": {
        "Diluted EPS": 0.53,
        "Total Revenue": 106,
        "Gross Profit": 94,
        "Operating Income": 44,
        "EBIT": NaN,
        "Net Income": 32
    },
    "2020-12-31": {
        "Diluted EPS": 0.54,
        "Total Revenue": 133,
        "Gross Profit": 118,
        "Operating Income": 45,
        "EBIT": NaN,
        "Net Income": 32
    },
    "2020-09-30": {
        "Diluted EPS": -0.1,
        "Total Revenue": 101,
        "Gross Profit": 85,
        "Operating Income": -4,
        "EBIT": NaN,
        "Net Income": -6
    },
    "2020-06-30": {
        "Diluted EPS": 0.31,
        "Total Revenue": 107,
        "Gross Profit": 90,
        "Operating Income": 28,
        "EBIT": NaN,
        "Net Income": 19
    },
    "2020-03-31": {
        "Diluted EPS": 0.27,
        "Total Revenue": 112,
        "Gross Profit": 93,
        "Operating Income": 29,
        "EBIT": NaN,
        "Net Income": 17
    },
    "2019-12-31": {
        "Diluted EPS": 0.47,
        "Total Revenue": 88,
        "Gross Profit": 75,
        "Operating Income": 30,
        "EBIT": NaN,
        "Net Income": 23
    },
    "2019-09-30": {
        "Diluted EPS": 0.49,
        "Total Revenue": 88,
        "Gross Profit": 75,
        "Operating Income": 32,
        "EBIT": NaN,
        "Net Income": 25
    },
    "2019-06-30": {
        "Diluted EPS": 0.37,
        "Total Revenue": 88,
        "Gross Profit": 75,
        "Operating Income": 24,
        "EBIT": NaN,
        "Net Income": 19
    },
    "2019-03-31": {
        "Diluted EPS": 0.42,
        "Total Revenue": 86,
        "Gross Profit": 74,
        "Operating Income": 31,
        "EBIT": NaN,
        "Net Income": 21
    },
    "2018-12-31": {
        "Diluted EPS": 0.57,
        "Total Revenue": 81,
        "Gross Profit": 71,
        "Operating Income": 32,
        "EBIT": NaN,
        "Net Income": 27
    },
    "2018-09-30": {
        "Diluted EPS": 0.5,
        "Total Revenue": 80,
        "Gross Profit": 70,
        "Operating Income": 30,
        "EBIT": NaN,
        "Net Income": 24
    },
    "2018-06-30": {
        "Diluted EPS": 0.32,
        "Total Revenue": 79,
        "Gross Profit": 70,
        "Operating Income": 25,
        "EBIT": NaN,
        "Net Income": 16
    },
    "2018-03-31": {
        "Diluted EPS": 0.12,
        "Total Revenue": 72,
        "Gross Profit": 65,
        "Operating Income": 25,
        "EBIT": NaN,
        "Net Income": 5
    },
    "2017-12-31": {
        "Diluted EPS": 0.3,
        "Total Revenue": 55,
        "Gross Profit": 49,
        "Operating Income": 22,
        "EBIT": NaN,
        "Net Income": 10
    },
    "2017-09-30": {
        "Diluted EPS": 0.39,
        "Total Revenue": 55,
        "Gross Profit": 50,
        "Operating Income": 20,
        "EBIT": NaN,
        "Net Income": 13
    },
    "2017-06-30": {
        "Diluted EPS": 0.23,
        "Total Revenue": 54,
        "Gross Profit": 49,
        "Operating Income": 14,
        "EBIT": NaN,
        "Net Income": 8
    },
    "2017-03-31": {
        "Diluted EPS": 0.36,
        "Total Revenue": 52,
        "Gross Profit": 47,
        "Operating Income": 17,
        "EBIT": NaN,
        "Net Income": 12
    },
    "2016-12-31": {
        "Diluted EPS": 0.22,
        "Total Revenue": 46,
        "Gross Profit": 42,
        "Operating Income": 16,
        "EBIT": NaN,
        "Net Income": 6
    },
    "2016-09-30": {
        "Diluted EPS": 0.35,
        "Total Revenue": 43,
        "Gross Profit": 40,
        "Operating Income": 15,
        "EBIT": NaN,
        "Net Income": 9
    },
    "2016-06-30": {
        "Diluted EPS": 0.16,
        "Total Revenue": 38,
        "Gross Profit": 35,
        "Operating Income": 13,
        "EBIT": NaN,
        "Net Income": 4
    },
    "2016-03-31": {
        "Diluted EPS": 0.25,
        "Total Revenue": 26,
        "Gross Profit": 24,
        "Operating Income": 8,
        "EBIT": NaN,
        "Net Income": 4
    },
    "2015-12-31": {
        "Diluted EPS": 0.3,
        "Total Revenue": 27,
        "Gross Profit": 25,
        "Operating Income": 9,
        "EBIT": NaN,
        "Net Income": 5
    },
    "2015-09-30": {
        "Diluted EPS": 0.28,
        "Total Revenue": 26,
        "Gross Profit": 24,
        "Operating Income": 8,
        "EBIT": NaN,
        "Net Income": 5
    },
    "2015-06-30": {
        "Diluted EPS": 0.31,
        "Total Revenue": 25,
        "Gross Profit": 23,
        "Operating Income": 8,
        "EBIT": NaN,
        "Net Income": 5
    },
    "2015-03-31": {
        "Diluted EPS": 0.32,
        "Total Revenue": 24,
        "Gross Profit": 22,
        "Operating Income": 8,
        "EBIT": NaN,
        "Net Income": 5
    },
    "2014-12-31": {
        "Diluted EPS": 0.3,
        "Total Revenue": 25,
        "Gross Profit": 23,
        "Operating Income": 7,
        "EBIT": NaN,
        "Net Income": 5
    },
    "2014-09-30": {
        "Diluted EPS": 0.31,
        "Total Revenue": 25,
        "Gross Profit": 23,
        "Operating Income": 8,
        "EBIT": NaN,
        "Net Income": 5
    },
    "2014-06-30": {
        "Diluted EPS": 0.3,
        "Total Revenue": 25,
        "Gross Profit": 23,
        "Operating Income": 8,
        "EBIT": NaN,
        "Net Income": 5
    },
    "2014-03-31": {
        "Diluted EPS": 0.28,
        "Total Revenue": 24,
        "Gross Profit": 22,
        "Operating Income": 7,
        "EBIT": NaN,
        "Net Income": 5
    },
    "2013-12-31": {
        "Diluted EPS": 0.11,
        "Total Revenue": 24,
        "Gross Profit": 22,
        "Operating Income": 3,
        "EBIT": NaN,
        "Net Income": 2
    },
    "2013-09-30": {
        "Diluted EPS": 0.29,
        "Total Revenue": 24,
        "Gross Profit": 22,
        "Operating Income": 8,
        "EBIT": NaN,
        "Net Income": 5
    },
    "2013-06-30": {
        "Diluted EPS": 0.29,
        "Total Revenue": 25,
        "Gross Profit": 22,
        "Operating Income": 8,
        "EBIT": NaN,
        "Net Income": 5
    },
    "2013-03-31": {
        "Diluted EPS": 0.26,
        "Total Revenue": 23,
        "Gross Profit": 21,
        "Operating Income": 7,
        "EBIT": NaN,
        "Net Income": 4
    },
    "2012-12-31": {
        "Diluted EPS": 0.23,
        "Total Revenue": 25,
        "Gross Profit": 22,
        "Operating Income": 6,
        "EBIT": NaN,
        "Net Income": 4
    },
    "2012-09-30": {
        "Diluted EPS": 0.28,
        "Total Revenue": 26,
        "Gross Profit": 23,
        "Operating Income": 8,
        "EBIT": NaN,
        "Net Income": 5
    },
    "2012-06-30": {
        "Diluted EPS": 0.3,
        "Total Revenue": 27,
        "Gross Profit": 23,
        "Operating Income": 8,
        "EBIT": NaN,
        "Net Income": 5
    },
    "2012-03-31": {
        "Diluted EPS": 0.31,
        "Total Revenue": 27,
        "Gross Profit": 23,
        "Operating Income": 9,
        "EBIT": NaN,
        "Net Income": 6
    },
    "2011-12-31": {
        "Diluted EPS": 0.3,
        "Total Revenue": 28,
        "Gross Profit": 23,
        "Operating Income": 8,
        "EBIT": NaN,
        "Net Income": 5
    },
    "2011-09-30": {
        "Diluted EPS": 0.28,
        "Total Revenue": 27,
        "Gross Profit": 23,
        "Operating Income": 8,
        "EBIT": NaN,
        "Net Income": 5
    },
    "2011-06-30": {
        "Diluted EPS": 0.28,
        "Total Revenue": 28,
        "Gross Profit": 24,
        "Operating Income": 8,
        "EBIT": NaN,
        "Net Income": 5
    },
    "2011-03-31": {
        "Diluted EPS": 0.28,
        "Total Revenue": 28,
        "Gross Profit": 23,
        "Operating Income": 8,
        "EBIT": NaN,
        "Net Income": 5
    },
    "2010-12-31": {
        "Diluted EPS": 0.32,
        "Total Revenue": 29,
        "Gross Profit": 23,
        "Operating Income": 7,
        "EBIT": NaN,
        "Net Income": 6
    },
    "2010-09-30": {
        "Diluted EPS": 0.29,
        "Total Revenue": 30,
        "Gross Profit": 24,
        "Operating Income": 8,
        "EBIT": NaN,
        "Net Income": 5
    },
    "2010-06-30": {
        "Diluted EPS": 0.27,
        "Total Revenue": 29,
        "Gross Profit": 23,
        "Operating Income": 8,
        "EBIT": NaN,
        "Net Income": 5
    },
    "2010-03-31": {
        "Diluted EPS": 0.24,
        "Total Revenue": 28,
        "Gross Profit": 22,
        "Operating Income": 7,
        "EBIT": NaN,
        "Net Income": 4
    },
    "2009-12-31": {
        "Diluted EPS": 0.08,
        "Total Revenue": 27,
        "Gross Profit": 21,
        "Operating Income": 7,
        "EBIT": NaN,
        "Net Income": 2
    },
    "2009-09-30": {
        "Diluted EPS": 0.34,
        "Total Revenue": 28,
        "Gross Profit": 21,
        "Operating Income": 7,
        "EBIT": NaN,
        "Net Income": 4
    },
    "2009-06-30": {
        "Diluted EPS": 0.26,
        "Total Revenue": 28,
        "Gross Profit": 20,
        "Operating Income": 6,
        "EBIT": NaN,
        "Net Income": 3
    },
    "2009-03-31": {
        "Diluted EPS": 0.3,
        "Total Revenue": 28,
        "Gross Profit": 19,
        "Operating Income": 6,
        "EBIT": NaN,
        "Net Income": 3
    },
    "2023-09-30": {
        "Tax Effect Of Unusual Items": 0.0,
        "Tax Rate For Calcs": 0.239,
        "Total Unusual Items": 0.0,
        "Total Unusual Items Excluding Goodwill": 0.0,
        "Net Income From Continuing Operation Net Minority Interest": 20667000.0,
        "Reconciled Depreciation": 4103000.0,
        "Net Interest Income": 90996000.0,
        "Interest Expense": 67414000.0,
        "Interest Income": 158410000.0,
        "Normalized Income": 20667000.0,
        "Net Income From Continuing And Discontinued Operation": 20667000.0,
        "Diluted Average Shares": NaN,
        "Basic Average Shares": NaN,
        "Diluted EPS": NaN,
        "Basic EPS": NaN,
        "Diluted NI Availto Com Stockholders": 19663000.0,
        "Net Income Common Stockholders": 19663000.0,
        "Preferred Stock Dividends": 1004000.0,
        "Net Income": 20667000.0,
        "Minority Interests": 135000.0,
        "Net Income Including Noncontrolling Interests": 20532000.0,
        "Net Income Continuous Operations": 20532000.0,
        "Tax Provision": 6459000.0,
        "Pretax Income": 26991000.0,
        "Special Income Charges": 0.0,
        "Restructuring And Mergern Acquisition": 0.0,
        "Gain On Sale Of Security": 1463000.0,
        "Depreciation Amortization Depletion Income Statement": 987000.0,
        "Depreciation And Amortization In Income Statement": 987000.0,
        "Amortization": 987000.0,
        "Amortization Of Intangibles Income Statement": 987000.0,
        "Selling General And Administration": 39274000.0,
        "Selling And Marketing Expense": 1183000.0,
        "General And Administrative Expense": 38091000.0,
        "Insurance And Claims": 2557000.0,
        "Salaries And Wages": 35534000.0,
        "Total Revenue": 100604000.0,
        "Operating Revenue": 100604000.0,
        "Occupancy And Equipment": 6638000.0,
        "Professional Expense And Contract Services Expense": 5258000.0,
        "Other Non Interest Expense": 11173000.0
    },
    "2023-12-31": {
        "Tax Effect Of Unusual Items": NaN,
        "Tax Rate For Calcs": NaN,
        "Total Unusual Items": NaN,
        "Total Unusual Items Excluding Goodwill": NaN,
        "Net Income From Continuing Operation Net Minority Interest": NaN,
        "Reconciled Depreciation": NaN,
        "Net Interest Income": NaN,
        "Interest Expense": NaN,
        "Interest Income": NaN,
        "Normalized Income": NaN,
        "Net Income From Continuing And Discontinued Operation": NaN,
        "Diluted Average Shares": NaN,
        "Basic Average Shares": NaN,
        "Diluted EPS": NaN,
        "Basic EPS": NaN,
        "Diluted NI Availto Com Stockholders": NaN,
        "Net Income Common Stockholders": NaN,
        "Preferred Stock Dividends": NaN,
        "Net Income": NaN,
        "Minority Interests": NaN,
        "Net Income Including Noncontrolling Interests": NaN,
        "Net Income Continuous Operations": NaN,
        "Tax Provision": NaN,
        "Pretax Income": NaN,
        "Special Income Charges": 0.0,
        "Restructuring And Mergern Acquisition": 0.0,
        "Gain On Sale Of Security": NaN,
        "Depreciation Amortization Depletion Income Statement": NaN,
        "Depreciation And Amortization In Income Statement": NaN,
        "Amortization": NaN,
        "Amortization Of Intangibles Income Statement": NaN,
        "Selling General And Administration": NaN,
        "Selling And Marketing Expense": NaN,
        "General And Administrative Expense": NaN,
        "Insurance And Claims": NaN,
        "Salaries And Wages": NaN,
        "Total Revenue": NaN,
        "Operating Revenue": NaN,
        "Occupancy And Equipment": NaN,
        "Professional Expense And Contract Services Expense": NaN,
        "Other Non Interest Expense": NaN
    },
    "2024-03-31": {
        "Tax Effect Of Unusual Items": 0.0,
        "Tax Rate For Calcs": 0.271027,
        "Total Unusual Items": 0.0,
        "Total Unusual Items Excluding Goodwill": 0.0,
        "Net Income From Continuing Operation Net Minority Interest": 28667000.0,
        "Reconciled Depreciation": 3732000.0,
        "Net Interest Income": 86224000.0,
        "Interest Expense": 75378000.0,
        "Interest Income": 161602000.0,
        "Normalized Income": 28667000.0,
        "Net Income From Continuing And Discontinued Operation": 28667000.0,
        "Diluted Average Shares": 58791000.0,
        "Basic Average Shares": 58789000.0,
        "Diluted EPS": 0.47,
        "Basic EPS": 0.47,
        "Diluted NI Availto Com Stockholders": 27663000.0,
        "Net Income Common Stockholders": 27663000.0,
        "Preferred Stock Dividends": 1004000.0,
        "Net Income": 28667000.0,
        "Minority Interests": 57000.0,
        "Net Income Including Noncontrolling Interests": 28610000.0,
        "Net Income Continuous Operations": 28610000.0,
        "Tax Provision": 10637000.0,
        "Pretax Income": 39247000.0,
        "Special Income Charges": 0.0,
        "Restructuring And Mergern Acquisition": 0.0,
        "Gain On Sale Of Security": 2061000.0,
        "Depreciation Amortization Depletion Income Statement": 844000.0,
        "Depreciation And Amortization In Income Statement": 844000.0,
        "Amortization": 844000.0,
        "Amortization Of Intangibles Income Statement": 844000.0,
        "Selling General And Administration": 36884000.0,
        "Selling And Marketing Expense": 990000.0,
        "General And Administrative Expense": 35894000.0,
        "Insurance And Claims": 3135000.0,
        "Salaries And Wages": 32759000.0,
        "Total Revenue": 97460000.0,
        "Operating Revenue": 97460000.0,
        "Occupancy And Equipment": 6329000.0,
        "Professional Expense And Contract Services Expense": 2732000.0,
        "Other Non Interest Expense": 10833000.0
    },
    "2024-06-30": {
        "Tax Effect Of Unusual Items": 0.0,
        "Tax Rate For Calcs": 0.225,
        "Total Unusual Items": 0.0,
        "Total Unusual Items Excluding Goodwill": 0.0,
        "Net Income From Continuing Operation Net Minority Interest": 24373000.0,
        "Reconciled Depreciation": 3738000.0,
        "Net Interest Income": 82263000.0,
        "Interest Expense": 77163000.0,
        "Interest Income": 159426000.0,
        "Normalized Income": 24373000.0,
        "Net Income From Continuing And Discontinued Operation": 24373000.0,
        "Diluted Average Shares": 58357000.0,
        "Basic Average Shares": 58356000.0,
        "Diluted EPS": 0.4,
        "Basic EPS": 0.4,
        "Diluted NI Availto Com Stockholders": 23369000.0,
        "Net Income Common Stockholders": 23369000.0,
        "Preferred Stock Dividends": 1004000.0,
        "Net Income": 24373000.0,
        "Minority Interests": -59000.0,
        "Net Income Including Noncontrolling Interests": 24432000.0,
        "Net Income Continuous Operations": 24432000.0,
        "Tax Provision": 7082000.0,
        "Pretax Income": 31514000.0,
        "Special Income Charges": 0.0,
        "Restructuring And Mergern Acquisition": 0.0,
        "Gain On Sale Of Security": 1128000.0,
        "Depreciation Amortization Depletion Income Statement": 810000.0,
        "Depreciation And Amortization In Income Statement": 810000.0,
        "Amortization": 810000.0,
        "Amortization Of Intangibles Income Statement": 810000.0,
        "Selling General And Administration": 36996000.0,
        "Selling And Marketing Expense": 1175000.0,
        "General And Administrative Expense": 35821000.0,
        "Insurance And Claims": 2685000.0,
        "Salaries And Wages": 33136000.0,
        "Total Revenue": 92173000.0,
        "Operating Revenue": 92173000.0,
        "Occupancy And Equipment": 6243000.0,
        "Professional Expense And Contract Services Expense": 2161000.0,
        "Other Non Interest Expense": 11335000.0
    },
    "2024-09-30": {
        "Tax Effect Of Unusual Items": -382201.0,
        "Tax Rate For Calcs": 0.229,
        "Total Unusual Items": -1669000.0,
        "Total Unusual Items Excluding Goodwill": -1669000.0,
        "Net Income From Continuing Operation Net Minority Interest": 25116000.0,
        "Reconciled Depreciation": 3525000.0,
        "Net Interest Income": 82219000.0,
        "Interest Expense": 79306000.0,
        "Interest Income": 161525000.0,
        "Normalized Income": 26402799.0,
        "Net Income From Continuing And Discontinued Operation": 25116000.0,
        "Diluted Average Shares": 58068000.0,
        "Basic Average Shares": 58065000.0,
        "Diluted EPS": 0.42,
        "Basic EPS": 0.42,
        "Diluted NI Availto Com Stockholders": 24112000.0,
        "Net Income Common Stockholders": 24112000.0,
        "Preferred Stock Dividends": 1004000.0,
        "Net Income": 25116000.0,
        "Minority Interests": -70000.0,
        "Net Income Including Noncontrolling Interests": 25186000.0,
        "Net Income Continuous Operations": 25186000.0,
        "Tax Provision": 7464000.0,
        "Pretax Income": 32650000.0,
        "Special Income Charges": -1669000.0,
        "Restructuring And Mergern Acquisition": 1669000.0,
        "Gain On Sale Of Security": 1834000.0,
        "Depreciation Amortization Depletion Income Statement": 803000.0,
        "Depreciation And Amortization In Income Statement": 803000.0,
        "Amortization": 803000.0,
        "Amortization Of Intangibles Income Statement": 803000.0,
        "Selling General And Administration": 39847000.0,
        "Selling And Marketing Expense": 1385000.0,
        "General And Administrative Expense": 38462000.0,
        "Insurance And Claims": 2618000.0,
        "Salaries And Wages": 35844000.0,
        "Total Revenue": 95750000.0,
        "Operating Revenue": 95750000.0,
        "Occupancy And Equipment": 6183000.0,
        "Professional Expense And Contract Services Expense": 1970000.0,
        "Other Non Interest Expense": 12111000.0
    },
    "2024-12-31": {
        "Tax Effect Of Unusual Items": -24253.624518,
        "Tax Rate For Calcs": 0.186566,
        "Total Unusual Items": -130000.0,
        "Total Unusual Items Excluding Goodwill": -130000.0,
        "Net Income From Continuing Operation Net Minority Interest": 21909000.0,
        "Reconciled Depreciation": 3549000.0,
        "Net Interest Income": 83329000.0,
        "Interest Expense": 76291000.0,
        "Interest Income": 159620000.0,
        "Normalized Income": 22014746.375482,
        "Net Income From Continuing And Discontinued Operation": 21909000.0,
        "Diluted Average Shares": 58055000.0,
        "Basic Average Shares": 58026000.0,
        "Diluted EPS": 0.36,
        "Basic EPS": 0.36,
        "Diluted NI Availto Com Stockholders": 20905000.0,
        "Net Income Common Stockholders": 20905000.0,
        "Preferred Stock Dividends": 1004000.0,
        "Net Income": 21909000.0,
        "Minority Interests": -253000.0,
        "Net Income Including Noncontrolling Interests": 22162000.0,
        "Net Income Continuous Operations": 22162000.0,
        "Tax Provision": 5083000.0,
        "Pretax Income": 27245000.0,
        "Special Income Charges": -110000.0,
        "Restructuring And Mergern Acquisition": 110000.0,
        "Gain On Sale Of Security": 81000.0,
        "Depreciation Amortization Depletion Income Statement": 876000.0,
        "Depreciation And Amortization In Income Statement": 876000.0,
        "Amortization": 876000.0,
        "Amortization Of Intangibles Income Statement": 876000.0,
        "Selling General And Administration": 40734000.0,
        "Selling And Marketing Expense": 1615000.0,
        "General And Administrative Expense": 39119000.0,
        "Insurance And Claims": 2517000.0,
        "Salaries And Wages": 36602000.0,
        "Total Revenue": 94427000.0,
        "Operating Revenue": 94427000.0,
        "Occupancy And Equipment": 6306000.0,
        "Professional Expense And Contract Services Expense": 2620000.0,
        "Other Non Interest Expense": 13069000.0
    },
    "2025-03-31": {
        "Tax Effect Of Unusual Items": -3852.994234,
        "Tax Rate For Calcs": 0.240812,
        "Total Unusual Items": -16000.0,
        "Total Unusual Items Excluding Goodwill": -16000.0,
        "Net Income From Continuing Operation Net Minority Interest": 21509000.0,
        "Reconciled Depreciation": 3544000.0,
        "Net Interest Income": 86652000.0,
        "Interest Expense": 67051000.0,
        "Interest Income": 153703000.0,
        "Normalized Income": 21521147.005766,
        "Net Income From Continuing And Discontinued Operation": 21509000.0,
        "Diluted Average Shares": 58111000.0,
        "Basic Average Shares": 58102000.0,
        "Diluted EPS": 0.35,
        "Basic EPS": 0.35,
        "Diluted NI Availto Com Stockholders": 20505000.0,
        "Net Income Common Stockholders": 20505000.0,
        "Preferred Stock Dividends": 1004000.0,
        "Net Income": 21509000.0,
        "Minority Interests": 46000.0,
        "Net Income Including Noncontrolling Interests": 21463000.0,
        "Net Income Continuous Operations": 21463000.0,
        "Tax Provision": 6808000.0,
        "Pretax Income": 28271000.0,
        "Special Income Charges": NaN,
        "Restructuring And Mergern Acquisition": NaN,
        "Gain On Sale Of Security": 825000.0,
        "Depreciation Amortization Depletion Income Statement": 940000.0,
        "Depreciation And Amortization In Income Statement": 940000.0,
        "Amortization": 940000.0,
        "Amortization Of Intangibles Income Statement": 940000.0,
        "Selling General And Administration": 40831000.0,
        "Selling And Marketing Expense": 1108000.0,
        "General And Administrative Expense": 39723000.0,
        "Insurance And Claims": 2983000.0,
        "Salaries And Wages": 36740000.0,
        "Total Revenue": 96735000.0,
        "Operating Revenue": 96735000.0,
        "Occupancy And Equipment": 6418000.0,
        "Professional Expense And Contract Services Expense": 2425000.0,
        "Other Non Interest Expense": 12510000.0
    }
}