{
    "2023-03-31": {
        "Tax Effect Of Unusual Items": 0.0,
        "Tax Rate For Calcs": 0.21,
        "Normalized EBITDA": 33800000.0,
        "Total Unusual Items": 0.0,
        "Total Unusual Items Excluding Goodwill": 0.0,
        "Net Income From Continuing Operation Net Minority Interest": -40200000.0,
        "Reconciled Depreciation": 3300000.0,
        "Reconciled Cost Of Revenue": 136000000.0,
        "EBITDA": 33800000.0,
        "EBIT": 30500000.0,
        "Normalized Income": -40200000.0,
        "Net Income From Continuing And Discontinued Operation": -40200000.0,
        "Total Expenses": 245400000.0,
        "Rent Expense Supplemental": 8800000.0,
        "Diluted Average Shares": 7533561.0,
        "Basic Average Shares": 7533561.0,
        "Diluted EPS": -5.34,
        "Basic EPS": -5.34,
        "Diluted NI Availto Com Stockholders": -40200000.0,
        "Net Income Common Stockholders": -40200000.0,
        "Net Income": -40200000.0,
        "Net Income Including Noncontrolling Interests": -40200000.0,
        "Net Income Continuous Operations": -40200000.0,
        "Tax Provision": 1900000.0,
        "Pretax Income": -38300000.0,
        "Other Income Expense": -68800000.0,
        "Other Non Operating Income Expenses": -69100000.0,
        "Special Income Charges": 0.0,
        "Other Special Charges": NaN,
        "Earnings From Equity Interest": 300000.0,
        "Operating Income": 30500000.0,
        "Operating Expense": 109400000.0,
        "Other Operating Expenses": 73900000.0,
        "Selling General And Administration": 35500000.0,
        "General And Administrative Expense": 35500000.0,
        "Other Gand A": 26700000.0,
        "Rent And Landing Fees": 8800000.0,
        "Gross Profit": 139900000.0,
        "Cost Of Revenue": 136000000.0,
        "Total Revenue": 275900000.0,
        "Operating Revenue": 270300000.0
    },
    "2022-12-31": {
        "Tax Effect Of Unusual Items": NaN,
        "Tax Rate For Calcs": NaN,
        "Normalized EBITDA": NaN,
        "Total Unusual Items": -14000.0,
        "Total Unusual Items Excluding Goodwill": -14000.0,
        "Net Income From Continuing Operation Net Minority Interest": NaN,
        "Reconciled Depreciation": NaN,
        "Reconciled Cost Of Revenue": NaN,
        "EBITDA": NaN,
        "EBIT": NaN,
        "Normalized Income": NaN,
        "Net Income From Continuing And Discontinued Operation": NaN,
        "Total Expenses": NaN,
        "Rent Expense Supplemental": NaN,
        "Diluted Average Shares": NaN,
        "Basic Average Shares": NaN,
        "Diluted EPS": NaN,
        "Basic EPS": NaN,
        "Diluted NI Availto Com Stockholders": NaN,
        "Net Income Common Stockholders": NaN,
        "Net Income": NaN,
        "Net Income Including Noncontrolling Interests": NaN,
        "Net Income Continuous Operations": NaN,
        "Tax Provision": NaN,
        "Pretax Income": NaN,
        "Other Income Expense": NaN,
        "Other Non Operating Income Expenses": NaN,
        "Special Income Charges": -14000.0,
        "Other Special Charges": 14000.0,
        "Earnings From Equity Interest": NaN,
        "Operating Income": NaN,
        "Operating Expense": NaN,
        "Other Operating Expenses": NaN,
        "Selling General And Administration": NaN,
        "General And Administrative Expense": NaN,
        "Other Gand A": NaN,
        "Rent And Landing Fees": NaN,
        "Gross Profit": NaN,
        "Cost Of Revenue": NaN,
        "Total Revenue": NaN,
        "Operating Revenue": NaN
    },
    "2022-09-30": {
        "Tax Effect Of Unusual Items": NaN,
        "Tax Rate For Calcs": NaN,
        "Normalized EBITDA": NaN,
        "Total Unusual Items": NaN,
        "Total Unusual Items Excluding Goodwill": NaN,
        "Net Income From Continuing Operation Net Minority Interest": NaN,
        "Reconciled Depreciation": NaN,
        "Reconciled Cost Of Revenue": NaN,
        "EBITDA": NaN,
        "EBIT": NaN,
        "Normalized Income": NaN,
        "Net Income From Continuing And Discontinued Operation": NaN,
        "Total Expenses": NaN,
        "Rent Expense Supplemental": NaN,
        "Diluted Average Shares": 8866925.0,
        "Basic Average Shares": 8530209.0,
        "Diluted EPS": 4.17,
        "Basic EPS": 4.33,
        "Diluted NI Availto Com Stockholders": NaN,
        "Net Income Common Stockholders": NaN,
        "Net Income": NaN,
        "Net Income Including Noncontrolling Interests": NaN,
        "Net Income Continuous Operations": NaN,
        "Tax Provision": NaN,
        "Pretax Income": NaN,
        "Other Income Expense": NaN,
        "Other Non Operating Income Expenses": NaN,
        "Special Income Charges": NaN,
        "Other Special Charges": NaN,
        "Earnings From Equity Interest": NaN,
        "Operating Income": NaN,
        "Operating Expense": NaN,
        "Other Operating Expenses": NaN,
        "Selling General And Administration": NaN,
        "General And Administrative Expense": NaN,
        "Other Gand A": NaN,
        "Rent And Landing Fees": NaN,
        "Gross Profit": NaN,
        "Cost Of Revenue": NaN,
        "Total Revenue": NaN,
        "Operating Revenue": NaN
    },
    "2022-06-30": {
        "Tax Effect Of Unusual Items": 378800.0,
        "Tax Rate For Calcs": 0.4,
        "Normalized EBITDA": 86616000.0,
        "Total Unusual Items": 947000.0,
        "Total Unusual Items Excluding Goodwill": 947000.0,
        "Net Income From Continuing Operation Net Minority Interest": 10354000.0,
        "Reconciled Depreciation": 4692000.0,
        "Reconciled Cost Of Revenue": 140839000.0,
        "EBITDA": 87563000.0,
        "EBIT": 82871000.0,
        "Net Interest Income": -28115000.0,
        "Interest Expense": 37861000.0,
        "Interest Income": 9746000.0,
        "Normalized Income": 9785800.0,
        "Net Income From Continuing And Discontinued Operation": 10354000.0,
        "Total Expenses": 149034000.0,
        "Rent Expense Supplemental": 9658000.0,
        "Diluted Average Shares": 9366606.0,
        "Basic Average Shares": 9257089.0,
        "Diluted EPS": 1.11,
        "Basic EPS": 1.12,
        "Diluted NI Availto Com Stockholders": 10354000.0,
        "Net Income Common Stockholders": 10354000.0,
        "Net Income": 10354000.0,
        "Net Income Including Noncontrolling Interests": 10354000.0,
        "Net Income Continuous Operations": 10354000.0,
        "Tax Provision": -924000.0,
        "Pretax Income": 9430000.0,
        "Other Income Expense": -73441000.0,
        "Other Non Operating Income Expenses": -78320000.0,
        "Special Income Charges": 947000.0,
        "Other Special Charges": -947000.0,
        "Earnings From Equity Interest": 3932000.0,
        "Net Non Operating Interest Income Expense": -28115000.0,
        "Interest Expense Non Operating": 37861000.0,
        "Interest Income Non Operating": 9746000.0,
        "Operating Income": 82871000.0,
        "Operating Expense": 8195000.0,
        "Other Operating Expenses": -24840000.0,
        "Selling General And Administration": 33035000.0,
        "General And Administrative Expense": 33035000.0,
        "Other Gand A": 23377000.0,
        "Rent And Landing Fees": 9658000.0,
        "Gross Profit": 91066000.0,
        "Cost Of Revenue": 140839000.0,
        "Total Revenue": 231905000.0,
        "Operating Revenue": 223201000.0
    },
    "2022-03-31": {
        "Diluted EPS": 6.01,
        "Total Revenue": 232,
        "Gross Profit": 232,
        "Operating Income": 140,
        "EBIT": 146,
        "Net Income": 58
    },
    "2021-12-31": {
        "Diluted EPS": -0.17,
        "Total Revenue": 294,
        "Gross Profit": 294,
        "Operating Income": 15,
        "EBIT": 21,
        "Net Income": -2
    },
    "2021-09-30": {
        "Diluted EPS": 2.29,
        "Total Revenue": 283,
        "Gross Profit": 283,
        "Operating Income": 195,
        "EBIT": 199,
        "Net Income": 22
    },
    "2021-06-30": {
        "Diluted EPS": -1.15,
        "Total Revenue": 265,
        "Gross Profit": 265,
        "Operating Income": 43,
        "EBIT": 47,
        "Net Income": -10
    },
    "2021-03-31": {
        "Diluted EPS": 0.96,
        "Total Revenue": 208,
        "Gross Profit": 208,
        "Operating Income": 89,
        "EBIT": 94,
        "Net Income": 9
    },
    "2020-12-31": {
        "Diluted EPS": -0.89,
        "Total Revenue": 231,
        "Gross Profit": 231,
        "Operating Income": 183,
        "EBIT": 188,
        "Net Income": -7
    },
    "2020-09-30": {
        "Diluted EPS": -1.09,
        "Total Revenue": 249,
        "Gross Profit": 249,
        "Operating Income": 66,
        "EBIT": 71,
        "Net Income": -9
    },
    "2020-06-30": {
        "Diluted EPS": 0.23,
        "Total Revenue": 227,
        "Gross Profit": 227,
        "Operating Income": 59,
        "EBIT": 67,
        "Net Income": 2
    },
    "2020-03-31": {
        "Diluted EPS": -2.84,
        "Total Revenue": 254,
        "Gross Profit": 254,
        "Operating Income": -57,
        "EBIT": -51,
        "Net Income": -25
    },
    "2019-12-31": {
        "Diluted EPS": 3.9,
        "Total Revenue": 262,
        "Gross Profit": 262,
        "Operating Income": 123,
        "EBIT": 131,
        "Net Income": 35
    },
    "2019-09-30": {
        "Diluted EPS": -4.77,
        "Total Revenue": 284,
        "Gross Profit": 284,
        "Operating Income": 239,
        "EBIT": 246,
        "Net Income": -43
    },
    "2019-06-30": {
        "Diluted EPS": -10.05,
        "Total Revenue": 274,
        "Gross Profit": 274,
        "Operating Income": -57,
        "EBIT": -45,
        "Net Income": -90
    },
    "2019-03-31": {
        "Diluted EPS": -4.95,
        "Total Revenue": 304,
        "Gross Profit": 304,
        "Operating Income": 24,
        "EBIT": 33,
        "Net Income": -44
    },
    "2018-12-31": {
        "Diluted EPS": -0.29,
        "Total Revenue": 311,
        "Gross Profit": 311,
        "Operating Income": 8,
        "EBIT": 21,
        "Net Income": -2
    },
    "2018-09-30": {
        "Diluted EPS": -4.65,
        "Total Revenue": 238,
        "Gross Profit": 238,
        "Operating Income": 21,
        "EBIT": 26,
        "Net Income": -41
    },
    "2018-06-30": {
        "Diluted EPS": -3.3,
        "Total Revenue": 254,
        "Gross Profit": 254,
        "Operating Income": 48,
        "EBIT": 54,
        "Net Income": -30
    },
    "2018-03-31": {
        "Diluted EPS": 0.3,
        "Total Revenue": 260,
        "Gross Profit": 260,
        "Operating Income": 54,
        "EBIT": 60,
        "Net Income": 3
    },
    "2017-12-31": {
        "Diluted EPS": -5.1,
        "Total Revenue": 277,
        "Gross Profit": 277,
        "Operating Income": 108,
        "EBIT": 116,
        "Net Income": -44
    },
    "2017-09-30": {
        "Diluted EPS": -0.75,
        "Total Revenue": 285,
        "Gross Profit": 285,
        "Operating Income": 11,
        "EBIT": 19,
        "Net Income": -6
    },
    "2017-06-30": {
        "Diluted EPS": -5.4,
        "Total Revenue": 311,
        "Gross Profit": 311,
        "Operating Income": 31,
        "EBIT": -3,
        "Net Income": -45
    },
    "2017-03-31": {
        "Diluted EPS": -3.9,
        "Total Revenue": 322,
        "Gross Profit": 322,
        "Operating Income": 45,
        "EBIT": 94,
        "Net Income": -33
    },
    "2016-12-31": {
        "Diluted EPS": -1.2,
        "Total Revenue": 324,
        "Gross Profit": 324,
        "Operating Income": 86,
        "EBIT": 52,
        "Net Income": -10
    },
    "2016-09-30": {
        "Diluted EPS": 1.2,
        "Total Revenue": 359,
        "Gross Profit": 359,
        "Operating Income": 88,
        "EBIT": 94,
        "Net Income": 9
    },
    "2016-06-30": {
        "Diluted EPS": -10.65,
        "Total Revenue": 373,
        "Gross Profit": 373,
        "Operating Income": -12,
        "EBIT": 15,
        "Net Income": -87
    },
    "2016-03-31": {
        "Diluted EPS": -13.49,
        "Total Revenue": 331,
        "Gross Profit": 331,
        "Operating Income": 2,
        "EBIT": 53,
        "Net Income": -111
    },
    "2015-12-31": {
        "Diluted EPS": -26.84,
        "Total Revenue": 362,
        "Gross Profit": 362,
        "Operating Income": 3,
        "EBIT": 24,
        "Net Income": -224
    },
    "2015-09-30": {
        "Diluted EPS": -7.95,
        "Total Revenue": 405,
        "Gross Profit": 405,
        "Operating Income": 17,
        "EBIT": 67,
        "Net Income": -67
    },
    "2015-06-30": {
        "Diluted EPS": 1.2,
        "Total Revenue": 463,
        "Gross Profit": 463,
        "Operating Income": 111,
        "EBIT": 134,
        "Net Income": 10
    },
    "2015-03-31": {
        "Diluted EPS": 4.05,
        "Total Revenue": 510,
        "Gross Profit": 510,
        "Operating Income": 132,
        "EBIT": 196,
        "Net Income": 34
    },
    "2014-12-31": {
        "Diluted EPS": -58.92,
        "Total Revenue": 493,
        "Gross Profit": 493,
        "Operating Income": -392,
        "EBIT": -320,
        "Net Income": -522
    },
    "2014-09-30": {
        "Diluted EPS": -8.7,
        "Total Revenue": 514,
        "Gross Profit": 514,
        "Operating Income": 59,
        "EBIT": 127,
        "Net Income": -76
    },
    "2014-06-30": {
        "Diluted EPS": 7.2,
        "Total Revenue": 553,
        "Gross Profit": 553,
        "Operating Income": 208,
        "EBIT": 277,
        "Net Income": 66
    },
    "2014-03-31": {
        "Diluted EPS": 6.45,
        "Total Revenue": 551,
        "Gross Profit": 551,
        "Operating Income": 202,
        "EBIT": 271,
        "Net Income": 60
    },
    "2013-12-31": {
        "Diluted EPS": 14.39,
        "Total Revenue": 556,
        "Gross Profit": 556,
        "Operating Income": 219,
        "EBIT": 316,
        "Net Income": 134
    },
    "2013-09-30": {
        "Diluted EPS": 5.85,
        "Total Revenue": 531,
        "Gross Profit": 531,
        "Operating Income": 185,
        "EBIT": 273,
        "Net Income": 55
    },
    "2013-06-30": {
        "Diluted EPS": 6.75,
        "Total Revenue": 545,
        "Gross Profit": 545,
        "Operating Income": 170,
        "EBIT": 244,
        "Net Income": 63
    },
    "2013-03-31": {
        "Diluted EPS": 4.95,
        "Total Revenue": 407,
        "Gross Profit": 407,
        "Operating Income": 163,
        "EBIT": 216,
        "Net Income": 46
    },
    "2012-12-31": {
        "Diluted EPS": 7.2,
        "Total Revenue": 237,
        "Gross Profit": 237,
        "Operating Income": 137,
        "EBIT": 157,
        "Net Income": 65
    },
    "2012-09-30": {
        "Diluted EPS": 5.55,
        "Total Revenue": 233,
        "Gross Profit": 233,
        "Operating Income": 140,
        "EBIT": 164,
        "Net Income": 51
    },
    "2012-06-30": {
        "Diluted EPS": 4.8,
        "Total Revenue": 211,
        "Gross Profit": 211,
        "Operating Income": 125,
        "EBIT": 147,
        "Net Income": 45
    },
    "2012-03-31": {
        "Diluted EPS": 2.1,
        "Total Revenue": 165,
        "Gross Profit": 165,
        "Operating Income": 78,
        "EBIT": 95,
        "Net Income": 19
    },
    "2011-12-31": {
        "Diluted EPS": 0.9,
        "Total Revenue": 157,
        "Gross Profit": 157,
        "Operating Income": 66,
        "EBIT": 83,
        "Net Income": 10
    },
    "2011-09-30": {
        "Diluted EPS": 2.85,
        "Total Revenue": 122,
        "Gross Profit": 122,
        "Operating Income": 57,
        "EBIT": 70,
        "Net Income": 20
    },
    "2011-06-30": {
        "Diluted EPS": 3.75,
        "Total Revenue": 106,
        "Gross Profit": 106,
        "Operating Income": 64,
        "EBIT": 76,
        "Net Income": 26
    },
    "2011-03-31": {
        "Diluted EPS": 3.15,
        "Total Revenue": 111,
        "Gross Profit": 111,
        "Operating Income": 70,
        "EBIT": 93,
        "Net Income": 22
    },
    "2010-12-31": {
        "Diluted EPS": 1.5,
        "Total Revenue": 113,
        "Gross Profit": 113,
        "Operating Income": 50,
        "EBIT": 69,
        "Net Income": 10
    },
    "2010-09-30": {
        "Diluted EPS": -1.35,
        "Total Revenue": 96,
        "Gross Profit": 96,
        "Operating Income": 2,
        "EBIT": 13,
        "Net Income": -9
    },
    "2010-06-30": {
        "Diluted EPS": 2.25,
        "Total Revenue": 76,
        "Gross Profit": 76,
        "Operating Income": 31,
        "EBIT": 40,
        "Net Income": 16
    },
    "2010-03-31": {
        "Diluted EPS": 3.0,
        "Total Revenue": 76,
        "Gross Profit": 76,
        "Operating Income": 40,
        "EBIT": 48,
        "Net Income": 21
    },
    "2009-12-31": {
        "Diluted EPS": 0.21,
        "Total Revenue": 73,
        "Gross Profit": 73,
        "Operating Income": 36,
        "EBIT": 45,
        "Net Income": 9
    },
    "2009-09-30": {
        "Diluted EPS": -7.65,
        "Total Revenue": 84,
        "Gross Profit": 84,
        "Operating Income": 30,
        "EBIT": 41,
        "Net Income": -42
    },
    "2009-06-30": {
        "Diluted EPS": 3.9,
        "Total Revenue": 109,
        "Gross Profit": 109,
        "Operating Income": 37,
        "EBIT": 48,
        "Net Income": 18
    },
    "2009-03-31": {
        "Diluted EPS": 3.6,
        "Total Revenue": 115,
        "Gross Profit": 115,
        "Operating Income": 42,
        "EBIT": 56,
        "Net Income": 15
    },
    "2023-06-30": {
        "Tax Effect Of Unusual Items": 0.0,
        "Tax Rate For Calcs": 0.054,
        "Normalized EBITDA": 94000000.0,
        "Total Unusual Items": NaN,
        "Total Unusual Items Excluding Goodwill": NaN,
        "Net Income From Continuing Operation Net Minority Interest": 15500000.0,
        "Reconciled Depreciation": 3000000.0,
        "Reconciled Cost Of Revenue": 143600000.0,
        "EBITDA": 94000000.0,
        "EBIT": 91000000.0,
        "Normalized Income": 15500000.0,
        "Net Income From Continuing And Discontinued Operation": 15500000.0,
        "Total Expenses": 201400000.0,
        "Rent Expense Supplemental": 7700000.0,
        "Diluted Average Shares": 7919587.0,
        "Basic Average Shares": 7652563.0,
        "Diluted EPS": 1.95,
        "Basic EPS": 2.02,
        "Diluted NI Availto Com Stockholders": 15500000.0,
        "Net Income Common Stockholders": 15500000.0,
        "Net Income": 15500000.0,
        "Net Income Including Noncontrolling Interests": 15500000.0,
        "Net Income Continuous Operations": 15500000.0,
        "Tax Provision": 900000.0,
        "Pretax Income": 16300000.0,
        "Other Income Expense": -74500000.0,
        "Other Non Operating Income Expenses": -77400000.0,
        "Special Income Charges": NaN,
        "Other Special Charges": NaN,
        "Earnings From Equity Interest": 2900000.0,
        "Operating Income": 91000000.0,
        "Operating Expense": 57800000.0,
        "Other Operating Expenses": 54000000.0,
        "Selling General And Administration": 3800000.0,
        "General And Administrative Expense": 3800000.0,
        "Other Gand A": -3900000.0,
        "Rent And Landing Fees": 7700000.0,
        "Gross Profit": 148800000.0,
        "Cost Of Revenue": 143600000.0,
        "Total Revenue": 292400000.0,
        "Operating Revenue": 283900000.0
    },
    "2023-09-30": {
        "Tax Effect Of Unusual Items": 129600.0,
        "Tax Rate For Calcs": 0.108,
        "Normalized EBITDA": 82300000.0,
        "Total Unusual Items": 1200000.0,
        "Total Unusual Items Excluding Goodwill": 1200000.0,
        "Net Income From Continuing Operation Net Minority Interest": 8500000.0,
        "Reconciled Depreciation": 2800000.0,
        "Reconciled Cost Of Revenue": 145500000.0,
        "EBITDA": 83500000.0,
        "EBIT": 80700000.0,
        "Normalized Income": 7429600.0,
        "Net Income From Continuing And Discontinued Operation": 8500000.0,
        "Total Expenses": 200800000.0,
        "Rent Expense Supplemental": 7700000.0,
        "Diluted Average Shares": 8060078.0,
        "Basic Average Shares": 7677008.0,
        "Diluted EPS": 1.05,
        "Basic EPS": 1.1,
        "Diluted NI Availto Com Stockholders": 8500000.0,
        "Net Income Common Stockholders": 8500000.0,
        "Net Income": 8500000.0,
        "Net Income Including Noncontrolling Interests": 8500000.0,
        "Net Income Continuous Operations": 8500000.0,
        "Tax Provision": 1000000.0,
        "Pretax Income": 9500000.0,
        "Other Income Expense": -71200000.0,
        "Other Non Operating Income Expenses": -75200000.0,
        "Special Income Charges": 1200000.0,
        "Other Special Charges": -1200000.0,
        "Earnings From Equity Interest": 2800000.0,
        "Operating Income": 80700000.0,
        "Operating Expense": 55300000.0,
        "Other Operating Expenses": 21000000.0,
        "Selling General And Administration": 34300000.0,
        "General And Administrative Expense": 34300000.0,
        "Other Gand A": 26600000.0,
        "Rent And Landing Fees": 7700000.0,
        "Gross Profit": 136000000.0,
        "Cost Of Revenue": 145500000.0,
        "Total Revenue": 281500000.0,
        "Operating Revenue": 271500000.0
    },
    "2023-12-31": {
        "Tax Effect Of Unusual Items": 21000.0,
        "Tax Rate For Calcs": 0.21,
        "Normalized EBITDA": 27600000.0,
        "Total Unusual Items": 100000.0,
        "Total Unusual Items Excluding Goodwill": 100000.0,
        "Net Income From Continuing Operation Net Minority Interest": -47500000.0,
        "Reconciled Depreciation": 3000000.0,
        "Reconciled Cost Of Revenue": 135100000.0,
        "EBITDA": 27700000.0,
        "EBIT": 24700000.0,
        "Normalized Income": -47579000.0,
        "Net Income From Continuing And Discontinued Operation": -47500000.0,
        "Total Expenses": 270400000.0,
        "Rent Expense Supplemental": 7600000.0,
        "Diluted Average Shares": NaN,
        "Basic Average Shares": NaN,
        "Diluted EPS": NaN,
        "Basic EPS": NaN,
        "Diluted NI Availto Com Stockholders": -47500000.0,
        "Net Income Common Stockholders": -47500000.0,
        "Net Income": -47500000.0,
        "Net Income Including Noncontrolling Interests": -47500000.0,
        "Net Income Continuous Operations": -47500000.0,
        "Tax Provision": 1800000.0,
        "Pretax Income": -45600000.0,
        "Other Income Expense": -70300000.0,
        "Other Non Operating Income Expenses": -71800000.0,
        "Special Income Charges": 100000.0,
        "Other Special Charges": -100000.0,
        "Earnings From Equity Interest": 1400000.0,
        "Operating Income": 24700000.0,
        "Operating Expense": 135300000.0,
        "Other Operating Expenses": 102300000.0,
        "Selling General And Administration": 33000000.0,
        "General And Administrative Expense": 33000000.0,
        "Other Gand A": 25400000.0,
        "Rent And Landing Fees": 7600000.0,
        "Gross Profit": 160000000.0,
        "Cost Of Revenue": 135100000.0,
        "Total Revenue": 295100000.0,
        "Operating Revenue": 287100000.0
    },
    "2024-03-31": {
        "Tax Effect Of Unusual Items": 72800.0,
        "Tax Rate For Calcs": 0.052,
        "Normalized EBITDA": 74100000.0,
        "Total Unusual Items": 1400000.0,
        "Total Unusual Items Excluding Goodwill": 1400000.0,
        "Net Income From Continuing Operation Net Minority Interest": 30100000.0,
        "Reconciled Depreciation": 2300000.0,
        "Reconciled Cost Of Revenue": 136000000.0,
        "EBITDA": 75500000.0,
        "EBIT": 73200000.0,
        "Normalized Income": 28772800.0,
        "Net Income From Continuing And Discontinued Operation": 30100000.0,
        "Total Expenses": 183400000.0,
        "Rent Expense Supplemental": 7700000.0,
        "Diluted Average Shares": 8046188.0,
        "Basic Average Shares": 7711534.0,
        "Diluted EPS": 3.74,
        "Basic EPS": 3.91,
        "Diluted NI Availto Com Stockholders": 30100000.0,
        "Net Income Common Stockholders": 30100000.0,
        "Net Income": 30100000.0,
        "Net Income Including Noncontrolling Interests": 30100000.0,
        "Net Income Continuous Operations": 30100000.0,
        "Tax Provision": 1700000.0,
        "Pretax Income": 31800000.0,
        "Other Income Expense": -41400000.0,
        "Other Non Operating Income Expenses": -45500000.0,
        "Special Income Charges": 1400000.0,
        "Other Special Charges": -1400000.0,
        "Earnings From Equity Interest": 2700000.0,
        "Operating Income": 73200000.0,
        "Operating Expense": 47400000.0,
        "Other Operating Expenses": 15000000.0,
        "Selling General And Administration": 32400000.0,
        "General And Administrative Expense": 32400000.0,
        "Other Gand A": 24700000.0,
        "Rent And Landing Fees": 7700000.0,
        "Gross Profit": 120600000.0,
        "Cost Of Revenue": 136000000.0,
        "Total Revenue": 256600000.0,
        "Operating Revenue": 248300000.0
    }
}