{
    "2023-06-30": {
        "Tax Effect Of Unusual Items": 0.0,
        "Tax Rate For Calcs": 0.254,
        "Normalized EBITDA": 471802000.0,
        "Net Income From Continuing Operation Net Minority Interest": 292362000.0,
        "Reconciled Depreciation": 79787000.0,
        "Reconciled Cost Of Revenue": 916594000.0,
        "EBITDA": 471802000.0,
        "EBIT": 392015000.0,
        "Net Interest Income": 2279000.0,
        "Interest Expense": 89000.0,
        "Interest Income": 2368000.0,
        "Normalized Income": 292362000.0,
        "Net Income From Continuing And Discontinued Operation": 292362000.0,
        "Total Expenses": 1021595000.0,
        "Total Operating Income As Reported": 391594000.0,
        "Diluted Average Shares": 220398000.0,
        "Basic Average Shares": 219042000.0,
        "Diluted EPS": 1.33,
        "Basic EPS": 1.33,
        "Diluted NI Availto Com Stockholders": 292362000.0,
        "Net Income Common Stockholders": 292362000.0,
        "Net Income": 292362000.0,
        "Net Income Including Noncontrolling Interests": 292362000.0,
        "Net Income Continuous Operations": 292362000.0,
        "Tax Provision": 99564000.0,
        "Pretax Income": 391926000.0,
        "Other Income Expense": -1947000.0,
        "Other Non Operating Income Expenses": -1947000.0,
        "Net Non Operating Interest Income Expense": 2279000.0,
        "Interest Expense Non Operating": 89000.0,
        "Interest Income Non Operating": 2368000.0,
        "Operating Income": 391594000.0,
        "Operating Expense": 105001000.0,
        "Other Operating Expenses": 2609000.0,
        "Other Taxes": 36890000.0,
        "Selling General And Administration": 65502000.0,
        "General And Administrative Expense": 65502000.0,
        "Other Gand A": 50121000.0,
        "Insurance And Claims": 15381000.0,
        "Gross Profit": 496595000.0,
        "Cost Of Revenue": 916594000.0,
        "Total Revenue": 1413189000.0,
        "Operating Revenue": 1397815000.0
    },
    "2023-03-31": {
        "Tax Effect Of Unusual Items": 0.0,
        "Tax Rate For Calcs": 0.258,
        "Normalized EBITDA": 460300000.0,
        "Net Income From Continuing Operation Net Minority Interest": 285038000.0,
        "Reconciled Depreciation": 75951000.0,
        "Reconciled Cost Of Revenue": 951021000.0,
        "EBITDA": 460300000.0,
        "EBIT": 384349000.0,
        "Net Interest Income": 2611000.0,
        "Interest Expense": 200000.0,
        "Interest Income": 2811000.0,
        "Normalized Income": 285038000.0,
        "Net Income From Continuing And Discontinued Operation": 285038000.0,
        "Total Expenses": 1059087000.0,
        "Total Operating Income As Reported": 383049000.0,
        "Diluted Average Shares": 221358000.0,
        "Basic Average Shares": 219912000.0,
        "Diluted EPS": 1.29,
        "Basic EPS": 1.3,
        "Diluted NI Availto Com Stockholders": 285038000.0,
        "Net Income Common Stockholders": 285038000.0,
        "Net Income": 285038000.0,
        "Net Income Including Noncontrolling Interests": 285038000.0,
        "Net Income Continuous Operations": 285038000.0,
        "Tax Provision": 99111000.0,
        "Pretax Income": 384149000.0,
        "Other Income Expense": -1511000.0,
        "Other Non Operating Income Expenses": -1511000.0,
        "Net Non Operating Interest Income Expense": 2611000.0,
        "Interest Expense Non Operating": 200000.0,
        "Interest Income Non Operating": 2811000.0,
        "Operating Income": 383049000.0,
        "Operating Expense": 108066000.0,
        "Other Operating Expenses": 4775000.0,
        "Other Taxes": 36701000.0,
        "Selling General And Administration": 66590000.0,
        "General And Administrative Expense": 66590000.0,
        "Other Gand A": 50562000.0,
        "Insurance And Claims": 16028000.0,
        "Gross Profit": 491115000.0,
        "Cost Of Revenue": 951021000.0,
        "Total Revenue": 1442136000.0,
        "Operating Revenue": 1442136000.0
    },
    "2022-12-31": {
        "Tax Effect Of Unusual Items": 0.0,
        "Tax Rate For Calcs": 0.250168,
        "Normalized EBITDA": 504339000.0,
        "Net Income From Continuing Operation Net Minority Interest": 323929000.0,
        "Reconciled Depreciation": 72057000.0,
        "Reconciled Cost Of Revenue": 964008000.0,
        "EBITDA": 504339000.0,
        "EBIT": 432282000.0,
        "Net Interest Income": 2671000.0,
        "Interest Expense": 280000.0,
        "Interest Income": 2951000.0,
        "Normalized Income": 323929000.0,
        "Net Income From Continuing And Discontinued Operation": 323929000.0,
        "Total Expenses": 1061430000.0,
        "Total Operating Income As Reported": 430229000.0,
        "Diluted Average Shares": 111092000.0,
        "Basic Average Shares": 110350000.0,
        "Diluted EPS": 2.92,
        "Basic EPS": 2.94,
        "Diluted NI Availto Com Stockholders": 323929000.0,
        "Net Income Common Stockholders": 323929000.0,
        "Net Income": 323929000.0,
        "Net Income Including Noncontrolling Interests": 323929000.0,
        "Net Income Continuous Operations": 323929000.0,
        "Tax Provision": 108073000.0,
        "Pretax Income": 432002000.0,
        "Other Income Expense": -898000.0,
        "Other Non Operating Income Expenses": -898000.0,
        "Net Non Operating Interest Income Expense": 2671000.0,
        "Interest Expense Non Operating": 280000.0,
        "Interest Income Non Operating": 2951000.0,
        "Operating Income": 430229000.0,
        "Operating Expense": 97422000.0,
        "Other Operating Expenses": 4285000.0,
        "Other Taxes": 35458000.0,
        "Selling General And Administration": 57679000.0,
        "General And Administrative Expense": 57679000.0,
        "Other Gand A": 49940000.0,
        "Insurance And Claims": 7739000.0,
        "Gross Profit": 527651000.0,
        "Cost Of Revenue": 964008000.0,
        "Total Revenue": 1491659000.0,
        "Operating Revenue": 1491659000.0
    },
    "2022-09-30": {
        "Tax Effect Of Unusual Items": 0.0,
        "Tax Rate For Calcs": 0.239211,
        "Normalized EBITDA": 497062000.0,
        "Net Income From Continuing Operation Net Minority Interest": 377401000.0,
        "Reconciled Depreciation": 68351000.0,
        "Reconciled Cost Of Revenue": 995144000.0,
        "EBITDA": 497062000.0,
        "EBIT": 497062000.0,
        "Net Interest Income": 336000.0,
        "Interest Expense": 997000.0,
        "Interest Income": 1333000.0,
        "Normalized Income": 377401000.0,
        "Net Income From Continuing And Discontinued Operation": 377401000.0,
        "Total Expenses": 1107610000.0,
        "Total Operating Income As Reported": 496080000.0,
        "Diluted Average Shares": 112295000.0,
        "Basic Average Shares": 111569000.0,
        "Diluted EPS": 3.36,
        "Basic EPS": 3.38,
        "Diluted NI Availto Com Stockholders": 377401000.0,
        "Net Income Common Stockholders": 377401000.0,
        "Net Income": 377401000.0,
        "Net Income Including Noncontrolling Interests": 377401000.0,
        "Net Income Continuous Operations": 377401000.0,
        "Tax Provision": 118664000.0,
        "Pretax Income": 496065000.0,
        "Other Income Expense": -351000.0,
        "Other Non Operating Income Expenses": -351000.0,
        "Net Non Operating Interest Income Expense": 336000.0,
        "Interest Expense Non Operating": 997000.0,
        "Interest Income Non Operating": 1333000.0,
        "Operating Income": 496080000.0,
        "Operating Expense": 112466000.0,
        "Other Operating Expenses": 2983000.0,
        "Other Taxes": 35753000.0,
        "Selling General And Administration": 73730000.0,
        "General And Administrative Expense": 73730000.0,
        "Other Gand A": 56239000.0,
        "Insurance And Claims": 17491000.0,
        "Gross Profit": 608546000.0,
        "Cost Of Revenue": 995144000.0,
        "Total Revenue": 1603690000.0,
        "Operating Revenue": 1603690000.0
    },
    "2022-06-30": {
        "Tax Effect Of Unusual Items": 0.0,
        "Tax Rate For Calcs": 0.259999,
        "Normalized EBITDA": 508426000.0,
        "Net Income From Continuing Operation Net Minority Interest": 376078000.0,
        "Reconciled Depreciation": 68314000.0,
        "Reconciled Cost Of Revenue": 1053413000.0,
        "EBITDA": 508426000.0,
        "EBIT": 508426000.0,
        "Net Interest Income": 258000.0,
        "Interest Expense": 213000.0,
        "Interest Income": 471000.0,
        "Normalized Income": 376078000.0,
        "Net Income From Continuing And Discontinued Operation": 376078000.0,
        "Total Expenses": 1158743000.0,
        "Total Operating Income As Reported": 508705000.0,
        "Diluted Average Shares": 113805000.0,
        "Basic Average Shares": 113079000.0,
        "Diluted EPS": 3.3,
        "Basic EPS": 3.33,
        "Diluted NI Availto Com Stockholders": 376078000.0,
        "Net Income Common Stockholders": 376078000.0,
        "Net Income": 376078000.0,
        "Net Income Including Noncontrolling Interests": 376078000.0,
        "Net Income Continuous Operations": 376078000.0,
        "Tax Provision": 132135000.0,
        "Pretax Income": 508213000.0,
        "Other Income Expense": -750000.0,
        "Other Non Operating Income Expenses": -750000.0,
        "Net Non Operating Interest Income Expense": 258000.0,
        "Interest Expense Non Operating": 213000.0,
        "Interest Income Non Operating": 471000.0,
        "Operating Income": 508705000.0,
        "Operating Expense": 105330000.0,
        "Other Operating Expenses": 4400000.0,
        "Other Taxes": 34952000.0,
        "Selling General And Administration": 65978000.0,
        "General And Administrative Expense": 65978000.0,
        "Other Gand A": 49014000.0,
        "Insurance And Claims": 16964000.0,
        "Gross Profit": 614035000.0,
        "Cost Of Revenue": 1053413000.0,
        "Total Revenue": 1667448000.0,
        "Operating Revenue": 1667448000.0
    },
    "2022-03-31": {
        "Diluted EPS": 2.6,
        "Total Revenue": NaN,
        "Gross Profit": NaN,
        "Operating Income": 406,
        "EBIT": 473,
        "Net Income": 300
    },
    "2021-12-31": {
        "Diluted EPS": 2.41,
        "Total Revenue": NaN,
        "Gross Profit": NaN,
        "Operating Income": 372,
        "EBIT": 439,
        "Net Income": 279
    },
    "2021-09-30": {
        "Diluted EPS": 2.47,
        "Total Revenue": NaN,
        "Gross Profit": NaN,
        "Operating Income": 383,
        "EBIT": 449,
        "Net Income": 287
    },
    "2021-06-30": {
        "Diluted EPS": 2.31,
        "Total Revenue": NaN,
        "Gross Profit": NaN,
        "Operating Income": 366,
        "EBIT": 430,
        "Net Income": 270
    },
    "2021-03-31": {
        "Diluted EPS": 1.7,
        "Total Revenue": NaN,
        "Gross Profit": NaN,
        "Operating Income": 270,
        "EBIT": 334,
        "Net Income": 199
    },
    "2020-12-31": {
        "Diluted EPS": 1.61,
        "Total Revenue": NaN,
        "Gross Profit": NaN,
        "Operating Income": 254,
        "EBIT": 319,
        "Net Income": 190
    },
    "2020-09-30": {
        "Diluted EPS": 1.71,
        "Total Revenue": NaN,
        "Gross Profit": NaN,
        "Operating Income": 270,
        "EBIT": 335,
        "Net Income": 202
    },
    "2020-06-30": {
        "Diluted EPS": 1.25,
        "Total Revenue": 896,
        "Gross Profit": 877,
        "Operating Income": 199,
        "EBIT": 265,
        "Net Income": 148
    },
    "2020-03-31": {
        "Diluted EPS": 1.11,
        "Total Revenue": 987,
        "Gross Profit": 967,
        "Operating Income": 183,
        "EBIT": 249,
        "Net Income": 133
    },
    "2019-12-31": {
        "Diluted EPS": 1.19,
        "Total Revenue": NaN,
        "Gross Profit": 988,
        "Operating Income": 188,
        "EBIT": 253,
        "Net Income": 144
    },
    "2019-09-30": {
        "Diluted EPS": 1.37,
        "Total Revenue": NaN,
        "Gross Profit": NaN,
        "Operating Income": 218,
        "EBIT": 281,
        "Net Income": 164
    },
    "2019-06-30": {
        "Diluted EPS": 1.44,
        "Total Revenue": NaN,
        "Gross Profit": NaN,
        "Operating Income": 234,
        "EBIT": 297,
        "Net Income": 174
    },
    "2019-03-31": {
        "Diluted EPS": 1.1,
        "Total Revenue": 991,
        "Gross Profit": 970,
        "Operating Income": 178,
        "EBIT": 241,
        "Net Income": 133
    },
    "2018-12-31": {
        "Diluted EPS": 1.29,
        "Total Revenue": NaN,
        "Gross Profit": NaN,
        "Operating Income": 219,
        "EBIT": 281,
        "Net Income": 159
    },
    "2018-09-30": {
        "Diluted EPS": 1.41,
        "Total Revenue": NaN,
        "Gross Profit": NaN,
        "Operating Income": 228,
        "EBIT": 286,
        "Net Income": 173
    },
    "2018-06-30": {
        "Diluted EPS": 1.33,
        "Total Revenue": NaN,
        "Gross Profit": NaN,
        "Operating Income": 220,
        "EBIT": 277,
        "Net Income": 163
    },
    "2018-03-31": {
        "Diluted EPS": 0.89,
        "Total Revenue": 925,
        "Gross Profit": 903,
        "Operating Income": 149,
        "EBIT": 203,
        "Net Income": 109
    },
    "2017-12-31": {
        "Diluted EPS": 1.6,
        "Total Revenue": 891,
        "Gross Profit": 868,
        "Operating Income": 143,
        "EBIT": 197,
        "Net Income": 197
    },
    "2017-09-30": {
        "Diluted EPS": 0.83,
        "Total Revenue": 873,
        "Gross Profit": 850,
        "Operating Income": 164,
        "EBIT": 216,
        "Net Income": 102
    },
    "2017-06-30": {
        "Diluted EPS": 0.79,
        "Total Revenue": 840,
        "Gross Profit": 819,
        "Operating Income": 160,
        "EBIT": 211,
        "Net Income": 98
    },
    "2017-03-31": {
        "Diluted EPS": 0.53,
        "Total Revenue": 754,
        "Gross Profit": 736,
        "Operating Income": 108,
        "EBIT": 158,
        "Net Income": 66
    },
    "2016-12-31": {
        "Diluted EPS": 0.55,
        "Total Revenue": 746,
        "Gross Profit": 727,
        "Operating Income": 113,
        "EBIT": 163,
        "Net Income": 69
    },
    "2016-09-30": {
        "Diluted EPS": 0.69,
        "Total Revenue": 783,
        "Gross Profit": 764,
        "Operating Income": 137,
        "EBIT": 186,
        "Net Income": 86
    },
    "2016-06-30": {
        "Diluted EPS": 0.65,
        "Total Revenue": 755,
        "Gross Profit": 737,
        "Operating Income": 133,
        "EBIT": 180,
        "Net Income": 81
    },
    "2016-03-31": {
        "Diluted EPS": 0.48,
        "Total Revenue": 708,
        "Gross Profit": 689,
        "Operating Income": 100,
        "EBIT": 144,
        "Net Income": 60
    },
    "2015-12-31": {
        "Diluted EPS": 0.57,
        "Total Revenue": 735,
        "Gross Profit": 711,
        "Operating Income": 114,
        "EBIT": 158,
        "Net Income": 72
    },
    "2015-09-30": {
        "Diluted EPS": 0.66,
        "Total Revenue": 779,
        "Gross Profit": 749,
        "Operating Income": 140,
        "EBIT": 182,
        "Net Income": 84
    },
    "2015-06-30": {
        "Diluted EPS": 0.67,
        "Total Revenue": 762,
        "Gross Profit": 729,
        "Operating Income": 141,
        "EBIT": 181,
        "Net Income": 86
    },
    "2015-03-31": {
        "Diluted EPS": 0.49,
        "Total Revenue": 696,
        "Gross Profit": 666,
        "Operating Income": 104,
        "EBIT": 142,
        "Net Income": 63
    },
    "2014-12-31": {
        "Diluted EPS": 0.54,
        "Total Revenue": 721,
        "Gross Profit": 689,
        "Operating Income": 112,
        "EBIT": 152,
        "Net Income": 70
    },
    "2014-09-30": {
        "Diluted EPS": 0.6,
        "Total Revenue": 744,
        "Gross Profit": 709,
        "Operating Income": 126,
        "EBIT": 164,
        "Net Income": 78
    },
    "2014-06-30": {
        "Diluted EPS": 0.57,
        "Total Revenue": 703,
        "Gross Profit": 670,
        "Operating Income": 123,
        "EBIT": 158,
        "Net Income": 74
    },
    "2014-03-31": {
        "Diluted EPS": 0.35,
        "Total Revenue": 620,
        "Gross Profit": 591,
        "Operating Income": 80,
        "EBIT": 114,
        "Net Income": 46
    },
    "2013-12-31": {
        "Diluted EPS": 0.36,
        "Total Revenue": 592,
        "Gross Profit": 565,
        "Operating Income": 77,
        "EBIT": 111,
        "Net Income": 47
    },
    "2013-09-30": {
        "Diluted EPS": 0.47,
        "Total Revenue": 616,
        "Gross Profit": 588,
        "Operating Income": 98,
        "EBIT": 131,
        "Net Income": 60
    },
    "2013-06-30": {
        "Diluted EPS": 0.45,
        "Total Revenue": 590,
        "Gross Profit": 563,
        "Operating Income": 98,
        "EBIT": 128,
        "Net Income": 58
    },
    "2013-03-31": {
        "Diluted EPS": 0.31,
        "Total Revenue": 538,
        "Gross Profit": 515,
        "Operating Income": 66,
        "EBIT": 96,
        "Net Income": 41
    },
    "2012-12-31": {
        "Diluted EPS": 0.31,
        "Total Revenue": 539,
        "Gross Profit": 510,
        "Operating Income": 68,
        "EBIT": 97,
        "Net Income": 39
    },
    "2012-09-30": {
        "Diluted EPS": 0.39,
        "Total Revenue": 551,
        "Gross Profit": 526,
        "Operating Income": 81,
        "EBIT": 110,
        "Net Income": 51
    },
    "2012-06-30": {
        "Diluted EPS": 0.37,
        "Total Revenue": 547,
        "Gross Profit": 523,
        "Operating Income": 83,
        "EBIT": 109,
        "Net Income": 48
    },
    "2012-03-31": {
        "Diluted EPS": 0.24,
        "Total Revenue": 497,
        "Gross Profit": 481,
        "Operating Income": 54,
        "EBIT": 80,
        "Net Income": 31
    },
    "2011-12-31": {
        "Diluted EPS": 0.31,
        "Total Revenue": 506,
        "Gross Profit": 470,
        "Operating Income": 63,
        "EBIT": 88,
        "Net Income": 40
    },
    "2011-09-30": {
        "Diluted EPS": 0.3,
        "Total Revenue": 494,
        "Gross Profit": 478,
        "Operating Income": 68,
        "EBIT": 92,
        "Net Income": 39
    },
    "2011-06-30": {
        "Diluted EPS": 0.31,
        "Total Revenue": 480,
        "Gross Profit": 463,
        "Operating Income": 65,
        "EBIT": 87,
        "Net Income": 39
    },
    "2011-03-31": {
        "Diluted EPS": 0.17,
        "Total Revenue": 423,
        "Gross Profit": 408,
        "Operating Income": 38,
        "EBIT": 59,
        "Net Income": 22
    },
    "2010-12-31": {
        "Diluted EPS": 0.17,
        "Total Revenue": 399,
        "Gross Profit": 385,
        "Operating Income": 38,
        "EBIT": 58,
        "Net Income": 22
    },
    "2010-09-30": {
        "Diluted EPS": 0.2,
        "Total Revenue": 396,
        "Gross Profit": 381,
        "Operating Income": 43,
        "EBIT": 63,
        "Net Income": 24
    },
    "2010-06-30": {
        "Diluted EPS": 0.17,
        "Total Revenue": 368,
        "Gross Profit": 356,
        "Operating Income": 40,
        "EBIT": 60,
        "Net Income": 22
    },
    "2010-03-31": {
        "Diluted EPS": 0.06,
        "Total Revenue": 318,
        "Gross Profit": 309,
        "Operating Income": 16,
        "EBIT": 38,
        "Net Income": 8
    },
    "2009-12-31": {
        "Diluted EPS": 0.07,
        "Total Revenue": 311,
        "Gross Profit": 303,
        "Operating Income": 19,
        "EBIT": 43,
        "Net Income": 10
    },
    "2009-09-30": {
        "Diluted EPS": 0.08,
        "Total Revenue": 323,
        "Gross Profit": 313,
        "Operating Income": 20,
        "EBIT": 44,
        "Net Income": 10
    },
    "2009-06-30": {
        "Diluted EPS": 0.09,
        "Total Revenue": 316,
        "Gross Profit": 307,
        "Operating Income": 21,
        "EBIT": 45,
        "Net Income": 11
    },
    "2009-03-31": {
        "Diluted EPS": 0.03,
        "Total Revenue": 295,
        "Gross Profit": 287,
        "Operating Income": 10,
        "EBIT": 33,
        "Net Income": 4
    },
    "2022-10-31": {
        "Tax Effect Of Unusual Items": NaN,
        "Tax Rate For Calcs": NaN,
        "Normalized EBITDA": NaN,
        "Net Income From Continuing Operation Net Minority Interest": NaN,
        "Reconciled Depreciation": NaN,
        "Reconciled Cost Of Revenue": NaN,
        "EBITDA": NaN,
        "EBIT": NaN,
        "Net Interest Income": NaN,
        "Interest Expense": NaN,
        "Interest Income": NaN,
        "Normalized Income": NaN,
        "Net Income From Continuing And Discontinued Operation": NaN,
        "Total Expenses": NaN,
        "Total Operating Income As Reported": NaN,
        "Diluted Average Shares": 112295000.0,
        "Basic Average Shares": 111569000.0,
        "Diluted EPS": 3.36,
        "Basic EPS": 3.38,
        "Diluted NI Availto Com Stockholders": NaN,
        "Net Income Common Stockholders": NaN,
        "Net Income": NaN,
        "Net Income Including Noncontrolling Interests": NaN,
        "Net Income Continuous Operations": NaN,
        "Tax Provision": NaN,
        "Pretax Income": NaN,
        "Other Income Expense": NaN,
        "Other Non Operating Income Expenses": NaN,
        "Net Non Operating Interest Income Expense": NaN,
        "Interest Expense Non Operating": NaN,
        "Interest Income Non Operating": NaN,
        "Operating Income": NaN,
        "Operating Expense": NaN,
        "Other Operating Expenses": NaN,
        "Other Taxes": NaN,
        "Selling General And Administration": NaN,
        "General And Administrative Expense": NaN,
        "Other Gand A": NaN,
        "Insurance And Claims": NaN,
        "Gross Profit": NaN,
        "Cost Of Revenue": NaN,
        "Total Revenue": NaN,
        "Operating Revenue": NaN
    },
    "2023-09-30": {
        "Tax Effect Of Unusual Items": NaN,
        "Tax Rate For Calcs": NaN,
        "Normalized EBITDA": NaN,
        "Net Income From Continuing Operation Net Minority Interest": NaN,
        "Reconciled Depreciation": NaN,
        "Reconciled Cost Of Revenue": NaN,
        "EBITDA": NaN,
        "EBIT": NaN,
        "Net Interest Income": NaN,
        "Interest Expense": NaN,
        "Interest Income": NaN,
        "Normalized Income": NaN,
        "Net Income From Continuing And Discontinued Operation": NaN,
        "Total Expenses": NaN,
        "Total Operating Income As Reported": NaN,
        "Diluted Average Shares": 219670000.0,
        "Basic Average Shares": 218387000.0,
        "Diluted EPS": 1.54,
        "Basic EPS": 1.55,
        "Diluted NI Availto Com Stockholders": NaN,
        "Net Income Common Stockholders": NaN,
        "Net Income": NaN,
        "Net Income Including Noncontrolling Interests": NaN,
        "Net Income Continuous Operations": NaN,
        "Tax Provision": NaN,
        "Pretax Income": NaN,
        "Other Income Expense": NaN,
        "Other Non Operating Income Expenses": NaN,
        "Net Non Operating Interest Income Expense": NaN,
        "Interest Expense Non Operating": NaN,
        "Interest Income Non Operating": NaN,
        "Operating Income": NaN,
        "Operating Expense": NaN,
        "Other Operating Expenses": NaN,
        "Other Taxes": NaN,
        "Selling General And Administration": NaN,
        "General And Administrative Expense": NaN,
        "Other Gand A": NaN,
        "Insurance And Claims": NaN,
        "Gross Profit": NaN,
        "Cost Of Revenue": NaN,
        "Total Revenue": NaN,
        "Operating Revenue": NaN
    },
    "2023-12-31": {
        "Tax Effect Of Unusual Items": 0.0,
        "Tax Rate For Calcs": 0.241016,
        "Normalized EBITDA": 510062000.0,
        "Net Income From Continuing Operation Net Minority Interest": 322815000.0,
        "Reconciled Depreciation": 84652000.0,
        "Reconciled Cost Of Revenue": 966985000.0,
        "EBITDA": 510062000.0,
        "EBIT": 425410000.0,
        "Net Interest Income": 5227000.0,
        "Interest Expense": 85000.0,
        "Interest Income": 5312000.0,
        "Normalized Income": 322815000.0,
        "Net Income From Continuing And Discontinued Operation": 322815000.0,
        "Total Expenses": 1074539000.0,
        "Total Operating Income As Reported": 421011000.0,
        "Diluted Average Shares": NaN,
        "Basic Average Shares": NaN,
        "Diluted EPS": NaN,
        "Basic EPS": NaN,
        "Diluted NI Availto Com Stockholders": 322815000.0,
        "Net Income Common Stockholders": 322815000.0,
        "Net Income": 322815000.0,
        "Net Income Including Noncontrolling Interests": 322815000.0,
        "Net Income Continuous Operations": 322815000.0,
        "Tax Provision": 102510000.0,
        "Pretax Income": 425325000.0,
        "Other Income Expense": -913000.0,
        "Other Non Operating Income Expenses": -913000.0,
        "Net Non Operating Interest Income Expense": 5227000.0,
        "Interest Expense Non Operating": 85000.0,
        "Interest Income Non Operating": 5312000.0,
        "Operating Income": 421011000.0,
        "Operating Expense": 107554000.0,
        "Other Operating Expenses": -8458000.0,
        "Other Taxes": 35524000.0,
        "Selling General And Administration": 80488000.0,
        "General And Administrative Expense": 80488000.0,
        "Other Gand A": 52533000.0,
        "Insurance And Claims": 27955000.0,
        "Gross Profit": 528565000.0,
        "Cost Of Revenue": 966985000.0,
        "Total Revenue": 1495550000.0,
        "Operating Revenue": 1495550000.0
    },
    "2024-03-31": {
        "Tax Effect Of Unusual Items": 0.0,
        "Tax Rate For Calcs": 0.256001,
        "Normalized EBITDA": 477453000.0,
        "Net Income From Continuing Operation Net Minority Interest": 292304000.0,
        "Reconciled Depreciation": 84534000.0,
        "Reconciled Cost Of Revenue": 956103000.0,
        "EBITDA": 477453000.0,
        "EBIT": 392919000.0,
        "Net Interest Income": 7335000.0,
        "Interest Expense": 37000.0,
        "Interest Income": 7372000.0,
        "Normalized Income": 292304000.0,
        "Net Income From Continuing And Discontinued Operation": 292304000.0,
        "Total Expenses": 1073647000.0,
        "Total Operating Income As Reported": 386426000.0,
        "Diluted Average Shares": 218808000.0,
        "Basic Average Shares": 217594000.0,
        "Diluted EPS": 1.34,
        "Basic EPS": 1.34,
        "Diluted NI Availto Com Stockholders": 292304000.0,
        "Net Income Common Stockholders": 292304000.0,
        "Net Income": 292304000.0,
        "Net Income Including Noncontrolling Interests": 292304000.0,
        "Net Income Continuous Operations": 292304000.0,
        "Tax Provision": 100578000.0,
        "Pretax Income": 392882000.0,
        "Other Income Expense": -879000.0,
        "Other Non Operating Income Expenses": -879000.0,
        "Net Non Operating Interest Income Expense": 7335000.0,
        "Interest Expense Non Operating": 37000.0,
        "Interest Income Non Operating": 7372000.0,
        "Operating Income": 386426000.0,
        "Operating Expense": 117544000.0,
        "Other Operating Expenses": 6941000.0,
        "Other Taxes": 35838000.0,
        "Selling General And Administration": 74765000.0,
        "General And Administrative Expense": 74765000.0,
        "Other Gand A": 56571000.0,
        "Insurance And Claims": 18194000.0,
        "Gross Profit": 503970000.0,
        "Cost Of Revenue": 956103000.0,
        "Total Revenue": 1460073000.0,
        "Operating Revenue": 1446733000.0
    },
    "2024-06-30": {
        "Tax Effect Of Unusual Items": 0.0,
        "Tax Rate For Calcs": 0.245,
        "Normalized EBITDA": 511143000.0,
        "Net Income From Continuing Operation Net Minority Interest": 322045000.0,
        "Reconciled Depreciation": 84566000.0,
        "Reconciled Cost Of Revenue": 961377000.0,
        "EBITDA": 511143000.0,
        "EBIT": 426577000.0,
        "Net Interest Income": 5830000.0,
        "Interest Expense": 131000.0,
        "Interest Income": 5961000.0,
        "Normalized Income": 322045000.0,
        "Net Income From Continuing And Discontinued Operation": 322045000.0,
        "Total Expenses": 1077006000.0,
        "Total Operating Income As Reported": 421691000.0,
        "Diluted Average Shares": 217541000.0,
        "Basic Average Shares": 216369000.0,
        "Diluted EPS": 1.48,
        "Basic EPS": 1.49,
        "Diluted NI Availto Com Stockholders": 322045000.0,
        "Net Income Common Stockholders": 322045000.0,
        "Net Income": 322045000.0,
        "Net Income Including Noncontrolling Interests": 322045000.0,
        "Net Income Continuous Operations": 322045000.0,
        "Tax Provision": 104401000.0,
        "Pretax Income": 426446000.0,
        "Other Income Expense": -1075000.0,
        "Other Non Operating Income Expenses": -1075000.0,
        "Net Non Operating Interest Income Expense": 5830000.0,
        "Interest Expense Non Operating": 131000.0,
        "Interest Income Non Operating": 5961000.0,
        "Operating Income": 421691000.0,
        "Operating Expense": 115629000.0,
        "Other Operating Expenses": 7677000.0,
        "Other Taxes": 36282000.0,
        "Selling General And Administration": 71670000.0,
        "General And Administrative Expense": 71670000.0,
        "Other Gand A": 54529000.0,
        "Insurance And Claims": 17141000.0,
        "Gross Profit": 537320000.0,
        "Cost Of Revenue": 961377000.0,
        "Total Revenue": 1498697000.0,
        "Operating Revenue": 1484967000.0
    },
    "2024-09-30": {
        "Tax Effect Of Unusual Items": 0.0,
        "Tax Rate For Calcs": 0.234,
        "Normalized EBITDA": 489781000.0,
        "Net Income From Continuing Operation Net Minority Interest": 308580000.0,
        "Reconciled Depreciation": 86668000.0,
        "Reconciled Cost Of Revenue": 955022000.0,
        "EBITDA": 489781000.0,
        "EBIT": 403113000.0,
        "Net Interest Income": 1756000.0,
        "Interest Expense": 19000.0,
        "Interest Income": 1775000.0,
        "Normalized Income": 308580000.0,
        "Net Income From Continuing And Discontinued Operation": 308580000.0,
        "Total Expenses": 1068350000.0,
        "Total Operating Income As Reported": 401861000.0,
        "Diluted Average Shares": 215227000.0,
        "Basic Average Shares": 214089000.0,
        "Diluted EPS": 1.43,
        "Basic EPS": 1.44,
        "Diluted NI Availto Com Stockholders": 308580000.0,
        "Net Income Common Stockholders": 308580000.0,
        "Net Income": 308580000.0,
        "Net Income Including Noncontrolling Interests": 308580000.0,
        "Net Income Continuous Operations": 308580000.0,
        "Tax Provision": 94514000.0,
        "Pretax Income": 403094000.0,
        "Other Income Expense": -523000.0,
        "Other Non Operating Income Expenses": -523000.0,
        "Net Non Operating Interest Income Expense": 1756000.0,
        "Interest Expense Non Operating": 19000.0,
        "Interest Income Non Operating": 1775000.0,
        "Operating Income": 401861000.0,
        "Operating Expense": 113328000.0,
        "Other Operating Expenses": 3290000.0,
        "Other Taxes": 36733000.0,
        "Selling General And Administration": 73305000.0,
        "General And Administrative Expense": 73305000.0,
        "Other Gand A": 56096000.0,
        "Insurance And Claims": 17209000.0,
        "Gross Profit": 515189000.0,
        "Cost Of Revenue": 955022000.0,
        "Total Revenue": 1470211000.0,
        "Operating Revenue": 1457108000.0
    },
    "2024-12-31": {
        "Tax Effect Of Unusual Items": 0.0,
        "Tax Rate For Calcs": 0.214906,
        "Normalized EBITDA": 424010000.0,
        "Net Income From Continuing Operation Net Minority Interest": 263144000.0,
        "Reconciled Depreciation": 88810000.0,
        "Reconciled Cost Of Revenue": 919515000.0,
        "EBITDA": 424010000.0,
        "EBIT": 335200000.0,
        "Net Interest Income": 1878000.0,
        "Interest Expense": 25000.0,
        "Interest Income": 1903000.0,
        "Normalized Income": 263144000.0,
        "Net Income From Continuing And Discontinued Operation": 263144000.0,
        "Total Expenses": 1051809000.0,
        "Total Operating Income As Reported": 334020000.0,
        "Diluted Average Shares": 214399000.0,
        "Basic Average Shares": 213289000.0,
        "Diluted EPS": 1.23,
        "Basic EPS": 1.23,
        "Diluted NI Availto Com Stockholders": 263144000.0,
        "Net Income Common Stockholders": 263144000.0,
        "Net Income": 263144000.0,
        "Net Income Including Noncontrolling Interests": 263144000.0,
        "Net Income Continuous Operations": 263144000.0,
        "Tax Provision": 72031000.0,
        "Pretax Income": 335175000.0,
        "Other Income Expense": -723000.0,
        "Other Non Operating Income Expenses": -723000.0,
        "Net Non Operating Interest Income Expense": 1878000.0,
        "Interest Expense Non Operating": 25000.0,
        "Interest Income Non Operating": 1903000.0,
        "Operating Income": 334020000.0,
        "Operating Expense": 132294000.0,
        "Other Operating Expenses": 6465000.0,
        "Other Taxes": 35837000.0,
        "Selling General And Administration": 89992000.0,
        "General And Administrative Expense": 89992000.0,
        "Other Gand A": 50177000.0,
        "Insurance And Claims": 39815000.0,
        "Gross Profit": 466314000.0,
        "Cost Of Revenue": 919515000.0,
        "Total Revenue": 1385829000.0,
        "Operating Revenue": 1426002000.0
    },
    "2025-03-31": {
        "Tax Effect Of Unusual Items": 0.0,
        "Tax Rate For Calcs": 0.248,
        "Normalized EBITDA": 427781000.0,
        "Net Income From Continuing Operation Net Minority Interest": 254660000.0,
        "Reconciled Depreciation": 89135000.0,
        "Reconciled Cost Of Revenue": 924772000.0,
        "EBITDA": 427781000.0,
        "EBIT": 338646000.0,
        "Net Interest Income": 1660000.0,
        "Interest Expense": 2000.0,
        "Interest Income": 1662000.0,
        "Normalized Income": 254660000.0,
        "Net Income From Continuing And Discontinued Operation": 254660000.0,
        "Total Expenses": 1036803000.0,
        "Total Operating Income As Reported": 338055000.0,
        "Diluted Average Shares": 213484000.0,
        "Basic Average Shares": 212402000.0,
        "Diluted EPS": 1.19,
        "Basic EPS": 1.2,
        "Diluted NI Availto Com Stockholders": 254660000.0,
        "Net Income Common Stockholders": 254660000.0,
        "Net Income": 254660000.0,
        "Net Income Including Noncontrolling Interests": 254660000.0,
        "Net Income Continuous Operations": 254660000.0,
        "Tax Provision": 83984000.0,
        "Pretax Income": 338644000.0,
        "Other Income Expense": -1071000.0,
        "Other Non Operating Income Expenses": -1071000.0,
        "Net Non Operating Interest Income Expense": 1660000.0,
        "Interest Expense Non Operating": 2000.0,
        "Interest Income Non Operating": 1662000.0,
        "Operating Income": 338055000.0,
        "Operating Expense": 112031000.0,
        "Other Operating Expenses": 8265000.0,
        "Other Taxes": 35603000.0,
        "Selling General And Administration": 68163000.0,
        "General And Administrative Expense": 68163000.0,
        "Other Gand A": 50683000.0,
        "Insurance And Claims": 17480000.0,
        "Gross Profit": 450086000.0,
        "Cost Of Revenue": 924772000.0,
        "Total Revenue": 1374858000.0,
        "Operating Revenue": 1360839000.0
    },
    "2025-06-30": {
        "Tax Effect Of Unusual Items": 0.0,
        "Tax Rate For Calcs": 0.248,
        "Normalized EBITDA": 447887000.0,
        "Net Income From Continuing Operation Net Minority Interest": 268626000.0,
        "Reconciled Depreciation": 90665000.0,
        "Reconciled Cost Of Revenue": 933757000.0,
        "EBITDA": 447887000.0,
        "EBIT": 357222000.0,
        "Net Interest Income": 678000.0,
        "Interest Expense": 6000.0,
        "Interest Income": 684000.0,
        "Normalized Income": 268626000.0,
        "Net Income From Continuing And Discontinued Operation": 268626000.0,
        "Total Expenses": 1049829000.0,
        "Total Operating Income As Reported": 357895000.0,
        "Diluted Average Shares": 212164000.0,
        "Basic Average Shares": 211083000.0,
        "Diluted EPS": 1.27,
        "Basic EPS": 1.27,
        "Diluted NI Availto Com Stockholders": 268626000.0,
        "Net Income Common Stockholders": 268626000.0,
        "Net Income": 268626000.0,
        "Net Income Including Noncontrolling Interests": 268626000.0,
        "Net Income Continuous Operations": 268626000.0,
        "Tax Provision": 88590000.0,
        "Pretax Income": 357216000.0,
        "Other Income Expense": -1357000.0,
        "Other Non Operating Income Expenses": -1357000.0,
        "Net Non Operating Interest Income Expense": 678000.0,
        "Interest Expense Non Operating": 6000.0,
        "Interest Income Non Operating": 684000.0,
        "Operating Income": 357895000.0,
        "Operating Expense": 116072000.0,
        "Other Operating Expenses": 11323000.0,
        "Other Taxes": 34983000.0,
        "Selling General And Administration": 69766000.0,
        "General And Administrative Expense": 69766000.0,
        "Other Gand A": 50972000.0,
        "Insurance And Claims": 18794000.0,
        "Gross Profit": 473967000.0,
        "Cost Of Revenue": 933757000.0,
        "Total Revenue": 1407724000.0,
        "Operating Revenue": 1395112000.0
    }
}