{
    "2023-03-31": {
        "Tax Effect Of Unusual Items": NaN,
        "Tax Rate For Calcs": NaN,
        "Normalized EBITDA": NaN,
        "Total Unusual Items": 2200000.0,
        "Total Unusual Items Excluding Goodwill": 2200000.0,
        "Net Income From Continuing Operation Net Minority Interest": NaN,
        "Reconciled Depreciation": NaN,
        "Reconciled Cost Of Revenue": NaN,
        "EBITDA": NaN,
        "EBIT": NaN,
        "Net Interest Income": NaN,
        "Interest Expense": NaN,
        "Normalized Income": NaN,
        "Net Income From Continuing And Discontinued Operation": NaN,
        "Total Expenses": NaN,
        "Total Operating Income As Reported": NaN,
        "Diluted Average Shares": NaN,
        "Basic Average Shares": NaN,
        "Diluted EPS": NaN,
        "Basic EPS": NaN,
        "Diluted NI Availto Com Stockholders": NaN,
        "Net Income Common Stockholders": NaN,
        "Net Income": NaN,
        "Net Income Including Noncontrolling Interests": NaN,
        "Net Income Continuous Operations": NaN,
        "Earnings From Equity Interest Net Of Tax": NaN,
        "Tax Provision": NaN,
        "Pretax Income": NaN,
        "Other Income Expense": 2200000.0,
        "Other Non Operating Income Expenses": 2200000.0,
        "Special Income Charges": 2200000.0,
        "Other Special Charges": -2200000.0,
        "Net Non Operating Interest Income Expense": NaN,
        "Interest Expense Non Operating": NaN,
        "Operating Income": NaN,
        "Operating Expense": NaN,
        "Other Operating Expenses": NaN,
        "Research And Development": NaN,
        "Selling General And Administration": NaN,
        "Gross Profit": NaN,
        "Cost Of Revenue": NaN,
        "Total Revenue": NaN,
        "Operating Revenue": NaN
    },
    "2022-12-31": {
        "Tax Effect Of Unusual Items": NaN,
        "Tax Rate For Calcs": NaN,
        "Normalized EBITDA": NaN,
        "Total Unusual Items": 0.0,
        "Total Unusual Items Excluding Goodwill": 0.0,
        "Net Income From Continuing Operation Net Minority Interest": NaN,
        "Reconciled Depreciation": NaN,
        "Reconciled Cost Of Revenue": NaN,
        "EBITDA": NaN,
        "EBIT": NaN,
        "Net Interest Income": NaN,
        "Interest Expense": NaN,
        "Normalized Income": NaN,
        "Net Income From Continuing And Discontinued Operation": NaN,
        "Total Expenses": NaN,
        "Total Operating Income As Reported": NaN,
        "Diluted Average Shares": NaN,
        "Basic Average Shares": NaN,
        "Diluted EPS": NaN,
        "Basic EPS": NaN,
        "Diluted NI Availto Com Stockholders": NaN,
        "Net Income Common Stockholders": NaN,
        "Net Income": NaN,
        "Net Income Including Noncontrolling Interests": NaN,
        "Net Income Continuous Operations": NaN,
        "Earnings From Equity Interest Net Of Tax": NaN,
        "Tax Provision": NaN,
        "Pretax Income": NaN,
        "Other Income Expense": NaN,
        "Other Non Operating Income Expenses": NaN,
        "Special Income Charges": 0.0,
        "Other Special Charges": NaN,
        "Net Non Operating Interest Income Expense": NaN,
        "Interest Expense Non Operating": NaN,
        "Operating Income": NaN,
        "Operating Expense": NaN,
        "Other Operating Expenses": NaN,
        "Research And Development": NaN,
        "Selling General And Administration": NaN,
        "Gross Profit": NaN,
        "Cost Of Revenue": NaN,
        "Total Revenue": NaN,
        "Operating Revenue": NaN
    },
    "2022-09-30": {
        "Tax Effect Of Unusual Items": NaN,
        "Tax Rate For Calcs": NaN,
        "Normalized EBITDA": NaN,
        "Total Unusual Items": 0.0,
        "Total Unusual Items Excluding Goodwill": 0.0,
        "Net Income From Continuing Operation Net Minority Interest": NaN,
        "Reconciled Depreciation": NaN,
        "Reconciled Cost Of Revenue": NaN,
        "EBITDA": NaN,
        "EBIT": NaN,
        "Net Interest Income": NaN,
        "Interest Expense": NaN,
        "Normalized Income": NaN,
        "Net Income From Continuing And Discontinued Operation": NaN,
        "Total Expenses": NaN,
        "Total Operating Income As Reported": NaN,
        "Diluted Average Shares": NaN,
        "Basic Average Shares": NaN,
        "Diluted EPS": NaN,
        "Basic EPS": NaN,
        "Diluted NI Availto Com Stockholders": NaN,
        "Net Income Common Stockholders": NaN,
        "Net Income": NaN,
        "Net Income Including Noncontrolling Interests": NaN,
        "Net Income Continuous Operations": NaN,
        "Earnings From Equity Interest Net Of Tax": NaN,
        "Tax Provision": NaN,
        "Pretax Income": NaN,
        "Other Income Expense": NaN,
        "Other Non Operating Income Expenses": NaN,
        "Special Income Charges": 0.0,
        "Other Special Charges": NaN,
        "Net Non Operating Interest Income Expense": NaN,
        "Interest Expense Non Operating": NaN,
        "Operating Income": NaN,
        "Operating Expense": NaN,
        "Other Operating Expenses": NaN,
        "Research And Development": NaN,
        "Selling General And Administration": NaN,
        "Gross Profit": NaN,
        "Cost Of Revenue": NaN,
        "Total Revenue": NaN,
        "Operating Revenue": NaN
    },
    "2022-06-30": {
        "Tax Effect Of Unusual Items": 0.0,
        "Tax Rate For Calcs": 0.301,
        "Normalized EBITDA": 80300000.0,
        "Total Unusual Items": 0.0,
        "Total Unusual Items Excluding Goodwill": 0.0,
        "Net Income From Continuing Operation Net Minority Interest": 29700000.0,
        "Reconciled Depreciation": 27400000.0,
        "Reconciled Cost Of Revenue": 421400000.0,
        "EBITDA": 80300000.0,
        "EBIT": 52900000.0,
        "Net Interest Income": -10500000.0,
        "Interest Expense": 10500000.0,
        "Normalized Income": 29700000.0,
        "Net Income From Continuing And Discontinued Operation": 29700000.0,
        "Total Expenses": 488300000.0,
        "Total Operating Income As Reported": 52900000.0,
        "Diluted Average Shares": 61010000.0,
        "Basic Average Shares": 60807000.0,
        "Diluted EPS": 0.49,
        "Basic EPS": 0.49,
        "Diluted NI Availto Com Stockholders": 29700000.0,
        "Net Income Common Stockholders": 29700000.0,
        "Net Income": 29700000.0,
        "Net Income Including Noncontrolling Interests": 29700000.0,
        "Net Income Continuous Operations": 29700000.0,
        "Earnings From Equity Interest Net Of Tax": 100000.0,
        "Tax Provision": 12800000.0,
        "Pretax Income": 42400000.0,
        "Other Income Expense": NaN,
        "Special Income Charges": 0.0,
        "Other Special Charges": NaN,
        "Net Non Operating Interest Income Expense": -10500000.0,
        "Interest Expense Non Operating": 10500000.0,
        "Operating Income": 52900000.0,
        "Operating Expense": 66900000.0,
        "Other Operating Expenses": 1300000.0,
        "Research And Development": 5900000.0,
        "Selling General And Administration": 59700000.0,
        "Gross Profit": 119800000.0,
        "Cost Of Revenue": 421400000.0,
        "Total Revenue": 541200000.0,
        "Operating Revenue": 541200000.0
    },
    "2022-03-31": {
        "Diluted EPS": 0.53,
        "Total Revenue": 485,
        "Gross Profit": 118,
        "Operating Income": 55,
        "EBIT": 82,
        "Net Income": 33
    },
    "2021-12-31": {
        "Diluted EPS": 0.0,
        "Total Revenue": 393,
        "Gross Profit": 75,
        "Operating Income": 13,
        "EBIT": 43,
        "Net Income": 1
    },
    "2021-09-30": {
        "Diluted EPS": 0.35,
        "Total Revenue": 393,
        "Gross Profit": 99,
        "Operating Income": 40,
        "EBIT": 67,
        "Net Income": 21
    },
    "2021-06-30": {
        "Diluted EPS": 1.47,
        "Total Revenue": 401,
        "Gross Profit": 110,
        "Operating Income": 133,
        "EBIT": 158,
        "Net Income": 89
    },
    "2021-03-31": {
        "Diluted EPS": 0.39,
        "Total Revenue": 360,
        "Gross Profit": 103,
        "Operating Income": 43,
        "EBIT": 69,
        "Net Income": 24
    },
    "2020-12-31": {
        "Diluted EPS": 0.15,
        "Total Revenue": 316,
        "Gross Profit": 89,
        "Operating Income": 26,
        "EBIT": 53,
        "Net Income": 9
    },
    "2020-09-30": {
        "Diluted EPS": 0.15,
        "Total Revenue": 282,
        "Gross Profit": 79,
        "Operating Income": 24,
        "EBIT": 49,
        "Net Income": 9
    },
    "2020-06-30": {
        "Diluted EPS": -0.29,
        "Total Revenue": 203,
        "Gross Profit": 34,
        "Operating Income": -13,
        "EBIT": 9,
        "Net Income": -18
    },
    "2020-03-31": {
        "Diluted EPS": 0.29,
        "Total Revenue": 336,
        "Gross Profit": 90,
        "Operating Income": 38,
        "EBIT": 62,
        "Net Income": 18
    },
    "2019-12-31": {
        "Diluted EPS": 0.32,
        "Total Revenue": 322,
        "Gross Profit": 89,
        "Operating Income": 33,
        "EBIT": 58,
        "Net Income": 19
    },
    "2019-09-30": {
        "Diluted EPS": 0.39,
        "Total Revenue": 370,
        "Gross Profit": 99,
        "Operating Income": 38,
        "EBIT": 61,
        "Net Income": 24
    },
    "2019-06-30": {
        "Diluted EPS": 0.4,
        "Total Revenue": 399,
        "Gross Profit": 104,
        "Operating Income": 41,
        "EBIT": 67,
        "Net Income": 25
    },
    "2019-03-31": {
        "Diluted EPS": 0.31,
        "Total Revenue": 385,
        "Gross Profit": 98,
        "Operating Income": 35,
        "EBIT": 59,
        "Net Income": 19
    },
    "2018-12-31": {
        "Diluted EPS": 0.25,
        "Total Revenue": 386,
        "Gross Profit": 96,
        "Operating Income": 27,
        "EBIT": 54,
        "Net Income": 16
    },
    "2018-09-30": {
        "Diluted EPS": 0.43,
        "Total Revenue": 394,
        "Gross Profit": 109,
        "Operating Income": 42,
        "EBIT": 64,
        "Net Income": 26
    },
    "2018-06-30": {
        "Diluted EPS": 0.87,
        "Total Revenue": 392,
        "Gross Profit": 113,
        "Operating Income": 82,
        "EBIT": 108,
        "Net Income": 53
    },
    "2018-03-31": {
        "Diluted EPS": 0.44,
        "Total Revenue": 407,
        "Gross Profit": 112,
        "Operating Income": 45,
        "EBIT": 71,
        "Net Income": 27
    },
    "2017-12-31": {
        "Diluted EPS": 0.24,
        "Total Revenue": 340,
        "Gross Profit": 94,
        "Operating Income": 29,
        "EBIT": 62,
        "Net Income": 14
    },
    "2017-09-30": {
        "Diluted EPS": 0.25,
        "Total Revenue": 335,
        "Gross Profit": 95,
        "Operating Income": 33,
        "EBIT": 57,
        "Net Income": 15
    },
    "2017-06-30": {
        "Diluted EPS": 0.3,
        "Total Revenue": 330,
        "Gross Profit": 93,
        "Operating Income": 38,
        "EBIT": 62,
        "Net Income": 18
    },
    "2017-03-31": {
        "Diluted EPS": 0.28,
        "Total Revenue": 324,
        "Gross Profit": 96,
        "Operating Income": 37,
        "EBIT": 59,
        "Net Income": 17
    },
    "2016-12-31": {
        "Diluted EPS": 0.33,
        "Total Revenue": 298,
        "Gross Profit": 94,
        "Operating Income": 40,
        "EBIT": 60,
        "Net Income": 20
    },
    "2016-09-30": {
        "Diluted EPS": -0.07,
        "Total Revenue": 290,
        "Gross Profit": 92,
        "Operating Income": 4,
        "EBIT": 38,
        "Net Income": -4
    },
    "2016-06-30": {
        "Diluted EPS": 0.32,
        "Total Revenue": 280,
        "Gross Profit": 98,
        "Operating Income": 39,
        "EBIT": 62,
        "Net Income": 19
    },
    "2016-03-31": {
        "Diluted EPS": 0.24,
        "Total Revenue": 272,
        "Gross Profit": 90,
        "Operating Income": 34,
        "EBIT": 55,
        "Net Income": 15
    },
    "2015-12-31": {
        "Diluted EPS": 0.03,
        "Total Revenue": 285,
        "Gross Profit": 87,
        "Operating Income": 26,
        "EBIT": 49,
        "Net Income": 2
    },
    "2015-09-30": {
        "Diluted EPS": 0.22,
        "Total Revenue": 310,
        "Gross Profit": 82,
        "Operating Income": 30,
        "EBIT": 50,
        "Net Income": 13
    },
    "2015-06-30": {
        "Diluted EPS": 0.27,
        "Total Revenue": 312,
        "Gross Profit": 94,
        "Operating Income": 40,
        "EBIT": 59,
        "Net Income": 16
    },
    "2015-03-31": {
        "Diluted EPS": 0.28,
        "Total Revenue": 327,
        "Gross Profit": 92,
        "Operating Income": 40,
        "EBIT": 59,
        "Net Income": 17
    },
    "2014-12-31": {
        "Diluted EPS": -0.16,
        "Total Revenue": 354,
        "Gross Profit": 354,
        "Operating Income": 354,
        "EBIT": 381,
        "Net Income": -9
    },
    "2014-09-30": {
        "Diluted EPS": -0.85,
        "Total Revenue": 411,
        "Gross Profit": 76,
        "Operating Income": 10,
        "EBIT": 33,
        "Net Income": -51
    },
    "2014-06-30": {
        "Diluted EPS": 0.12,
        "Total Revenue": 448,
        "Gross Profit": 90,
        "Operating Income": 31,
        "EBIT": 31,
        "Net Income": 8
    },
    "2014-03-31": {
        "Diluted EPS": 0.22,
        "Total Revenue": 455,
        "Gross Profit": 455,
        "Operating Income": 455,
        "EBIT": 455,
        "Net Income": 13
    },
    "2013-12-31": {
        "Diluted EPS": -0.53,
        "Total Revenue": 424,
        "Gross Profit": 424,
        "Operating Income": 424,
        "EBIT": 424,
        "Net Income": -23
    },
    "2013-06-30": {
        "Diluted EPS": -0.03,
        "Total Revenue": 458,
        "Gross Profit": 458,
        "Operating Income": 458,
        "EBIT": 458,
        "Net Income": -1
    },
    "2023-06-30": {
        "Tax Effect Of Unusual Items": NaN,
        "Tax Rate For Calcs": NaN,
        "Normalized EBITDA": NaN,
        "Total Unusual Items": 2300000.0,
        "Total Unusual Items Excluding Goodwill": 2300000.0,
        "Net Income From Continuing Operation Net Minority Interest": NaN,
        "Reconciled Depreciation": NaN,
        "Reconciled Cost Of Revenue": NaN,
        "EBITDA": NaN,
        "EBIT": NaN,
        "Net Interest Income": NaN,
        "Interest Expense": NaN,
        "Normalized Income": NaN,
        "Net Income From Continuing And Discontinued Operation": NaN,
        "Total Expenses": NaN,
        "Total Operating Income As Reported": NaN,
        "Diluted Average Shares": NaN,
        "Basic Average Shares": NaN,
        "Diluted EPS": NaN,
        "Basic EPS": NaN,
        "Diluted NI Availto Com Stockholders": NaN,
        "Net Income Common Stockholders": NaN,
        "Net Income": NaN,
        "Net Income Including Noncontrolling Interests": NaN,
        "Net Income Continuous Operations": NaN,
        "Earnings From Equity Interest Net Of Tax": NaN,
        "Tax Provision": NaN,
        "Pretax Income": NaN,
        "Other Income Expense": 2300000.0,
        "Other Non Operating Income Expenses": 2300000.0,
        "Special Income Charges": 2300000.0,
        "Other Special Charges": -2300000.0,
        "Net Non Operating Interest Income Expense": NaN,
        "Interest Expense Non Operating": NaN,
        "Operating Income": NaN,
        "Operating Expense": NaN,
        "Other Operating Expenses": NaN,
        "Research And Development": NaN,
        "Selling General And Administration": NaN,
        "Gross Profit": NaN,
        "Cost Of Revenue": NaN,
        "Total Revenue": NaN,
        "Operating Revenue": NaN
    },
    "2023-09-30": {
        "Tax Effect Of Unusual Items": NaN,
        "Tax Rate For Calcs": NaN,
        "Normalized EBITDA": NaN,
        "Total Unusual Items": 0.0,
        "Total Unusual Items Excluding Goodwill": 0.0,
        "Net Income From Continuing Operation Net Minority Interest": NaN,
        "Reconciled Depreciation": NaN,
        "Reconciled Cost Of Revenue": NaN,
        "EBITDA": NaN,
        "EBIT": NaN,
        "Net Interest Income": NaN,
        "Interest Expense": NaN,
        "Normalized Income": NaN,
        "Net Income From Continuing And Discontinued Operation": NaN,
        "Total Expenses": NaN,
        "Total Operating Income As Reported": NaN,
        "Diluted Average Shares": NaN,
        "Basic Average Shares": NaN,
        "Diluted EPS": NaN,
        "Basic EPS": NaN,
        "Diluted NI Availto Com Stockholders": NaN,
        "Net Income Common Stockholders": NaN,
        "Net Income": NaN,
        "Net Income Including Noncontrolling Interests": NaN,
        "Net Income Continuous Operations": NaN,
        "Earnings From Equity Interest Net Of Tax": NaN,
        "Tax Provision": NaN,
        "Pretax Income": NaN,
        "Other Income Expense": 2200000.0,
        "Other Non Operating Income Expenses": 2200000.0,
        "Special Income Charges": 0.0,
        "Other Special Charges": -2200000.0,
        "Net Non Operating Interest Income Expense": NaN,
        "Interest Expense Non Operating": NaN,
        "Operating Income": NaN,
        "Operating Expense": NaN,
        "Other Operating Expenses": NaN,
        "Research And Development": NaN,
        "Selling General And Administration": NaN,
        "Gross Profit": NaN,
        "Cost Of Revenue": NaN,
        "Total Revenue": NaN,
        "Operating Revenue": NaN
    },
    "2023-12-31": {
        "Tax Effect Of Unusual Items": NaN,
        "Tax Rate For Calcs": NaN,
        "Normalized EBITDA": NaN,
        "Total Unusual Items": NaN,
        "Total Unusual Items Excluding Goodwill": NaN,
        "Net Income From Continuing Operation Net Minority Interest": NaN,
        "Reconciled Depreciation": NaN,
        "Reconciled Cost Of Revenue": NaN,
        "EBITDA": NaN,
        "EBIT": NaN,
        "Net Interest Income": NaN,
        "Interest Expense": NaN,
        "Normalized Income": NaN,
        "Net Income From Continuing And Discontinued Operation": NaN,
        "Total Expenses": NaN,
        "Total Operating Income As Reported": NaN,
        "Diluted Average Shares": NaN,
        "Basic Average Shares": NaN,
        "Diluted EPS": NaN,
        "Basic EPS": NaN,
        "Diluted NI Availto Com Stockholders": NaN,
        "Net Income Common Stockholders": NaN,
        "Net Income": NaN,
        "Net Income Including Noncontrolling Interests": NaN,
        "Net Income Continuous Operations": NaN,
        "Earnings From Equity Interest Net Of Tax": NaN,
        "Tax Provision": NaN,
        "Pretax Income": NaN,
        "Other Income Expense": 2200000.0,
        "Other Non Operating Income Expenses": 2200000.0,
        "Special Income Charges": NaN,
        "Other Special Charges": NaN,
        "Net Non Operating Interest Income Expense": NaN,
        "Interest Expense Non Operating": NaN,
        "Operating Income": NaN,
        "Operating Expense": NaN,
        "Other Operating Expenses": NaN,
        "Research And Development": NaN,
        "Selling General And Administration": NaN,
        "Gross Profit": NaN,
        "Cost Of Revenue": NaN,
        "Total Revenue": NaN,
        "Operating Revenue": NaN
    },
    "2024-03-31": {
        "Tax Effect Of Unusual Items": 0.0,
        "Tax Rate For Calcs": 0.336658,
        "Normalized EBITDA": 81700000.0,
        "Total Unusual Items": NaN,
        "Total Unusual Items Excluding Goodwill": NaN,
        "Net Income From Continuing Operation Net Minority Interest": 26700000.0,
        "Reconciled Depreciation": 28900000.0,
        "Reconciled Cost Of Revenue": 380700000.0,
        "EBITDA": 81700000.0,
        "EBIT": 52800000.0,
        "Net Interest Income": -12700000.0,
        "Interest Expense": 12700000.0,
        "Normalized Income": 26700000.0,
        "Net Income From Continuing And Discontinued Operation": 26700000.0,
        "Total Expenses": 450100000.0,
        "Total Operating Income As Reported": 52800000.0,
        "Diluted Average Shares": 59229000.0,
        "Basic Average Shares": 58640000.0,
        "Diluted EPS": 0.45,
        "Basic EPS": 0.46,
        "Diluted NI Availto Com Stockholders": 26700000.0,
        "Net Income Common Stockholders": 26700000.0,
        "Net Income": 26700000.0,
        "Net Income Including Noncontrolling Interests": 26700000.0,
        "Net Income Continuous Operations": 26700000.0,
        "Earnings From Equity Interest Net Of Tax": 100000.0,
        "Tax Provision": 13500000.0,
        "Pretax Income": 40100000.0,
        "Other Income Expense": NaN,
        "Other Non Operating Income Expenses": NaN,
        "Special Income Charges": NaN,
        "Other Special Charges": NaN,
        "Net Non Operating Interest Income Expense": -12700000.0,
        "Interest Expense Non Operating": 12700000.0,
        "Operating Income": 52800000.0,
        "Operating Expense": 69400000.0,
        "Other Operating Expenses": 1300000.0,
        "Research And Development": 6600000.0,
        "Selling General And Administration": 61500000.0,
        "Gross Profit": 122200000.0,
        "Cost Of Revenue": 380700000.0,
        "Total Revenue": 502900000.0,
        "Operating Revenue": 502900000.0
    },
    "2024-06-30": {
        "Tax Effect Of Unusual Items": 0.0,
        "Tax Rate For Calcs": 0.309524,
        "Normalized EBITDA": 71900000.0,
        "Total Unusual Items": NaN,
        "Total Unusual Items Excluding Goodwill": NaN,
        "Net Income From Continuing Operation Net Minority Interest": 20500000.0,
        "Reconciled Depreciation": 30300000.0,
        "Reconciled Cost Of Revenue": 367200000.0,
        "EBITDA": 71900000.0,
        "EBIT": 41600000.0,
        "Net Interest Income": -12200000.0,
        "Interest Expense": 12200000.0,
        "Normalized Income": 20500000.0,
        "Net Income From Continuing And Discontinued Operation": 20500000.0,
        "Total Expenses": 435400000.0,
        "Total Operating Income As Reported": 41600000.0,
        "Diluted Average Shares": 59185000.0,
        "Basic Average Shares": 58388000.0,
        "Diluted EPS": 0.35,
        "Basic EPS": 0.35,
        "Diluted NI Availto Com Stockholders": 20500000.0,
        "Net Income Common Stockholders": 20500000.0,
        "Net Income": 20500000.0,
        "Net Income Including Noncontrolling Interests": 20500000.0,
        "Net Income Continuous Operations": 20500000.0,
        "Earnings From Equity Interest Net Of Tax": 200000.0,
        "Tax Provision": 9100000.0,
        "Pretax Income": 29400000.0,
        "Other Income Expense": NaN,
        "Special Income Charges": NaN,
        "Other Special Charges": NaN,
        "Net Non Operating Interest Income Expense": -12200000.0,
        "Interest Expense Non Operating": 12200000.0,
        "Operating Income": 41600000.0,
        "Operating Expense": 68200000.0,
        "Other Operating Expenses": 1400000.0,
        "Research And Development": 6500000.0,
        "Selling General And Administration": 60300000.0,
        "Gross Profit": 109800000.0,
        "Cost Of Revenue": 367200000.0,
        "Total Revenue": 477000000.0,
        "Operating Revenue": 477000000.0
    },
    "2024-09-30": {
        "Tax Effect Of Unusual Items": -21002200.0,
        "Tax Rate For Calcs": 0.346,
        "Normalized EBITDA": 76200000.0,
        "Total Unusual Items": -60700000.0,
        "Total Unusual Items Excluding Goodwill": -60700000.0,
        "Net Income From Continuing Operation Net Minority Interest": -20200000.0,
        "Reconciled Depreciation": 30800000.0,
        "Reconciled Cost Of Revenue": 355900000.0,
        "EBITDA": 15500000.0,
        "EBIT": -15300000.0,
        "Net Interest Income": -15900000.0,
        "Interest Expense": 15900000.0,
        "Normalized Income": 19497800.0,
        "Net Income From Continuing And Discontinued Operation": -20200000.0,
        "Total Expenses": 418000000.0,
        "Total Operating Income As Reported": -15300000.0,
        "Diluted Average Shares": 58738000.0,
        "Basic Average Shares": 58191000.0,
        "Diluted EPS": -0.35,
        "Basic EPS": -0.35,
        "Diluted NI Availto Com Stockholders": -20200000.0,
        "Net Income Common Stockholders": -20200000.0,
        "Net Income": -20200000.0,
        "Net Income Including Noncontrolling Interests": -20200000.0,
        "Net Income Continuous Operations": -20200000.0,
        "Earnings From Equity Interest Net Of Tax": 200000.0,
        "Tax Provision": -10800000.0,
        "Pretax Income": -31200000.0,
        "Other Income Expense": -60700000.0,
        "Special Income Charges": -60700000.0,
        "Other Special Charges": 60700000.0,
        "Impairment Of Capital Assets": NaN,
        "Net Non Operating Interest Income Expense": -15900000.0,
        "Interest Expense Non Operating": 15900000.0,
        "Operating Income": 45400000.0,
        "Operating Expense": 62100000.0,
        "Other Operating Expenses": -2800000.0,
        "Research And Development": 7000000.0,
        "Selling General And Administration": 57900000.0,
        "Gross Profit": 107500000.0,
        "Cost Of Revenue": 355900000.0,
        "Total Revenue": 463400000.0,
        "Operating Revenue": 463400000.0
    },
    "2024-12-31": {
        "Tax Effect Of Unusual Items": 294000.0,
        "Tax Rate For Calcs": 0.21,
        "Normalized EBITDA": 57500000.0,
        "Total Unusual Items": 1400000.0,
        "Total Unusual Items Excluding Goodwill": 1400000.0,
        "Net Income From Continuing Operation Net Minority Interest": 17200000.0,
        "Reconciled Depreciation": 35300000.0,
        "Reconciled Cost Of Revenue": 344900000.0,
        "EBITDA": 58900000.0,
        "EBIT": 23600000.0,
        "Net Interest Income": -8600000.0,
        "Interest Expense": 8600000.0,
        "Normalized Income": 16094000.0,
        "Net Income From Continuing And Discontinued Operation": 17200000.0,
        "Total Expenses": 412000000.0,
        "Total Operating Income As Reported": 23600000.0,
        "Diluted Average Shares": 57803000.0,
        "Basic Average Shares": 57679000.0,
        "Diluted EPS": 0.3,
        "Basic EPS": 0.3,
        "Diluted NI Availto Com Stockholders": 17200000.0,
        "Net Income Common Stockholders": 17200000.0,
        "Net Income": 17200000.0,
        "Net Income Including Noncontrolling Interests": 17200000.0,
        "Net Income Continuous Operations": 17200000.0,
        "Earnings From Equity Interest Net Of Tax": 100000.0,
        "Tax Provision": -2100000.0,
        "Pretax Income": 15000000.0,
        "Other Income Expense": 1400000.0,
        "Special Income Charges": 1400000.0,
        "Other Special Charges": -1400000.0,
        "Impairment Of Capital Assets": NaN,
        "Net Non Operating Interest Income Expense": -8600000.0,
        "Interest Expense Non Operating": 8600000.0,
        "Operating Income": 22200000.0,
        "Operating Expense": 67100000.0,
        "Other Operating Expenses": 2000000.0,
        "Research And Development": 7000000.0,
        "Selling General And Administration": 58100000.0,
        "Gross Profit": 89300000.0,
        "Cost Of Revenue": 344900000.0,
        "Total Revenue": 434200000.0,
        "Operating Revenue": 434200000.0
    },
    "2025-03-31": {
        "Tax Effect Of Unusual Items": 0.0,
        "Tax Rate For Calcs": 0.21,
        "Normalized EBITDA": 62700000.0,
        "Total Unusual Items": NaN,
        "Total Unusual Items Excluding Goodwill": NaN,
        "Net Income From Continuing Operation Net Minority Interest": 9100000.0,
        "Reconciled Depreciation": 31500000.0,
        "Reconciled Cost Of Revenue": 379600000.0,
        "EBITDA": 62700000.0,
        "EBIT": 31200000.0,
        "Net Interest Income": -13700000.0,
        "Interest Expense": 13700000.0,
        "Normalized Income": 9100000.0,
        "Net Income From Continuing And Discontinued Operation": 9100000.0,
        "Total Expenses": 446500000.0,
        "Total Operating Income As Reported": 31200000.0,
        "Diluted Average Shares": 57200000.0,
        "Basic Average Shares": 57058000.0,
        "Diluted EPS": 0.16,
        "Basic EPS": 0.16,
        "Diluted NI Availto Com Stockholders": 9100000.0,
        "Net Income Common Stockholders": 9100000.0,
        "Net Income": 9100000.0,
        "Net Income Including Noncontrolling Interests": 9100000.0,
        "Net Income Continuous Operations": 9100000.0,
        "Earnings From Equity Interest Net Of Tax": 500000.0,
        "Tax Provision": 8900000.0,
        "Pretax Income": 17500000.0,
        "Other Income Expense": NaN,
        "Special Income Charges": NaN,
        "Other Special Charges": NaN,
        "Impairment Of Capital Assets": NaN,
        "Net Non Operating Interest Income Expense": -13700000.0,
        "Interest Expense Non Operating": 13700000.0,
        "Operating Income": 31200000.0,
        "Operating Expense": 66900000.0,
        "Other Operating Expenses": 1900000.0,
        "Research And Development": 6600000.0,
        "Selling General And Administration": 58400000.0,
        "Gross Profit": 98100000.0,
        "Cost Of Revenue": 379600000.0,
        "Total Revenue": 477700000.0,
        "Operating Revenue": 477700000.0
    },
    "2025-06-30": {
        "Tax Effect Of Unusual Items": 0.0,
        "Tax Rate For Calcs": 0.353846,
        "Normalized EBITDA": 64100000.0,
        "Total Unusual Items": NaN,
        "Total Unusual Items Excluding Goodwill": NaN,
        "Net Income From Continuing Operation Net Minority Interest": 9000000.0,
        "Reconciled Depreciation": 32000000.0,
        "Reconciled Cost Of Revenue": 368000000.0,
        "EBITDA": 64100000.0,
        "EBIT": 32100000.0,
        "Net Interest Income": -19100000.0,
        "Interest Expense": 19100000.0,
        "Normalized Income": 9000000.0,
        "Net Income From Continuing And Discontinued Operation": 9000000.0,
        "Total Expenses": 434300000.0,
        "Total Operating Income As Reported": 32100000.0,
        "Diluted Average Shares": 56320000.0,
        "Basic Average Shares": 56153000.0,
        "Diluted EPS": 0.16,
        "Basic EPS": 0.16,
        "Diluted NI Availto Com Stockholders": 9000000.0,
        "Net Income Common Stockholders": 9000000.0,
        "Net Income": 9000000.0,
        "Net Income Including Noncontrolling Interests": 9000000.0,
        "Net Income Continuous Operations": 9000000.0,
        "Earnings From Equity Interest Net Of Tax": 600000.0,
        "Tax Provision": 4600000.0,
        "Pretax Income": 13000000.0,
        "Other Income Expense": NaN,
        "Special Income Charges": NaN,
        "Other Special Charges": NaN,
        "Impairment Of Capital Assets": NaN,
        "Net Non Operating Interest Income Expense": -19100000.0,
        "Interest Expense Non Operating": 19100000.0,
        "Operating Income": 32100000.0,
        "Operating Expense": 66300000.0,
        "Other Operating Expenses": 2100000.0,
        "Research And Development": 6500000.0,
        "Selling General And Administration": 57700000.0,
        "Gross Profit": 98400000.0,
        "Cost Of Revenue": 368000000.0,
        "Total Revenue": 466400000.0,
        "Operating Revenue": 466400000.0
    },
    "2025-09-30": {
        "Tax Effect Of Unusual Items": -514500.0,
        "Tax Rate For Calcs": 0.007,
        "Normalized EBITDA": 53500000.0,
        "Total Unusual Items": -73500000.0,
        "Total Unusual Items Excluding Goodwill": -73500000.0,
        "Net Income From Continuing Operation Net Minority Interest": -67100000.0,
        "Reconciled Depreciation": 33700000.0,
        "Reconciled Cost Of Revenue": 365300000.0,
        "EBITDA": -20000000.0,
        "EBIT": -53700000.0,
        "Net Interest Income": -14400000.0,
        "Interest Expense": 14400000.0,
        "Normalized Income": 5885500.0,
        "Net Income From Continuing And Discontinued Operation": -67100000.0,
        "Total Expenses": 431100000.0,
        "Total Operating Income As Reported": -53700000.0,
        "Diluted Average Shares": 56249000.0,
        "Basic Average Shares": 56046000.0,
        "Diluted EPS": -1.2,
        "Basic EPS": -1.2,
        "Diluted NI Availto Com Stockholders": -67100000.0,
        "Net Income Common Stockholders": -67100000.0,
        "Net Income": -67100000.0,
        "Net Income Including Noncontrolling Interests": -67100000.0,
        "Net Income Continuous Operations": -67100000.0,
        "Earnings From Equity Interest Net Of Tax": 500000.0,
        "Tax Provision": -500000.0,
        "Pretax Income": -68100000.0,
        "Other Income Expense": -73500000.0,
        "Special Income Charges": -73500000.0,
        "Other Special Charges": -7300000.0,
        "Impairment Of Capital Assets": 80800000.0,
        "Net Non Operating Interest Income Expense": -14400000.0,
        "Interest Expense Non Operating": 14400000.0,
        "Operating Income": 19800000.0,
        "Operating Expense": 65800000.0,
        "Other Operating Expenses": 1400000.0,
        "Research And Development": 6900000.0,
        "Selling General And Administration": 57500000.0,
        "Gross Profit": 85600000.0,
        "Cost Of Revenue": 365300000.0,
        "Total Revenue": 450900000.0,
        "Operating Revenue": 450900000.0
    }
}