{
    "2023-03-31": {
        "Tax Effect Of Unusual Items": NaN,
        "Tax Rate For Calcs": NaN,
        "Normalized EBITDA": NaN,
        "Total Unusual Items": NaN,
        "Total Unusual Items Excluding Goodwill": NaN,
        "Net Income From Continuing Operation Net Minority Interest": NaN,
        "Reconciled Depreciation": NaN,
        "Reconciled Cost Of Revenue": NaN,
        "EBITDA": NaN,
        "EBIT": NaN,
        "Net Interest Income": NaN,
        "Interest Expense": NaN,
        "Normalized Income": NaN,
        "Net Income From Continuing And Discontinued Operation": NaN,
        "Total Expenses": NaN,
        "Total Operating Income As Reported": NaN,
        "Diluted Average Shares": NaN,
        "Basic Average Shares": NaN,
        "Diluted EPS": NaN,
        "Basic EPS": NaN,
        "Diluted NI Availto Com Stockholders": NaN,
        "Net Income Common Stockholders": NaN,
        "Net Income": NaN,
        "Net Income Including Noncontrolling Interests": NaN,
        "Net Income Continuous Operations": NaN,
        "Tax Provision": NaN,
        "Pretax Income": NaN,
        "Other Income Expense": NaN,
        "Other Non Operating Income Expenses": NaN,
        "Special Income Charges": NaN,
        "Other Special Charges": 4134000.0,
        "Restructuring And Mergern Acquisition": NaN,
        "Net Non Operating Interest Income Expense": NaN,
        "Interest Expense Non Operating": NaN,
        "Operating Income": NaN,
        "Operating Expense": NaN,
        "Depreciation Amortization Depletion Income Statement": 4134000.0,
        "Depreciation And Amortization In Income Statement": 4134000.0,
        "Amortization": 4134000.0,
        "Amortization Of Intangibles Income Statement": 4134000.0,
        "Research And Development": NaN,
        "Selling General And Administration": NaN,
        "Selling And Marketing Expense": NaN,
        "General And Administrative Expense": NaN,
        "Other Gand A": NaN,
        "Gross Profit": NaN,
        "Cost Of Revenue": NaN,
        "Total Revenue": NaN,
        "Operating Revenue": NaN
    },
    "2022-12-31": {
        "Tax Effect Of Unusual Items": NaN,
        "Tax Rate For Calcs": NaN,
        "Normalized EBITDA": NaN,
        "Total Unusual Items": NaN,
        "Total Unusual Items Excluding Goodwill": NaN,
        "Net Income From Continuing Operation Net Minority Interest": NaN,
        "Reconciled Depreciation": NaN,
        "Reconciled Cost Of Revenue": NaN,
        "EBITDA": NaN,
        "EBIT": NaN,
        "Net Interest Income": NaN,
        "Interest Expense": NaN,
        "Normalized Income": NaN,
        "Net Income From Continuing And Discontinued Operation": NaN,
        "Total Expenses": NaN,
        "Total Operating Income As Reported": NaN,
        "Diluted Average Shares": NaN,
        "Basic Average Shares": NaN,
        "Diluted EPS": NaN,
        "Basic EPS": NaN,
        "Diluted NI Availto Com Stockholders": NaN,
        "Net Income Common Stockholders": NaN,
        "Net Income": NaN,
        "Net Income Including Noncontrolling Interests": NaN,
        "Net Income Continuous Operations": NaN,
        "Tax Provision": NaN,
        "Pretax Income": NaN,
        "Other Income Expense": NaN,
        "Other Non Operating Income Expenses": NaN,
        "Special Income Charges": NaN,
        "Other Special Charges": 2274000.0,
        "Restructuring And Mergern Acquisition": NaN,
        "Net Non Operating Interest Income Expense": NaN,
        "Interest Expense Non Operating": NaN,
        "Operating Income": NaN,
        "Operating Expense": NaN,
        "Depreciation Amortization Depletion Income Statement": 2074000.0,
        "Depreciation And Amortization In Income Statement": 2074000.0,
        "Amortization": 2074000.0,
        "Amortization Of Intangibles Income Statement": 2074000.0,
        "Research And Development": NaN,
        "Selling General And Administration": NaN,
        "Selling And Marketing Expense": NaN,
        "General And Administrative Expense": NaN,
        "Other Gand A": NaN,
        "Gross Profit": NaN,
        "Cost Of Revenue": NaN,
        "Total Revenue": NaN,
        "Operating Revenue": NaN
    },
    "2022-09-30": {
        "Tax Effect Of Unusual Items": NaN,
        "Tax Rate For Calcs": NaN,
        "Normalized EBITDA": NaN,
        "Total Unusual Items": NaN,
        "Total Unusual Items Excluding Goodwill": NaN,
        "Net Income From Continuing Operation Net Minority Interest": NaN,
        "Reconciled Depreciation": NaN,
        "Reconciled Cost Of Revenue": NaN,
        "EBITDA": NaN,
        "EBIT": NaN,
        "Net Interest Income": NaN,
        "Interest Expense": NaN,
        "Normalized Income": NaN,
        "Net Income From Continuing And Discontinued Operation": NaN,
        "Total Expenses": NaN,
        "Total Operating Income As Reported": NaN,
        "Diluted Average Shares": NaN,
        "Basic Average Shares": NaN,
        "Diluted EPS": NaN,
        "Basic EPS": NaN,
        "Diluted NI Availto Com Stockholders": NaN,
        "Net Income Common Stockholders": NaN,
        "Net Income": NaN,
        "Net Income Including Noncontrolling Interests": NaN,
        "Net Income Continuous Operations": NaN,
        "Tax Provision": NaN,
        "Pretax Income": NaN,
        "Other Income Expense": NaN,
        "Other Non Operating Income Expenses": NaN,
        "Special Income Charges": NaN,
        "Other Special Charges": NaN,
        "Restructuring And Mergern Acquisition": NaN,
        "Net Non Operating Interest Income Expense": NaN,
        "Interest Expense Non Operating": NaN,
        "Operating Income": NaN,
        "Operating Expense": NaN,
        "Depreciation Amortization Depletion Income Statement": 2070000.0,
        "Depreciation And Amortization In Income Statement": 2070000.0,
        "Amortization": 2070000.0,
        "Amortization Of Intangibles Income Statement": 2070000.0,
        "Research And Development": NaN,
        "Selling General And Administration": NaN,
        "Selling And Marketing Expense": NaN,
        "General And Administrative Expense": NaN,
        "Other Gand A": NaN,
        "Gross Profit": NaN,
        "Cost Of Revenue": NaN,
        "Total Revenue": NaN,
        "Operating Revenue": NaN
    },
    "2022-06-30": {
        "Tax Effect Of Unusual Items": 1949948.0,
        "Tax Rate For Calcs": 0.182,
        "Normalized EBITDA": 16000.0,
        "Total Unusual Items": 10714000.0,
        "Total Unusual Items Excluding Goodwill": 10714000.0,
        "Net Income From Continuing Operation Net Minority Interest": 2489000.0,
        "Reconciled Depreciation": 7281000.0,
        "Reconciled Cost Of Revenue": 26370000.0,
        "EBITDA": 10730000.0,
        "EBIT": 3449000.0,
        "Net Interest Income": -407000.0,
        "Interest Expense": 407000.0,
        "Normalized Income": -6275052.0,
        "Net Income From Continuing And Discontinued Operation": 2489000.0,
        "Total Expenses": 122143000.0,
        "Total Operating Income As Reported": 6641000.0,
        "Diluted Average Shares": 20113000.0,
        "Basic Average Shares": 20031000.0,
        "Diluted EPS": 0.12,
        "Basic EPS": 0.12,
        "Diluted NI Availto Com Stockholders": 2489000.0,
        "Net Income Common Stockholders": 2489000.0,
        "Net Income": 2489000.0,
        "Net Income Including Noncontrolling Interests": 2489000.0,
        "Net Income Continuous Operations": 2489000.0,
        "Tax Provision": 553000.0,
        "Pretax Income": 3042000.0,
        "Other Income Expense": 7522000.0,
        "Other Non Operating Income Expenses": -3192000.0,
        "Special Income Charges": 10714000.0,
        "Other Special Charges": NaN,
        "Restructuring And Mergern Acquisition": -10714000.0,
        "Net Non Operating Interest Income Expense": -407000.0,
        "Total Other Finance Cost": 407000.0,
        "Interest Expense Non Operating": 407000.0,
        "Operating Income": -4073000.0,
        "Operating Expense": 90543000.0,
        "Depreciation Amortization Depletion Income Statement": 2051000.0,
        "Depreciation And Amortization In Income Statement": 2051000.0,
        "Amortization": 2051000.0,
        "Amortization Of Intangibles Income Statement": 2051000.0,
        "Research And Development": 12758000.0,
        "Selling General And Administration": 75734000.0,
        "Selling And Marketing Expense": 59888000.0,
        "General And Administrative Expense": 15846000.0,
        "Other Gand A": 15846000.0,
        "Gross Profit": 86470000.0,
        "Cost Of Revenue": 31600000.0,
        "Total Revenue": 118070000.0,
        "Operating Revenue": 118070000.0
    },
    "2022-03-31": {
        "Diluted EPS": -0.22,
        "Total Revenue": 106,
        "Gross Profit": 78,
        "Operating Income": -3,
        "EBIT": 5,
        "Net Income": -4
    },
    "2021-12-31": {
        "Diluted EPS": -1.66,
        "Total Revenue": 125,
        "Gross Profit": 92,
        "Operating Income": -9,
        "EBIT": 11,
        "Net Income": -33
    },
    "2021-09-30": {
        "Diluted EPS": -0.11,
        "Total Revenue": 112,
        "Gross Profit": 84,
        "Operating Income": 0,
        "EBIT": 8,
        "Net Income": -2
    },
    "2021-06-30": {
        "Diluted EPS": 0.12,
        "Total Revenue": 121,
        "Gross Profit": 94,
        "Operating Income": 4,
        "EBIT": 13,
        "Net Income": 2
    },
    "2021-03-31": {
        "Diluted EPS": -0.3,
        "Total Revenue": 106,
        "Gross Profit": 80,
        "Operating Income": -3,
        "EBIT": 5,
        "Net Income": -6
    },
    "2020-12-31": {
        "Diluted EPS": -0.47,
        "Total Revenue": 118,
        "Gross Profit": 89,
        "Operating Income": 4,
        "EBIT": 13,
        "Net Income": -9
    },
    "2020-09-30": {
        "Diluted EPS": 0.24,
        "Total Revenue": 111,
        "Gross Profit": 85,
        "Operating Income": 4,
        "EBIT": 14,
        "Net Income": 5
    },
    "2020-06-30": {
        "Diluted EPS": -0.96,
        "Total Revenue": 73,
        "Gross Profit": 50,
        "Operating Income": -21,
        "EBIT": -13,
        "Net Income": -18
    },
    "2020-03-31": {
        "Diluted EPS": 1.32,
        "Total Revenue": 105,
        "Gross Profit": 81,
        "Operating Income": 7,
        "EBIT": 14,
        "Net Income": 26
    },
    "2019-12-31": {
        "Diluted EPS": 0.61,
        "Total Revenue": 121,
        "Gross Profit": 95,
        "Operating Income": 4,
        "EBIT": 12,
        "Net Income": 12
    },
    "2019-09-30": {
        "Diluted EPS": -2.14,
        "Total Revenue": 113,
        "Gross Profit": 89,
        "Operating Income": -19,
        "EBIT": -12,
        "Net Income": -40
    },
    "2019-06-30": {
        "Diluted EPS": -0.03,
        "Total Revenue": 116,
        "Gross Profit": 90,
        "Operating Income": 0,
        "EBIT": 8,
        "Net Income": -1
    },
    "2019-03-31": {
        "Diluted EPS": 0.05,
        "Total Revenue": 109,
        "Gross Profit": 85,
        "Operating Income": -4,
        "EBIT": 2,
        "Net Income": 1
    },
    "2018-12-31": {
        "Diluted EPS": 0.47,
        "Total Revenue": 121,
        "Gross Profit": 95,
        "Operating Income": 12,
        "EBIT": 18,
        "Net Income": 9
    },
    "2018-09-30": {
        "Diluted EPS": -0.07,
        "Total Revenue": 112,
        "Gross Profit": 88,
        "Operating Income": 4,
        "EBIT": 9,
        "Net Income": -1
    },
    "2018-06-30": {
        "Diluted EPS": 0.05,
        "Total Revenue": 112,
        "Gross Profit": 89,
        "Operating Income": 6,
        "EBIT": 11,
        "Net Income": 1
    },
    "2018-03-31": {
        "Diluted EPS": 0.27,
        "Total Revenue": 109,
        "Gross Profit": 85,
        "Operating Income": 8,
        "EBIT": 13,
        "Net Income": 5
    },
    "2017-12-31": {
        "Diluted EPS": 0.09,
        "Total Revenue": 117,
        "Gross Profit": 93,
        "Operating Income": 18,
        "EBIT": 23,
        "Net Income": 2
    },
    "2017-09-30": {
        "Diluted EPS": 0.19,
        "Total Revenue": 105,
        "Gross Profit": 82,
        "Operating Income": 9,
        "EBIT": 14,
        "Net Income": 3
    },
    "2017-06-30": {
        "Diluted EPS": 0.21,
        "Total Revenue": 109,
        "Gross Profit": 86,
        "Operating Income": 8,
        "EBIT": 14,
        "Net Income": 4
    },
    "2017-03-31": {
        "Diluted EPS": -0.15,
        "Total Revenue": 103,
        "Gross Profit": 80,
        "Operating Income": 6,
        "EBIT": 11,
        "Net Income": -3
    },
    "2016-12-31": {
        "Diluted EPS": -0.16,
        "Total Revenue": 109,
        "Gross Profit": 85,
        "Operating Income": 7,
        "EBIT": 13,
        "Net Income": -3
    },
    "2016-09-30": {
        "Diluted EPS": 0.54,
        "Total Revenue": 98,
        "Gross Profit": 79,
        "Operating Income": 9,
        "EBIT": 15,
        "Net Income": 10
    },
    "2016-06-30": {
        "Diluted EPS": -0.41,
        "Total Revenue": 104,
        "Gross Profit": 82,
        "Operating Income": -3,
        "EBIT": 3,
        "Net Income": -7
    },
    "2016-03-31": {
        "Diluted EPS": 0.2,
        "Total Revenue": 99,
        "Gross Profit": 77,
        "Operating Income": 7,
        "EBIT": 12,
        "Net Income": 4
    },
    "2015-12-31": {
        "Diluted EPS": 0.18,
        "Total Revenue": 105,
        "Gross Profit": 83,
        "Operating Income": 7,
        "EBIT": 7,
        "Net Income": 3
    },
    "2015-09-30": {
        "Diluted EPS": -0.07,
        "Total Revenue": 101,
        "Gross Profit": 77,
        "Operating Income": 4,
        "EBIT": 4,
        "Net Income": -1
    },
    "2015-06-30": {
        "Diluted EPS": 0.19,
        "Total Revenue": 101,
        "Gross Profit": 79,
        "Operating Income": 5,
        "EBIT": 5,
        "Net Income": 4
    },
    "2015-03-31": {
        "Diluted EPS": -0.45,
        "Total Revenue": 90,
        "Gross Profit": 70,
        "Operating Income": -7,
        "EBIT": -7,
        "Net Income": -8
    },
    "2014-12-31": {
        "Diluted EPS": -0.3,
        "Total Revenue": 100,
        "Gross Profit": 79,
        "Operating Income": 4,
        "EBIT": 4,
        "Net Income": -6
    },
    "2014-09-30": {
        "Diluted EPS": 0.02,
        "Total Revenue": 101,
        "Gross Profit": 76,
        "Operating Income": 7,
        "EBIT": 7,
        "Net Income": 0
    },
    "2014-06-30": {
        "Diluted EPS": -0.04,
        "Total Revenue": 101,
        "Gross Profit": 76,
        "Operating Income": 7,
        "EBIT": 7,
        "Net Income": -1
    },
    "2014-03-31": {
        "Diluted EPS": -0.14,
        "Total Revenue": 100,
        "Gross Profit": 73,
        "Operating Income": 0,
        "EBIT": 0,
        "Net Income": -3
    },
    "2013-12-31": {
        "Diluted EPS": -0.52,
        "Total Revenue": 106,
        "Gross Profit": 72,
        "Operating Income": -10,
        "EBIT": -2,
        "Net Income": -10
    },
    "2013-09-30": {
        "Diluted EPS": -1.04,
        "Total Revenue": 92,
        "Gross Profit": 67,
        "Operating Income": -14,
        "EBIT": 11,
        "Net Income": -19
    },
    "2013-06-30": {
        "Diluted EPS": -0.16,
        "Total Revenue": 98,
        "Gross Profit": 76,
        "Operating Income": 7,
        "EBIT": 13,
        "Net Income": -3
    },
    "2013-03-31": {
        "Diluted EPS": 0.18,
        "Total Revenue": 102,
        "Gross Profit": 76,
        "Operating Income": 6,
        "EBIT": 12,
        "Net Income": 3
    },
    "2012-12-31": {
        "Diluted EPS": 1.04,
        "Total Revenue": 112,
        "Gross Profit": 94,
        "Operating Income": 24,
        "EBIT": 31,
        "Net Income": 21
    },
    "2012-09-30": {
        "Diluted EPS": 0.25,
        "Total Revenue": 108,
        "Gross Profit": 83,
        "Operating Income": 19,
        "EBIT": 23,
        "Net Income": 5
    },
    "2012-06-30": {
        "Diluted EPS": 0.37,
        "Total Revenue": 113,
        "Gross Profit": 86,
        "Operating Income": 14,
        "EBIT": 21,
        "Net Income": 7
    },
    "2012-03-31": {
        "Diluted EPS": 0.49,
        "Total Revenue": 109,
        "Gross Profit": 88,
        "Operating Income": 18,
        "EBIT": 24,
        "Net Income": 9
    },
    "2011-12-31": {
        "Diluted EPS": 0.66,
        "Total Revenue": 123,
        "Gross Profit": 100,
        "Operating Income": 16,
        "EBIT": 22,
        "Net Income": 12
    },
    "2011-09-30": {
        "Diluted EPS": 0.66,
        "Total Revenue": 117,
        "Gross Profit": 93,
        "Operating Income": 24,
        "EBIT": 30,
        "Net Income": 12
    },
    "2011-06-30": {
        "Diluted EPS": 0.54,
        "Total Revenue": 117,
        "Gross Profit": 93,
        "Operating Income": 19,
        "EBIT": 26,
        "Net Income": 10
    },
    "2011-03-31": {
        "Diluted EPS": -2.0,
        "Total Revenue": 139,
        "Gross Profit": 106,
        "Operating Income": -26,
        "EBIT": -20,
        "Net Income": -36
    },
    "2010-12-31": {
        "Diluted EPS": 0.44,
        "Total Revenue": 144,
        "Gross Profit": 111,
        "Operating Income": 17,
        "EBIT": 24,
        "Net Income": 8
    },
    "2010-09-30": {
        "Diluted EPS": 0.48,
        "Total Revenue": 139,
        "Gross Profit": 107,
        "Operating Income": 19,
        "EBIT": 24,
        "Net Income": 9
    },
    "2010-06-30": {
        "Diluted EPS": 0.57,
        "Total Revenue": 143,
        "Gross Profit": 109,
        "Operating Income": 21,
        "EBIT": 26,
        "Net Income": 10
    },
    "2010-03-31": {
        "Diluted EPS": 0.99,
        "Total Revenue": 139,
        "Gross Profit": 106,
        "Operating Income": 32,
        "EBIT": 37,
        "Net Income": 17
    },
    "2009-12-31": {
        "Diluted EPS": 0.54,
        "Total Revenue": 144,
        "Gross Profit": 107,
        "Operating Income": 22,
        "EBIT": 28,
        "Net Income": 9
    },
    "2009-09-30": {
        "Diluted EPS": 0.36,
        "Total Revenue": 135,
        "Gross Profit": 103,
        "Operating Income": 18,
        "EBIT": 23,
        "Net Income": 6
    },
    "2009-06-30": {
        "Diluted EPS": 0.35,
        "Total Revenue": 138,
        "Gross Profit": 101,
        "Operating Income": 14,
        "EBIT": 19,
        "Net Income": 6
    },
    "2009-03-31": {
        "Diluted EPS": 0.17,
        "Total Revenue": 129,
        "Gross Profit": 96,
        "Operating Income": 11,
        "EBIT": 16,
        "Net Income": 3
    },
    "2023-06-30": {
        "Tax Effect Of Unusual Items": NaN,
        "Tax Rate For Calcs": NaN,
        "Normalized EBITDA": NaN,
        "Total Unusual Items": NaN,
        "Total Unusual Items Excluding Goodwill": NaN,
        "Net Income From Continuing Operation Net Minority Interest": NaN,
        "Reconciled Depreciation": NaN,
        "Reconciled Cost Of Revenue": NaN,
        "EBITDA": NaN,
        "EBIT": NaN,
        "Net Interest Income": NaN,
        "Interest Expense": NaN,
        "Normalized Income": NaN,
        "Net Income From Continuing And Discontinued Operation": NaN,
        "Total Expenses": NaN,
        "Total Operating Income As Reported": NaN,
        "Diluted Average Shares": NaN,
        "Basic Average Shares": NaN,
        "Diluted EPS": NaN,
        "Basic EPS": NaN,
        "Diluted NI Availto Com Stockholders": NaN,
        "Net Income Common Stockholders": NaN,
        "Net Income": NaN,
        "Net Income Including Noncontrolling Interests": NaN,
        "Net Income Continuous Operations": NaN,
        "Tax Provision": NaN,
        "Pretax Income": NaN,
        "Other Income Expense": NaN,
        "Other Non Operating Income Expenses": NaN,
        "Special Income Charges": NaN,
        "Other Special Charges": 4633000.0,
        "Restructuring And Mergern Acquisition": NaN,
        "Net Non Operating Interest Income Expense": NaN,
        "Interest Expense Non Operating": NaN,
        "Operating Income": NaN,
        "Operating Expense": NaN,
        "Depreciation Amortization Depletion Income Statement": 4633000.0,
        "Depreciation And Amortization In Income Statement": 4633000.0,
        "Amortization": 4633000.0,
        "Amortization Of Intangibles Income Statement": 4633000.0,
        "Research And Development": NaN,
        "Selling General And Administration": NaN,
        "Selling And Marketing Expense": NaN,
        "General And Administrative Expense": NaN,
        "Other Gand A": NaN,
        "Gross Profit": NaN,
        "Cost Of Revenue": NaN,
        "Total Revenue": NaN,
        "Operating Revenue": NaN
    },
    "2023-09-30": {
        "Tax Effect Of Unusual Items": NaN,
        "Tax Rate For Calcs": NaN,
        "Normalized EBITDA": NaN,
        "Total Unusual Items": NaN,
        "Total Unusual Items Excluding Goodwill": NaN,
        "Net Income From Continuing Operation Net Minority Interest": NaN,
        "Reconciled Depreciation": NaN,
        "Reconciled Cost Of Revenue": NaN,
        "EBITDA": NaN,
        "EBIT": NaN,
        "Net Interest Income": NaN,
        "Interest Expense": NaN,
        "Normalized Income": NaN,
        "Net Income From Continuing And Discontinued Operation": NaN,
        "Total Expenses": NaN,
        "Total Operating Income As Reported": NaN,
        "Diluted Average Shares": NaN,
        "Basic Average Shares": NaN,
        "Diluted EPS": NaN,
        "Basic EPS": NaN,
        "Diluted NI Availto Com Stockholders": NaN,
        "Net Income Common Stockholders": NaN,
        "Net Income": NaN,
        "Net Income Including Noncontrolling Interests": NaN,
        "Net Income Continuous Operations": NaN,
        "Tax Provision": NaN,
        "Pretax Income": NaN,
        "Other Income Expense": NaN,
        "Other Non Operating Income Expenses": NaN,
        "Special Income Charges": NaN,
        "Other Special Charges": 4370000.0,
        "Restructuring And Mergern Acquisition": NaN,
        "Net Non Operating Interest Income Expense": NaN,
        "Interest Expense Non Operating": NaN,
        "Operating Income": NaN,
        "Operating Expense": NaN,
        "Depreciation Amortization Depletion Income Statement": NaN,
        "Depreciation And Amortization In Income Statement": NaN,
        "Amortization": NaN,
        "Amortization Of Intangibles Income Statement": NaN,
        "Research And Development": NaN,
        "Selling General And Administration": NaN,
        "Selling And Marketing Expense": 94947000.0,
        "General And Administrative Expense": 27136000.0,
        "Other Gand A": 27136000.0,
        "Gross Profit": NaN,
        "Cost Of Revenue": NaN,
        "Total Revenue": NaN,
        "Operating Revenue": NaN
    },
    "2023-12-31": {
        "Tax Effect Of Unusual Items": NaN,
        "Tax Rate For Calcs": NaN,
        "Normalized EBITDA": NaN,
        "Total Unusual Items": NaN,
        "Total Unusual Items Excluding Goodwill": NaN,
        "Net Income From Continuing Operation Net Minority Interest": NaN,
        "Reconciled Depreciation": NaN,
        "Reconciled Cost Of Revenue": NaN,
        "EBITDA": NaN,
        "EBIT": NaN,
        "Net Interest Income": NaN,
        "Interest Expense": NaN,
        "Normalized Income": NaN,
        "Net Income From Continuing And Discontinued Operation": NaN,
        "Total Expenses": NaN,
        "Total Operating Income As Reported": NaN,
        "Diluted Average Shares": NaN,
        "Basic Average Shares": NaN,
        "Diluted EPS": NaN,
        "Basic EPS": NaN,
        "Diluted NI Availto Com Stockholders": NaN,
        "Net Income Common Stockholders": NaN,
        "Net Income": NaN,
        "Net Income Including Noncontrolling Interests": NaN,
        "Net Income Continuous Operations": NaN,
        "Tax Provision": NaN,
        "Pretax Income": NaN,
        "Other Income Expense": NaN,
        "Other Non Operating Income Expenses": NaN,
        "Special Income Charges": NaN,
        "Other Special Charges": 4320000.0,
        "Restructuring And Mergern Acquisition": NaN,
        "Net Non Operating Interest Income Expense": NaN,
        "Interest Expense Non Operating": NaN,
        "Operating Income": NaN,
        "Operating Expense": NaN,
        "Depreciation Amortization Depletion Income Statement": NaN,
        "Depreciation And Amortization In Income Statement": NaN,
        "Amortization": NaN,
        "Amortization Of Intangibles Income Statement": NaN,
        "Research And Development": NaN,
        "Selling General And Administration": NaN,
        "Selling And Marketing Expense": 97749000.0,
        "General And Administrative Expense": 34535000.0,
        "Other Gand A": 34535000.0,
        "Gross Profit": NaN,
        "Cost Of Revenue": NaN,
        "Total Revenue": NaN,
        "Operating Revenue": NaN
    },
    "2024-03-31": {
        "Tax Effect Of Unusual Items": NaN,
        "Tax Rate For Calcs": NaN,
        "Normalized EBITDA": NaN,
        "Total Unusual Items": NaN,
        "Total Unusual Items Excluding Goodwill": NaN,
        "Net Income From Continuing Operation Net Minority Interest": NaN,
        "Reconciled Depreciation": NaN,
        "Reconciled Cost Of Revenue": NaN,
        "EBITDA": NaN,
        "EBIT": NaN,
        "Net Interest Income": NaN,
        "Interest Expense": NaN,
        "Normalized Income": NaN,
        "Net Income From Continuing And Discontinued Operation": NaN,
        "Total Expenses": NaN,
        "Total Operating Income As Reported": NaN,
        "Diluted Average Shares": NaN,
        "Basic Average Shares": NaN,
        "Diluted EPS": NaN,
        "Basic EPS": NaN,
        "Diluted NI Availto Com Stockholders": NaN,
        "Net Income Common Stockholders": NaN,
        "Net Income": NaN,
        "Net Income Including Noncontrolling Interests": NaN,
        "Net Income Continuous Operations": NaN,
        "Tax Provision": NaN,
        "Pretax Income": NaN,
        "Other Income Expense": NaN,
        "Other Non Operating Income Expenses": NaN,
        "Special Income Charges": NaN,
        "Other Special Charges": NaN,
        "Restructuring And Mergern Acquisition": NaN,
        "Net Non Operating Interest Income Expense": NaN,
        "Interest Expense Non Operating": NaN,
        "Operating Income": NaN,
        "Operating Expense": NaN,
        "Depreciation Amortization Depletion Income Statement": NaN,
        "Depreciation And Amortization In Income Statement": NaN,
        "Amortization": NaN,
        "Amortization Of Intangibles Income Statement": NaN,
        "Research And Development": NaN,
        "Selling General And Administration": NaN,
        "Selling And Marketing Expense": 100043000.0,
        "General And Administrative Expense": 31648000.0,
        "Other Gand A": 31648000.0,
        "Gross Profit": NaN,
        "Cost Of Revenue": NaN,
        "Total Revenue": NaN,
        "Operating Revenue": NaN
    },
    "2024-06-30": {
        "Tax Effect Of Unusual Items": -644700.0,
        "Tax Rate For Calcs": 0.21,
        "Normalized EBITDA": -8806000.0,
        "Total Unusual Items": -3070000.0,
        "Total Unusual Items Excluding Goodwill": -3070000.0,
        "Net Income From Continuing Operation Net Minority Interest": -33443000.0,
        "Reconciled Depreciation": 15540000.0,
        "Reconciled Cost Of Revenue": 52649000.0,
        "EBITDA": -11876000.0,
        "EBIT": -27416000.0,
        "Net Interest Income": -4943000.0,
        "Interest Expense": 4943000.0,
        "Normalized Income": -31017700.0,
        "Net Income From Continuing And Discontinued Operation": -33443000.0,
        "Total Expenses": 220456000.0,
        "Total Operating Income As Reported": -24906000.0,
        "Diluted Average Shares": 38020000.0,
        "Basic Average Shares": 38020000.0,
        "Diluted EPS": -0.88,
        "Basic EPS": -0.88,
        "Diluted NI Availto Com Stockholders": -33443000.0,
        "Net Income Common Stockholders": -33443000.0,
        "Net Income": -33443000.0,
        "Net Income Including Noncontrolling Interests": -33443000.0,
        "Net Income Continuous Operations": -33443000.0,
        "Tax Provision": 1084000.0,
        "Pretax Income": -32359000.0,
        "Other Income Expense": -5580000.0,
        "Other Non Operating Income Expenses": -2510000.0,
        "Special Income Charges": -3070000.0,
        "Other Special Charges": NaN,
        "Restructuring And Mergern Acquisition": 3070000.0,
        "Net Non Operating Interest Income Expense": -4943000.0,
        "Interest Expense Non Operating": 4943000.0,
        "Operating Income": -21836000.0,
        "Operating Expense": 156585000.0,
        "Depreciation Amortization Depletion Income Statement": 4318000.0,
        "Depreciation And Amortization In Income Statement": 4318000.0,
        "Amortization": 4318000.0,
        "Amortization Of Intangibles Income Statement": 4318000.0,
        "Research And Development": 18049000.0,
        "Selling General And Administration": 134218000.0,
        "Selling And Marketing Expense": 100224000.0,
        "General And Administrative Expense": 33994000.0,
        "Other Gand A": 33994000.0,
        "Gross Profit": 134749000.0,
        "Cost Of Revenue": 63871000.0,
        "Total Revenue": 198620000.0,
        "Operating Revenue": 198620000.0
    },
    "2024-09-30": {
        "Tax Effect Of Unusual Items": -413700.0,
        "Tax Rate For Calcs": 0.21,
        "Normalized EBITDA": -2669000.0,
        "Total Unusual Items": -1970000.0,
        "Total Unusual Items Excluding Goodwill": -1970000.0,
        "Net Income From Continuing Operation Net Minority Interest": -27388000.0,
        "Reconciled Depreciation": 16788000.0,
        "Reconciled Cost Of Revenue": 49316000.0,
        "EBITDA": -4639000.0,
        "EBIT": -21427000.0,
        "Net Interest Income": -5210000.0,
        "Interest Expense": 5210000.0,
        "Normalized Income": -25831700.0,
        "Net Income From Continuing And Discontinued Operation": -27388000.0,
        "Total Expenses": 213535000.0,
        "Total Operating Income As Reported": -18899000.0,
        "Diluted Average Shares": 38488000.0,
        "Basic Average Shares": 38488000.0,
        "Diluted EPS": -0.71,
        "Basic EPS": -0.71,
        "Diluted NI Availto Com Stockholders": -27388000.0,
        "Net Income Common Stockholders": -27388000.0,
        "Net Income": -27388000.0,
        "Net Income Including Noncontrolling Interests": -27388000.0,
        "Net Income Continuous Operations": -27388000.0,
        "Tax Provision": 751000.0,
        "Pretax Income": -26637000.0,
        "Other Income Expense": -4498000.0,
        "Other Non Operating Income Expenses": -2528000.0,
        "Special Income Charges": -1970000.0,
        "Other Special Charges": NaN,
        "Restructuring And Mergern Acquisition": 1970000.0,
        "Net Non Operating Interest Income Expense": -5210000.0,
        "Interest Expense Non Operating": 5210000.0,
        "Operating Income": -16929000.0,
        "Operating Expense": 151982000.0,
        "Depreciation Amortization Depletion Income Statement": 4551000.0,
        "Depreciation And Amortization In Income Statement": 4551000.0,
        "Amortization": 4551000.0,
        "Amortization Of Intangibles Income Statement": 4551000.0,
        "Research And Development": 17294000.0,
        "Selling General And Administration": 130137000.0,
        "Selling And Marketing Expense": 96576000.0,
        "General And Administrative Expense": 33561000.0,
        "Other Gand A": 33561000.0,
        "Gross Profit": 135053000.0,
        "Cost Of Revenue": 61553000.0,
        "Total Revenue": 196606000.0,
        "Operating Revenue": 196606000.0
    },
    "2024-12-31": {
        "Tax Effect Of Unusual Items": -13098.619993,
        "Tax Rate For Calcs": 0.018984,
        "Normalized EBITDA": 13233000.0,
        "Total Unusual Items": -690000.0,
        "Total Unusual Items Excluding Goodwill": -690000.0,
        "Net Income From Continuing Operation Net Minority Interest": -29146000.0,
        "Reconciled Depreciation": 27333000.0,
        "Reconciled Cost Of Revenue": 43824000.0,
        "EBITDA": 12543000.0,
        "EBIT": -14790000.0,
        "Net Interest Income": -14920000.0,
        "Interest Expense": 14920000.0,
        "Normalized Income": -28469098.619993,
        "Net Income From Continuing And Discontinued Operation": -29146000.0,
        "Total Expenses": 226444000.0,
        "Total Operating Income As Reported": -11477000.0,
        "Diluted Average Shares": 38700000.0,
        "Basic Average Shares": 38700000.0,
        "Diluted EPS": -0.75,
        "Basic EPS": -0.75,
        "Diluted NI Availto Com Stockholders": -29146000.0,
        "Net Income Common Stockholders": -29146000.0,
        "Net Income": -29146000.0,
        "Net Income Including Noncontrolling Interests": -29146000.0,
        "Net Income Continuous Operations": -29146000.0,
        "Tax Provision": -564000.0,
        "Pretax Income": -29710000.0,
        "Other Income Expense": -4003000.0,
        "Other Non Operating Income Expenses": -3313000.0,
        "Special Income Charges": -690000.0,
        "Other Special Charges": NaN,
        "Restructuring And Mergern Acquisition": 690000.0,
        "Net Non Operating Interest Income Expense": -14920000.0,
        "Interest Expense Non Operating": 14920000.0,
        "Operating Income": -10787000.0,
        "Operating Expense": 159628000.0,
        "Depreciation Amortization Depletion Income Statement": 4341000.0,
        "Depreciation And Amortization In Income Statement": 4341000.0,
        "Amortization": 4341000.0,
        "Amortization Of Intangibles Income Statement": 4341000.0,
        "Research And Development": 18808000.0,
        "Selling General And Administration": 136479000.0,
        "Selling And Marketing Expense": NaN,
        "General And Administrative Expense": NaN,
        "Other Gand A": NaN,
        "Gross Profit": 148841000.0,
        "Cost Of Revenue": 66816000.0,
        "Total Revenue": 215657000.0,
        "Operating Revenue": 215657000.0
    },
    "2025-03-31": {
        "Tax Effect Of Unusual Items": 128100.0,
        "Tax Rate For Calcs": 0.21,
        "Normalized EBITDA": -12555000.0,
        "Total Unusual Items": 610000.0,
        "Total Unusual Items Excluding Goodwill": 610000.0,
        "Net Income From Continuing Operation Net Minority Interest": -53094000.0,
        "Reconciled Depreciation": 35682000.0,
        "Reconciled Cost Of Revenue": 54700000.0,
        "EBITDA": -11945000.0,
        "EBIT": -47627000.0,
        "Net Interest Income": -4506000.0,
        "Interest Expense": 4506000.0,
        "Normalized Income": -53575900.0,
        "Net Income From Continuing And Discontinued Operation": -53094000.0,
        "Total Expenses": 243129000.0,
        "Total Operating Income As Reported": -48873000.0,
        "Diluted Average Shares": 39188000.0,
        "Basic Average Shares": 39188000.0,
        "Diluted EPS": -1.35,
        "Basic EPS": -1.35,
        "Diluted NI Availto Com Stockholders": -53094000.0,
        "Net Income Common Stockholders": -53094000.0,
        "Net Income": -53094000.0,
        "Net Income Including Noncontrolling Interests": -53094000.0,
        "Net Income Continuous Operations": -53094000.0,
        "Tax Provision": 961000.0,
        "Pretax Income": -52133000.0,
        "Other Income Expense": 1856000.0,
        "Other Non Operating Income Expenses": 1246000.0,
        "Special Income Charges": 610000.0,
        "Other Special Charges": NaN,
        "Restructuring And Mergern Acquisition": -610000.0,
        "Net Non Operating Interest Income Expense": -4506000.0,
        "Interest Expense Non Operating": 4506000.0,
        "Operating Income": -49483000.0,
        "Operating Expense": 171102000.0,
        "Depreciation Amortization Depletion Income Statement": 18355000.0,
        "Depreciation And Amortization In Income Statement": 18355000.0,
        "Amortization": 18355000.0,
        "Amortization Of Intangibles Income Statement": 18355000.0,
        "Research And Development": 19766000.0,
        "Selling General And Administration": 132981000.0,
        "Selling And Marketing Expense": NaN,
        "General And Administrative Expense": NaN,
        "Other Gand A": NaN,
        "Gross Profit": 121619000.0,
        "Cost Of Revenue": 72027000.0,
        "Total Revenue": 193646000.0,
        "Operating Revenue": 193646000.0
    },
    "2025-06-30": {
        "Tax Effect Of Unusual Items": 7617.661534,
        "Tax Rate For Calcs": 0.009984,
        "Normalized EBITDA": 6961000.0,
        "Total Unusual Items": 763000.0,
        "Total Unusual Items Excluding Goodwill": 763000.0,
        "Net Income From Continuing Operation Net Minority Interest": -14081000.0,
        "Reconciled Depreciation": 17997000.0,
        "Reconciled Cost Of Revenue": 49463000.0,
        "EBITDA": 7724000.0,
        "EBIT": -10273000.0,
        "Net Interest Income": -3950000.0,
        "Interest Expense": 3950000.0,
        "Normalized Income": -14836382.338466,
        "Net Income From Continuing And Discontinued Operation": -14081000.0,
        "Total Expenses": 219887000.0,
        "Total Operating Income As Reported": -16003000.0,
        "Diluted Average Shares": 39501000.0,
        "Basic Average Shares": 39501000.0,
        "Diluted EPS": -0.36,
        "Basic EPS": -0.36,
        "Diluted NI Availto Com Stockholders": -14081000.0,
        "Net Income Common Stockholders": -14081000.0,
        "Net Income": -14081000.0,
        "Net Income Including Noncontrolling Interests": -14081000.0,
        "Net Income Continuous Operations": -14081000.0,
        "Tax Provision": -142000.0,
        "Pretax Income": -14223000.0,
        "Other Income Expense": 6493000.0,
        "Other Non Operating Income Expenses": 5730000.0,
        "Special Income Charges": 763000.0,
        "Other Special Charges": NaN,
        "Restructuring And Mergern Acquisition": -763000.0,
        "Net Non Operating Interest Income Expense": -3950000.0,
        "Interest Expense Non Operating": 3950000.0,
        "Operating Income": -16766000.0,
        "Operating Expense": 156299000.0,
        "Depreciation Amortization Depletion Income Statement": 3872000.0,
        "Depreciation And Amortization In Income Statement": 3872000.0,
        "Amortization": 3872000.0,
        "Amortization Of Intangibles Income Statement": 3872000.0,
        "Research And Development": 15934000.0,
        "Selling General And Administration": 136493000.0,
        "Selling And Marketing Expense": NaN,
        "General And Administrative Expense": NaN,
        "Other Gand A": NaN,
        "Gross Profit": 139533000.0,
        "Cost Of Revenue": 63588000.0,
        "Total Revenue": 203121000.0,
        "Operating Revenue": 203121000.0
    }
}