{
    "2023-03-31": {
        "Tax Effect Of Unusual Items": NaN,
        "Tax Rate For Calcs": NaN,
        "Normalized EBITDA": NaN,
        "Net Income From Continuing Operation Net Minority Interest": NaN,
        "Reconciled Depreciation": NaN,
        "Reconciled Cost Of Revenue": NaN,
        "EBITDA": NaN,
        "EBIT": NaN,
        "Net Interest Income": NaN,
        "Interest Income": NaN,
        "Normalized Income": NaN,
        "Net Income From Continuing And Discontinued Operation": NaN,
        "Total Expenses": NaN,
        "Total Operating Income As Reported": NaN,
        "Diluted Average Shares": 10094000.0,
        "Basic Average Shares": 10094000.0,
        "Diluted EPS": 0.57,
        "Basic EPS": 0.57,
        "Diluted NI Availto Com Stockholders": NaN,
        "Net Income Common Stockholders": NaN,
        "Net Income": NaN,
        "Minority Interests": NaN,
        "Net Income Including Noncontrolling Interests": NaN,
        "Net Income Continuous Operations": NaN,
        "Tax Provision": NaN,
        "Pretax Income": NaN,
        "Other Income Expense": NaN,
        "Other Non Operating Income Expenses": NaN,
        "Net Non Operating Interest Income Expense": NaN,
        "Interest Income Non Operating": NaN,
        "Operating Income": NaN,
        "Operating Expense": NaN,
        "Research And Development": NaN,
        "Selling General And Administration": NaN,
        "Selling And Marketing Expense": NaN,
        "General And Administrative Expense": NaN,
        "Other Gand A": NaN,
        "Gross Profit": NaN,
        "Cost Of Revenue": NaN,
        "Total Revenue": NaN,
        "Operating Revenue": NaN
    },
    "2022-12-31": {
        "Tax Effect Of Unusual Items": 0.0,
        "Tax Rate For Calcs": 0.22246,
        "Normalized EBITDA": 7951000.0,
        "Net Income From Continuing Operation Net Minority Interest": 6181000.0,
        "Reconciled Depreciation": 284000.0,
        "Reconciled Cost Of Revenue": 12177000.0,
        "EBITDA": 7951000.0,
        "EBIT": 7667000.0,
        "Net Interest Income": 122000.0,
        "Interest Income": NaN,
        "Normalized Income": 6181000.0,
        "Net Income From Continuing And Discontinued Operation": 6181000.0,
        "Total Expenses": 23150000.0,
        "Total Operating Income As Reported": 7667000.0,
        "Diluted Average Shares": NaN,
        "Basic Average Shares": NaN,
        "Diluted EPS": NaN,
        "Basic EPS": NaN,
        "Diluted NI Availto Com Stockholders": 6181000.0,
        "Net Income Common Stockholders": 6181000.0,
        "Net Income": 6181000.0,
        "Minority Interests": -2000.0,
        "Net Income Including Noncontrolling Interests": 6183000.0,
        "Net Income Continuous Operations": 6183000.0,
        "Tax Provision": 1769000.0,
        "Pretax Income": 7952000.0,
        "Other Income Expense": 163000.0,
        "Other Non Operating Income Expenses": 163000.0,
        "Net Non Operating Interest Income Expense": 122000.0,
        "Interest Income Non Operating": NaN,
        "Operating Income": 7667000.0,
        "Operating Expense": 10973000.0,
        "Research And Development": 1219000.0,
        "Selling General And Administration": 9754000.0,
        "Selling And Marketing Expense": 5386000.0,
        "General And Administrative Expense": 4368000.0,
        "Other Gand A": 4368000.0,
        "Gross Profit": 18640000.0,
        "Cost Of Revenue": 12177000.0,
        "Total Revenue": 30817000.0,
        "Operating Revenue": 30817000.0
    },
    "2022-09-30": {
        "Tax Effect Of Unusual Items": NaN,
        "Tax Rate For Calcs": NaN,
        "Normalized EBITDA": NaN,
        "Net Income From Continuing Operation Net Minority Interest": NaN,
        "Reconciled Depreciation": NaN,
        "Reconciled Cost Of Revenue": NaN,
        "EBITDA": NaN,
        "EBIT": NaN,
        "Net Interest Income": NaN,
        "Interest Income": NaN,
        "Normalized Income": NaN,
        "Net Income From Continuing And Discontinued Operation": NaN,
        "Total Expenses": NaN,
        "Total Operating Income As Reported": NaN,
        "Diluted Average Shares": 10094000.0,
        "Basic Average Shares": 10094000.0,
        "Diluted EPS": 0.65,
        "Basic EPS": 0.65,
        "Diluted NI Availto Com Stockholders": NaN,
        "Net Income Common Stockholders": NaN,
        "Net Income": NaN,
        "Minority Interests": NaN,
        "Net Income Including Noncontrolling Interests": NaN,
        "Net Income Continuous Operations": NaN,
        "Tax Provision": NaN,
        "Pretax Income": NaN,
        "Other Income Expense": NaN,
        "Other Non Operating Income Expenses": NaN,
        "Net Non Operating Interest Income Expense": NaN,
        "Interest Income Non Operating": NaN,
        "Operating Income": NaN,
        "Operating Expense": NaN,
        "Research And Development": NaN,
        "Selling General And Administration": NaN,
        "Selling And Marketing Expense": NaN,
        "General And Administrative Expense": NaN,
        "Other Gand A": NaN,
        "Gross Profit": NaN,
        "Cost Of Revenue": NaN,
        "Total Revenue": NaN,
        "Operating Revenue": NaN
    },
    "2022-06-30": {
        "Tax Effect Of Unusual Items": 0.0,
        "Tax Rate For Calcs": 0.243243,
        "Normalized EBITDA": 7625000.0,
        "Net Income From Continuing Operation Net Minority Interest": 5450000.0,
        "Reconciled Depreciation": 283000.0,
        "Reconciled Cost Of Revenue": 10955000.0,
        "EBITDA": 7625000.0,
        "EBIT": 7342000.0,
        "Net Interest Income": 11000.0,
        "Interest Income": 11000.0,
        "Normalized Income": 5450000.0,
        "Net Income From Continuing And Discontinued Operation": 5450000.0,
        "Total Expenses": 24406000.0,
        "Total Operating Income As Reported": 7342000.0,
        "Diluted Average Shares": 10094000.0,
        "Basic Average Shares": 10094000.0,
        "Diluted EPS": 0.54,
        "Basic EPS": 0.54,
        "Diluted NI Availto Com Stockholders": 5450000.0,
        "Net Income Common Stockholders": 5450000.0,
        "Net Income": 5450000.0,
        "Minority Interests": -10000.0,
        "Net Income Including Noncontrolling Interests": 5460000.0,
        "Net Income Continuous Operations": 5460000.0,
        "Tax Provision": 1755000.0,
        "Pretax Income": 7215000.0,
        "Other Income Expense": -138000.0,
        "Other Non Operating Income Expenses": -138000.0,
        "Net Non Operating Interest Income Expense": 11000.0,
        "Interest Income Non Operating": 11000.0,
        "Operating Income": 7342000.0,
        "Operating Expense": 13451000.0,
        "Research And Development": 1197000.0,
        "Selling General And Administration": 12254000.0,
        "Selling And Marketing Expense": 5501000.0,
        "General And Administrative Expense": 6753000.0,
        "Other Gand A": 6753000.0,
        "Gross Profit": 20793000.0,
        "Cost Of Revenue": 10955000.0,
        "Total Revenue": 31748000.0,
        "Operating Revenue": 31748000.0
    },
    "2022-03-31": {
        "Diluted EPS": 0.54,
        "Total Revenue": 31,
        "Gross Profit": 19,
        "Operating Income": 7,
        "EBIT": 8,
        "Net Income": 5
    },
    "2021-12-31": {
        "Diluted EPS": 0.76,
        "Total Revenue": 35,
        "Gross Profit": 22,
        "Operating Income": 10,
        "EBIT": 10,
        "Net Income": 8
    },
    "2021-09-30": {
        "Diluted EPS": 0.61,
        "Total Revenue": 32,
        "Gross Profit": 20,
        "Operating Income": 8,
        "EBIT": 9,
        "Net Income": 6
    },
    "2021-06-30": {
        "Diluted EPS": 0.61,
        "Total Revenue": 32,
        "Gross Profit": 20,
        "Operating Income": 8,
        "EBIT": 9,
        "Net Income": 6
    },
    "2021-03-31": {
        "Diluted EPS": 0.62,
        "Total Revenue": 31,
        "Gross Profit": 20,
        "Operating Income": 8,
        "EBIT": 9,
        "Net Income": 6
    },
    "2020-12-31": {
        "Diluted EPS": 0.71,
        "Total Revenue": 32,
        "Gross Profit": 20,
        "Operating Income": 10,
        "EBIT": 10,
        "Net Income": 7
    },
    "2020-09-30": {
        "Diluted EPS": 0.48,
        "Total Revenue": 27,
        "Gross Profit": 17,
        "Operating Income": 6,
        "EBIT": 7,
        "Net Income": 5
    },
    "2020-06-30": {
        "Diluted EPS": 0.35,
        "Total Revenue": 22,
        "Gross Profit": 13,
        "Operating Income": 5,
        "EBIT": 5,
        "Net Income": 4
    },
    "2020-03-31": {
        "Diluted EPS": 0.43,
        "Total Revenue": 25,
        "Gross Profit": 16,
        "Operating Income": 6,
        "EBIT": 6,
        "Net Income": 4
    },
    "2019-12-31": {
        "Diluted EPS": 0.56,
        "Total Revenue": 30,
        "Gross Profit": 19,
        "Operating Income": 7,
        "EBIT": 7,
        "Net Income": 6
    },
    "2019-09-30": {
        "Diluted EPS": 0.33,
        "Total Revenue": 28,
        "Gross Profit": 18,
        "Operating Income": 4,
        "EBIT": 5,
        "Net Income": 3
    },
    "2019-06-30": {
        "Diluted EPS": 0.39,
        "Total Revenue": 27,
        "Gross Profit": 17,
        "Operating Income": 5,
        "EBIT": 5,
        "Net Income": 4
    },
    "2019-03-31": {
        "Diluted EPS": 0.43,
        "Total Revenue": 27,
        "Gross Profit": 17,
        "Operating Income": 6,
        "EBIT": 6,
        "Net Income": 4
    },
    "2018-12-31": {
        "Diluted EPS": 0.61,
        "Total Revenue": 29,
        "Gross Profit": 18,
        "Operating Income": 8,
        "EBIT": 8,
        "Net Income": 6
    },
    "2018-09-30": {
        "Diluted EPS": 0.51,
        "Total Revenue": 27,
        "Gross Profit": 17,
        "Operating Income": 7,
        "EBIT": 7,
        "Net Income": 5
    },
    "2018-06-30": {
        "Diluted EPS": 0.47,
        "Total Revenue": 27,
        "Gross Profit": 16,
        "Operating Income": 6,
        "EBIT": 6,
        "Net Income": 5
    },
    "2018-03-31": {
        "Diluted EPS": 0.41,
        "Total Revenue": 25,
        "Gross Profit": 15,
        "Operating Income": 6,
        "EBIT": 6,
        "Net Income": 4
    },
    "2017-12-31": {
        "Diluted EPS": 0.44,
        "Total Revenue": 27,
        "Gross Profit": 17,
        "Operating Income": 8,
        "EBIT": 8,
        "Net Income": 4
    },
    "2017-09-30": {
        "Diluted EPS": 0.4,
        "Total Revenue": 25,
        "Gross Profit": 15,
        "Operating Income": 6,
        "EBIT": 6,
        "Net Income": 4
    },
    "2017-06-30": {
        "Diluted EPS": 0.3,
        "Total Revenue": 24,
        "Gross Profit": 14,
        "Operating Income": 4,
        "EBIT": 5,
        "Net Income": 3
    },
    "2017-03-31": {
        "Diluted EPS": 0.41,
        "Total Revenue": 26,
        "Gross Profit": 15,
        "Operating Income": 6,
        "EBIT": 6,
        "Net Income": 4
    },
    "2016-12-31": {
        "Diluted EPS": 0.4,
        "Total Revenue": 26,
        "Gross Profit": 16,
        "Operating Income": 6,
        "EBIT": 6,
        "Net Income": 4
    },
    "2016-09-30": {
        "Diluted EPS": 0.39,
        "Total Revenue": 24,
        "Gross Profit": 15,
        "Operating Income": 6,
        "EBIT": 6,
        "Net Income": 4
    },
    "2016-06-30": {
        "Diluted EPS": 0.37,
        "Total Revenue": 24,
        "Gross Profit": 15,
        "Operating Income": 6,
        "EBIT": 6,
        "Net Income": 4
    },
    "2016-03-31": {
        "Diluted EPS": 0.26,
        "Total Revenue": 21,
        "Gross Profit": 12,
        "Operating Income": 4,
        "EBIT": 4,
        "Net Income": 3
    },
    "2015-12-31": {
        "Diluted EPS": 0.47,
        "Total Revenue": 26,
        "Gross Profit": 16,
        "Operating Income": 7,
        "EBIT": 7,
        "Net Income": 5
    },
    "2015-09-30": {
        "Diluted EPS": 0.42,
        "Total Revenue": 25,
        "Gross Profit": 15,
        "Operating Income": 6,
        "EBIT": 6,
        "Net Income": 4
    },
    "2015-06-30": {
        "Diluted EPS": 0.36,
        "Total Revenue": 22,
        "Gross Profit": 13,
        "Operating Income": 5,
        "EBIT": 5,
        "Net Income": 4
    },
    "2015-03-31": {
        "Diluted EPS": 0.31,
        "Total Revenue": 21,
        "Gross Profit": 12,
        "Operating Income": 5,
        "EBIT": 5,
        "Net Income": 3
    },
    "2014-12-31": {
        "Diluted EPS": 0.42,
        "Total Revenue": 25,
        "Gross Profit": 15,
        "Operating Income": 7,
        "EBIT": 7,
        "Net Income": 4
    },
    "2014-09-30": {
        "Diluted EPS": 0.4,
        "Total Revenue": 24,
        "Gross Profit": 14,
        "Operating Income": 6,
        "EBIT": 6,
        "Net Income": 4
    },
    "2014-06-30": {
        "Diluted EPS": 0.29,
        "Total Revenue": 20,
        "Gross Profit": 11,
        "Operating Income": 4,
        "EBIT": 4,
        "Net Income": 3
    },
    "2014-03-31": {
        "Diluted EPS": 0.22,
        "Total Revenue": 17,
        "Gross Profit": 9,
        "Operating Income": 3,
        "EBIT": 3,
        "Net Income": 2
    },
    "2013-12-31": {
        "Diluted EPS": 0.31,
        "Total Revenue": 22,
        "Gross Profit": 12,
        "Operating Income": 5,
        "EBIT": 5,
        "Net Income": 3
    },
    "2013-09-30": {
        "Diluted EPS": 0.27,
        "Total Revenue": 20,
        "Gross Profit": 11,
        "Operating Income": 4,
        "EBIT": 4,
        "Net Income": 3
    },
    "2013-06-30": {
        "Diluted EPS": 0.25,
        "Total Revenue": 19,
        "Gross Profit": 10,
        "Operating Income": 4,
        "EBIT": 4,
        "Net Income": 3
    },
    "2013-03-31": {
        "Diluted EPS": 0.16,
        "Total Revenue": 16,
        "Gross Profit": 9,
        "Operating Income": 2,
        "EBIT": 3,
        "Net Income": 2
    },
    "2012-12-31": {
        "Diluted EPS": 0.07,
        "Total Revenue": 18,
        "Gross Profit": 10,
        "Operating Income": 1,
        "EBIT": 2,
        "Net Income": 1
    },
    "2012-09-30": {
        "Diluted EPS": 0.17,
        "Total Revenue": 17,
        "Gross Profit": 9,
        "Operating Income": 3,
        "EBIT": 3,
        "Net Income": 2
    },
    "2012-06-30": {
        "Diluted EPS": 0.05,
        "Total Revenue": 14,
        "Gross Profit": 7,
        "Operating Income": 1,
        "EBIT": 1,
        "Net Income": 0
    },
    "2012-03-31": {
        "Diluted EPS": 0.39,
        "Total Revenue": 15,
        "Gross Profit": 7,
        "Operating Income": 6,
        "EBIT": 6,
        "Net Income": 4
    },
    "2011-12-31": {
        "Diluted EPS": 0.17,
        "Total Revenue": 16,
        "Gross Profit": 8,
        "Operating Income": 2,
        "EBIT": 2,
        "Net Income": 2
    },
    "2011-09-30": {
        "Diluted EPS": 0.09,
        "Total Revenue": 14,
        "Gross Profit": 7,
        "Operating Income": 1,
        "EBIT": 2,
        "Net Income": 1
    },
    "2011-06-30": {
        "Diluted EPS": 0.12,
        "Total Revenue": 13,
        "Gross Profit": 7,
        "Operating Income": 2,
        "EBIT": 2,
        "Net Income": 1
    },
    "2011-03-31": {
        "Diluted EPS": 0.08,
        "Total Revenue": 11,
        "Gross Profit": 6,
        "Operating Income": 1,
        "EBIT": 1,
        "Net Income": 1
    },
    "2010-12-31": {
        "Diluted EPS": 0.19,
        "Total Revenue": 13,
        "Gross Profit": 7,
        "Operating Income": 3,
        "EBIT": 3,
        "Net Income": 2
    },
    "2010-09-30": {
        "Diluted EPS": 0.08,
        "Total Revenue": 12,
        "Gross Profit": 6,
        "Operating Income": 1,
        "EBIT": 1,
        "Net Income": 1
    },
    "2010-06-30": {
        "Diluted EPS": 0.07,
        "Total Revenue": 11,
        "Gross Profit": 6,
        "Operating Income": 1,
        "EBIT": 1,
        "Net Income": 1
    },
    "2010-03-31": {
        "Diluted EPS": 0.11,
        "Total Revenue": 12,
        "Gross Profit": 6,
        "Operating Income": 2,
        "EBIT": 2,
        "Net Income": 1
    },
    "2009-12-31": {
        "Diluted EPS": 0.17,
        "Total Revenue": 13,
        "Gross Profit": 7,
        "Operating Income": 3,
        "EBIT": 3,
        "Net Income": 2
    },
    "2009-09-30": {
        "Diluted EPS": 0.16,
        "Total Revenue": 11,
        "Gross Profit": 6,
        "Operating Income": 2,
        "EBIT": 2,
        "Net Income": 2
    },
    "2009-06-30": {
        "Diluted EPS": 0.06,
        "Total Revenue": 10,
        "Gross Profit": 5,
        "Operating Income": 1,
        "EBIT": 1,
        "Net Income": 1
    },
    "2009-03-31": {
        "Diluted EPS": 0.04,
        "Total Revenue": 10,
        "Gross Profit": 4,
        "Operating Income": 1,
        "EBIT": 1,
        "Net Income": 0
    },
    "2023-06-30": {
        "Tax Effect Of Unusual Items": NaN,
        "Tax Rate For Calcs": NaN,
        "Normalized EBITDA": NaN,
        "Net Income From Continuing Operation Net Minority Interest": NaN,
        "Reconciled Depreciation": NaN,
        "Reconciled Cost Of Revenue": NaN,
        "EBITDA": NaN,
        "EBIT": NaN,
        "Net Interest Income": NaN,
        "Interest Income": NaN,
        "Normalized Income": NaN,
        "Net Income From Continuing And Discontinued Operation": NaN,
        "Total Expenses": NaN,
        "Total Operating Income As Reported": NaN,
        "Diluted Average Shares": 10094000.0,
        "Basic Average Shares": 10094000.0,
        "Diluted EPS": 0.45,
        "Basic EPS": 0.45,
        "Diluted NI Availto Com Stockholders": NaN,
        "Net Income Common Stockholders": NaN,
        "Net Income": NaN,
        "Minority Interests": NaN,
        "Net Income Including Noncontrolling Interests": NaN,
        "Net Income Continuous Operations": NaN,
        "Tax Provision": NaN,
        "Pretax Income": NaN,
        "Other Income Expense": NaN,
        "Other Non Operating Income Expenses": NaN,
        "Net Non Operating Interest Income Expense": NaN,
        "Interest Income Non Operating": NaN,
        "Operating Income": NaN,
        "Operating Expense": NaN,
        "Research And Development": NaN,
        "Selling General And Administration": NaN,
        "Selling And Marketing Expense": NaN,
        "General And Administrative Expense": NaN,
        "Other Gand A": NaN,
        "Gross Profit": NaN,
        "Cost Of Revenue": NaN,
        "Total Revenue": NaN,
        "Operating Revenue": NaN
    },
    "2023-09-30": {
        "Tax Effect Of Unusual Items": NaN,
        "Tax Rate For Calcs": NaN,
        "Normalized EBITDA": NaN,
        "Net Income From Continuing Operation Net Minority Interest": NaN,
        "Reconciled Depreciation": NaN,
        "Reconciled Cost Of Revenue": NaN,
        "EBITDA": NaN,
        "EBIT": NaN,
        "Net Interest Income": NaN,
        "Interest Income": NaN,
        "Normalized Income": NaN,
        "Net Income From Continuing And Discontinued Operation": NaN,
        "Total Expenses": NaN,
        "Total Operating Income As Reported": NaN,
        "Diluted Average Shares": 10094000.0,
        "Basic Average Shares": 10094000.0,
        "Diluted EPS": 0.55,
        "Basic EPS": 0.55,
        "Diluted NI Availto Com Stockholders": NaN,
        "Net Income Common Stockholders": NaN,
        "Net Income": NaN,
        "Minority Interests": NaN,
        "Net Income Including Noncontrolling Interests": NaN,
        "Net Income Continuous Operations": NaN,
        "Tax Provision": NaN,
        "Pretax Income": NaN,
        "Other Income Expense": NaN,
        "Other Non Operating Income Expenses": NaN,
        "Net Non Operating Interest Income Expense": NaN,
        "Interest Income Non Operating": NaN,
        "Operating Income": NaN,
        "Operating Expense": NaN,
        "Research And Development": NaN,
        "Selling General And Administration": NaN,
        "Selling And Marketing Expense": NaN,
        "General And Administrative Expense": NaN,
        "Other Gand A": NaN,
        "Gross Profit": NaN,
        "Cost Of Revenue": NaN,
        "Total Revenue": NaN,
        "Operating Revenue": NaN
    },
    "2023-12-31": {
        "Tax Effect Of Unusual Items": 0.0,
        "Tax Rate For Calcs": 0.271677,
        "Normalized EBITDA": 6410000.0,
        "Net Income From Continuing Operation Net Minority Interest": 4889000.0,
        "Reconciled Depreciation": 297000.0,
        "Reconciled Cost Of Revenue": 11157000.0,
        "EBITDA": 6410000.0,
        "EBIT": 6113000.0,
        "Net Interest Income": 521000.0,
        "Interest Income": 521000.0,
        "Normalized Income": 4889000.0,
        "Net Income From Continuing And Discontinued Operation": 4889000.0,
        "Total Expenses": 22034000.0,
        "Total Operating Income As Reported": 6113000.0,
        "Diluted Average Shares": NaN,
        "Basic Average Shares": NaN,
        "Diluted EPS": NaN,
        "Basic EPS": NaN,
        "Diluted NI Availto Com Stockholders": 4889000.0,
        "Net Income Common Stockholders": 4889000.0,
        "Net Income": 4889000.0,
        "Minority Interests": 34000.0,
        "Net Income Including Noncontrolling Interests": 4855000.0,
        "Net Income Continuous Operations": 4855000.0,
        "Tax Provision": 1811000.0,
        "Pretax Income": 6666000.0,
        "Other Income Expense": 32000.0,
        "Other Non Operating Income Expenses": 32000.0,
        "Net Non Operating Interest Income Expense": 521000.0,
        "Interest Income Non Operating": 521000.0,
        "Operating Income": 6113000.0,
        "Operating Expense": 10877000.0,
        "Research And Development": 1014000.0,
        "Selling General And Administration": 9863000.0,
        "Selling And Marketing Expense": 5362000.0,
        "General And Administrative Expense": 4501000.0,
        "Other Gand A": 4501000.0,
        "Gross Profit": 16990000.0,
        "Cost Of Revenue": 11157000.0,
        "Total Revenue": 28147000.0,
        "Operating Revenue": 28147000.0
    },
    "2024-03-31": {
        "Tax Effect Of Unusual Items": NaN,
        "Tax Rate For Calcs": NaN,
        "Normalized EBITDA": NaN,
        "Net Income From Continuing Operation Net Minority Interest": NaN,
        "Reconciled Depreciation": NaN,
        "Reconciled Cost Of Revenue": NaN,
        "EBITDA": NaN,
        "EBIT": NaN,
        "Net Interest Income": NaN,
        "Interest Income": NaN,
        "Normalized Income": NaN,
        "Net Income From Continuing And Discontinued Operation": NaN,
        "Total Expenses": NaN,
        "Total Operating Income As Reported": NaN,
        "Diluted Average Shares": 10094000.0,
        "Basic Average Shares": 10094000.0,
        "Diluted EPS": 0.42,
        "Basic EPS": 0.42,
        "Diluted NI Availto Com Stockholders": NaN,
        "Net Income Common Stockholders": NaN,
        "Net Income": NaN,
        "Minority Interests": NaN,
        "Net Income Including Noncontrolling Interests": NaN,
        "Net Income Continuous Operations": NaN,
        "Tax Provision": NaN,
        "Pretax Income": NaN,
        "Other Income Expense": NaN,
        "Other Non Operating Income Expenses": NaN,
        "Net Non Operating Interest Income Expense": NaN,
        "Interest Income Non Operating": NaN,
        "Operating Income": NaN,
        "Operating Expense": NaN,
        "Research And Development": NaN,
        "Selling General And Administration": NaN,
        "Selling And Marketing Expense": NaN,
        "General And Administrative Expense": NaN,
        "Other Gand A": NaN,
        "Gross Profit": NaN,
        "Cost Of Revenue": NaN,
        "Total Revenue": NaN,
        "Operating Revenue": NaN
    },
    "2024-06-30": {
        "Tax Effect Of Unusual Items": NaN,
        "Tax Rate For Calcs": NaN,
        "Normalized EBITDA": NaN,
        "Net Income From Continuing Operation Net Minority Interest": NaN,
        "Reconciled Depreciation": NaN,
        "Reconciled Cost Of Revenue": NaN,
        "EBITDA": NaN,
        "EBIT": NaN,
        "Net Interest Income": NaN,
        "Interest Income": NaN,
        "Normalized Income": NaN,
        "Net Income From Continuing And Discontinued Operation": NaN,
        "Total Expenses": NaN,
        "Total Operating Income As Reported": NaN,
        "Diluted Average Shares": 10094000.0,
        "Basic Average Shares": 10094000.0,
        "Diluted EPS": 0.45,
        "Basic EPS": 0.45,
        "Diluted NI Availto Com Stockholders": NaN,
        "Net Income Common Stockholders": NaN,
        "Net Income": NaN,
        "Minority Interests": NaN,
        "Net Income Including Noncontrolling Interests": NaN,
        "Net Income Continuous Operations": NaN,
        "Tax Provision": NaN,
        "Pretax Income": NaN,
        "Other Income Expense": NaN,
        "Other Non Operating Income Expenses": NaN,
        "Net Non Operating Interest Income Expense": NaN,
        "Interest Income Non Operating": NaN,
        "Operating Income": NaN,
        "Operating Expense": NaN,
        "Research And Development": NaN,
        "Selling General And Administration": NaN,
        "Selling And Marketing Expense": NaN,
        "General And Administrative Expense": NaN,
        "Other Gand A": NaN,
        "Gross Profit": NaN,
        "Cost Of Revenue": NaN,
        "Total Revenue": NaN,
        "Operating Revenue": NaN
    },
    "2024-09-30": {
        "Tax Effect Of Unusual Items": 0.0,
        "Tax Rate For Calcs": 0.243457,
        "Normalized EBITDA": 5780000.0,
        "Net Income From Continuing Operation Net Minority Interest": 4617000.0,
        "Reconciled Depreciation": 312000.0,
        "Reconciled Cost Of Revenue": 9530000.0,
        "EBITDA": 5780000.0,
        "EBIT": 5468000.0,
        "Net Interest Income": 586000.0,
        "Interest Income": 586000.0,
        "Normalized Income": 4617000.0,
        "Net Income From Continuing And Discontinued Operation": 4617000.0,
        "Total Expenses": 19412000.0,
        "Total Operating Income As Reported": 5468000.0,
        "Diluted Average Shares": 10094322.0,
        "Basic Average Shares": 10094322.0,
        "Diluted EPS": 0.46,
        "Basic EPS": 0.46,
        "Diluted NI Availto Com Stockholders": 4617000.0,
        "Net Income Common Stockholders": 4617000.0,
        "Net Income": 4617000.0,
        "Minority Interests": 21000.0,
        "Net Income Including Noncontrolling Interests": 4596000.0,
        "Net Income Continuous Operations": 4596000.0,
        "Tax Provision": 1479000.0,
        "Pretax Income": 6075000.0,
        "Other Income Expense": 21000.0,
        "Other Non Operating Income Expenses": 21000.0,
        "Net Non Operating Interest Income Expense": 586000.0,
        "Interest Income Non Operating": 586000.0,
        "Operating Income": 5468000.0,
        "Operating Expense": 9882000.0,
        "Research And Development": 1058000.0,
        "Selling General And Administration": 8824000.0,
        "Selling And Marketing Expense": 4976000.0,
        "General And Administrative Expense": 3848000.0,
        "Other Gand A": 3848000.0,
        "Gross Profit": 15350000.0,
        "Cost Of Revenue": 9530000.0,
        "Total Revenue": 24880000.0,
        "Operating Revenue": 24880000.0
    },
    "2024-12-31": {
        "Tax Effect Of Unusual Items": 0.0,
        "Tax Rate For Calcs": 0.239895,
        "Normalized EBITDA": 6131000.0,
        "Net Income From Continuing Operation Net Minority Interest": 4682000.0,
        "Reconciled Depreciation": 369000.0,
        "Reconciled Cost Of Revenue": 10373000.0,
        "EBITDA": 6131000.0,
        "EBIT": 5762000.0,
        "Net Interest Income": 537000.0,
        "Interest Income": 537000.0,
        "Normalized Income": 4682000.0,
        "Net Income From Continuing And Discontinued Operation": 4682000.0,
        "Total Expenses": 21203000.0,
        "Total Operating Income As Reported": 5762000.0,
        "Diluted Average Shares": NaN,
        "Basic Average Shares": NaN,
        "Diluted EPS": NaN,
        "Basic EPS": NaN,
        "Diluted NI Availto Com Stockholders": 4682000.0,
        "Net Income Common Stockholders": 4682000.0,
        "Net Income": 4682000.0,
        "Minority Interests": 37000.0,
        "Net Income Including Noncontrolling Interests": 4645000.0,
        "Net Income Continuous Operations": 4645000.0,
        "Tax Provision": 1466000.0,
        "Pretax Income": 6111000.0,
        "Other Income Expense": -188000.0,
        "Other Non Operating Income Expenses": -188000.0,
        "Net Non Operating Interest Income Expense": 537000.0,
        "Interest Income Non Operating": 537000.0,
        "Operating Income": 5762000.0,
        "Operating Expense": 10830000.0,
        "Research And Development": 1095000.0,
        "Selling General And Administration": 9735000.0,
        "Selling And Marketing Expense": 5337000.0,
        "General And Administrative Expense": 4398000.0,
        "Other Gand A": 4398000.0,
        "Gross Profit": 16592000.0,
        "Cost Of Revenue": 10373000.0,
        "Total Revenue": 26965000.0,
        "Operating Revenue": 26965000.0
    },
    "2025-03-31": {
        "Tax Effect Of Unusual Items": 0.0,
        "Tax Rate For Calcs": 0.242033,
        "Normalized EBITDA": 4391000.0,
        "Net Income From Continuing Operation Net Minority Interest": 3568000.0,
        "Reconciled Depreciation": 341000.0,
        "Reconciled Cost Of Revenue": 9258000.0,
        "EBITDA": 4391000.0,
        "EBIT": 4050000.0,
        "Net Interest Income": 511000.0,
        "Interest Income": 511000.0,
        "Normalized Income": 3568000.0,
        "Net Income From Continuing And Discontinued Operation": 3568000.0,
        "Total Expenses": 19280000.0,
        "Total Operating Income As Reported": 4050000.0,
        "Diluted Average Shares": 10094000.0,
        "Basic Average Shares": 10094000.0,
        "Diluted EPS": 0.35,
        "Basic EPS": 0.35,
        "Diluted NI Availto Com Stockholders": 3568000.0,
        "Net Income Common Stockholders": 3568000.0,
        "Net Income": 3568000.0,
        "Minority Interests": 48000.0,
        "Net Income Including Noncontrolling Interests": 3520000.0,
        "Net Income Continuous Operations": 3520000.0,
        "Tax Provision": 1124000.0,
        "Pretax Income": 4644000.0,
        "Other Income Expense": 83000.0,
        "Other Non Operating Income Expenses": 83000.0,
        "Net Non Operating Interest Income Expense": 511000.0,
        "Interest Income Non Operating": 511000.0,
        "Operating Income": 4050000.0,
        "Operating Expense": 10022000.0,
        "Research And Development": 1130000.0,
        "Selling General And Administration": 8892000.0,
        "Selling And Marketing Expense": 5001000.0,
        "General And Administrative Expense": 3891000.0,
        "Other Gand A": 3891000.0,
        "Gross Profit": 14072000.0,
        "Cost Of Revenue": 9258000.0,
        "Total Revenue": 23330000.0,
        "Operating Revenue": 23330000.0
    },
    "2025-06-30": {
        "Tax Effect Of Unusual Items": 0.0,
        "Tax Rate For Calcs": 0.246326,
        "Normalized EBITDA": 5063000.0,
        "Net Income From Continuing Operation Net Minority Interest": 4156000.0,
        "Reconciled Depreciation": 341000.0,
        "Reconciled Cost Of Revenue": 10103000.0,
        "EBITDA": 5063000.0,
        "EBIT": 4722000.0,
        "Net Interest Income": 493000.0,
        "Interest Income": 493000.0,
        "Normalized Income": 4156000.0,
        "Net Income From Continuing And Discontinued Operation": 4156000.0,
        "Total Expenses": 20803000.0,
        "Total Operating Income As Reported": 4722000.0,
        "Diluted Average Shares": 10094000.0,
        "Basic Average Shares": 10094000.0,
        "Diluted EPS": 0.41,
        "Basic EPS": 0.41,
        "Diluted NI Availto Com Stockholders": 4156000.0,
        "Net Income Common Stockholders": 4156000.0,
        "Net Income": 4156000.0,
        "Minority Interests": 53000.0,
        "Net Income Including Noncontrolling Interests": 4103000.0,
        "Net Income Continuous Operations": 4103000.0,
        "Tax Provision": 1341000.0,
        "Pretax Income": 5444000.0,
        "Other Income Expense": 229000.0,
        "Other Non Operating Income Expenses": 229000.0,
        "Net Non Operating Interest Income Expense": 493000.0,
        "Interest Income Non Operating": 493000.0,
        "Operating Income": 4722000.0,
        "Operating Expense": 10700000.0,
        "Research And Development": 1350000.0,
        "Selling General And Administration": 9350000.0,
        "Selling And Marketing Expense": 5217000.0,
        "General And Administrative Expense": 4133000.0,
        "Other Gand A": 4133000.0,
        "Gross Profit": 15422000.0,
        "Cost Of Revenue": 10103000.0,
        "Total Revenue": 25525000.0,
        "Operating Revenue": 25525000.0
    },
    "2025-09-30": {
        "Tax Effect Of Unusual Items": 0.0,
        "Tax Rate For Calcs": 0.226294,
        "Normalized EBITDA": 4504000.0,
        "Net Income From Continuing Operation Net Minority Interest": 3688000.0,
        "Reconciled Depreciation": 319000.0,
        "Reconciled Cost Of Revenue": 9653000.0,
        "EBITDA": 4504000.0,
        "EBIT": 4185000.0,
        "Net Interest Income": 509000.0,
        "Interest Income": 509000.0,
        "Normalized Income": 3688000.0,
        "Net Income From Continuing And Discontinued Operation": 3688000.0,
        "Total Expenses": 20049000.0,
        "Total Operating Income As Reported": 4185000.0,
        "Diluted Average Shares": 10094000.0,
        "Basic Average Shares": 10094000.0,
        "Diluted EPS": 0.37,
        "Basic EPS": 0.37,
        "Diluted NI Availto Com Stockholders": 3688000.0,
        "Net Income Common Stockholders": 3688000.0,
        "Net Income": 3688000.0,
        "Minority Interests": 57000.0,
        "Net Income Including Noncontrolling Interests": 3631000.0,
        "Net Income Continuous Operations": 3631000.0,
        "Tax Provision": 1062000.0,
        "Pretax Income": 4693000.0,
        "Other Income Expense": -1000.0,
        "Other Non Operating Income Expenses": -1000.0,
        "Net Non Operating Interest Income Expense": 509000.0,
        "Interest Income Non Operating": 509000.0,
        "Operating Income": 4185000.0,
        "Operating Expense": 10396000.0,
        "Research And Development": 1321000.0,
        "Selling General And Administration": 9075000.0,
        "Selling And Marketing Expense": 4993000.0,
        "General And Administrative Expense": 4082000.0,
        "Other Gand A": 4082000.0,
        "Gross Profit": 14581000.0,
        "Cost Of Revenue": 9653000.0,
        "Total Revenue": 24234000.0,
        "Operating Revenue": 24234000.0
    }
}