{
    "2023-05-31": {
        "Tax Effect Of Unusual Items": NaN,
        "Tax Rate For Calcs": NaN,
        "Normalized EBITDA": NaN,
        "Total Unusual Items": NaN,
        "Total Unusual Items Excluding Goodwill": NaN,
        "Net Income From Continuing Operation Net Minority Interest": NaN,
        "Reconciled Depreciation": NaN,
        "Reconciled Cost Of Revenue": NaN,
        "EBITDA": NaN,
        "EBIT": NaN,
        "Net Interest Income": -64000.0,
        "Interest Expense": 64000.0,
        "Normalized Income": NaN,
        "Net Income From Continuing And Discontinued Operation": NaN,
        "Total Expenses": NaN,
        "Total Operating Income As Reported": NaN,
        "Diluted Average Shares": 80498692.0,
        "Basic Average Shares": 80498692.0,
        "Diluted EPS": -0.677,
        "Basic EPS": -0.677,
        "Diluted NI Availto Com Stockholders": NaN,
        "Net Income Common Stockholders": NaN,
        "Net Income": NaN,
        "Net Income Including Noncontrolling Interests": NaN,
        "Net Income Continuous Operations": NaN,
        "Tax Provision": NaN,
        "Pretax Income": NaN,
        "Other Income Expense": NaN,
        "Other Non Operating Income Expenses": NaN,
        "Special Income Charges": NaN,
        "Gain On Sale Of Ppe": 54000.0,
        "Other Special Charges": NaN,
        "Write Off": 0.0,
        "Impairment Of Capital Assets": 191242000.0,
        "Restructuring And Mergern Acquisition": NaN,
        "Earnings From Equity Interest": NaN,
        "Gain On Sale Of Security": NaN,
        "Net Non Operating Interest Income Expense": -64000.0,
        "Interest Expense Non Operating": 64000.0,
        "Operating Income": NaN,
        "Operating Expense": NaN,
        "Depreciation Amortization Depletion Income Statement": NaN,
        "Depreciation And Amortization In Income Statement": NaN,
        "Research And Development": NaN,
        "Selling General And Administration": NaN,
        "Selling And Marketing Expense": NaN,
        "General And Administrative Expense": NaN,
        "Other Gand A": NaN,
        "Salaries And Wages": NaN,
        "Gross Profit": NaN,
        "Cost Of Revenue": NaN,
        "Total Revenue": NaN,
        "Excise Taxes": NaN,
        "Operating Revenue": NaN
    },
    "2023-02-28": {
        "Tax Effect Of Unusual Items": 1486000.0,
        "Tax Rate For Calcs": 0.4,
        "Normalized EBITDA": -4203000.0,
        "Total Unusual Items": 3715000.0,
        "Total Unusual Items Excluding Goodwill": 3715000.0,
        "Net Income From Continuing Operation Net Minority Interest": -7488000.0,
        "Reconciled Depreciation": 6936000.0,
        "Reconciled Cost Of Revenue": 24200000.0,
        "EBITDA": -488000.0,
        "EBIT": -7424000.0,
        "Net Interest Income": -63000.0,
        "Interest Expense": 63000.0,
        "Normalized Income": -9717000.0,
        "Net Income From Continuing And Discontinued Operation": -7488000.0,
        "Total Expenses": 50336000.0,
        "Total Operating Income As Reported": -10843000.0,
        "Diluted Average Shares": 78000000.0,
        "Basic Average Shares": 78000000.0,
        "Diluted EPS": -0.096,
        "Basic EPS": -0.096,
        "Diluted NI Availto Com Stockholders": -7488000.0,
        "Net Income Common Stockholders": -7488000.0,
        "Net Income": -7488000.0,
        "Net Income Including Noncontrolling Interests": -7488000.0,
        "Net Income Continuous Operations": -7488000.0,
        "Tax Provision": 1000.0,
        "Pretax Income": -7487000.0,
        "Other Income Expense": 3419000.0,
        "Other Non Operating Income Expenses": NaN,
        "Special Income Charges": 168000.0,
        "Gain On Sale Of Ppe": 69000.0,
        "Other Special Charges": -75000.0,
        "Write Off": 0.0,
        "Impairment Of Capital Assets": 0.0,
        "Restructuring And Mergern Acquisition": -24000.0,
        "Earnings From Equity Interest": -296000.0,
        "Gain On Sale Of Security": 3547000.0,
        "Net Non Operating Interest Income Expense": -63000.0,
        "Interest Expense Non Operating": 63000.0,
        "Operating Income": -10843000.0,
        "Operating Expense": 20645000.0,
        "Depreciation Amortization Depletion Income Statement": 1445000.0,
        "Depreciation And Amortization In Income Statement": 1445000.0,
        "Research And Development": 3348000.0,
        "Selling General And Administration": 15852000.0,
        "Selling And Marketing Expense": 4334000.0,
        "General And Administrative Expense": 11518000.0,
        "Other Gand A": 6826000.0,
        "Salaries And Wages": 4692000.0,
        "Gross Profit": 9802000.0,
        "Cost Of Revenue": 29691000.0,
        "Total Revenue": 39493000.0,
        "Excise Taxes": 13405000.0,
        "Operating Revenue": 52845000.0
    },
    "2022-11-30": {
        "Tax Effect Of Unusual Items": NaN,
        "Tax Rate For Calcs": NaN,
        "Normalized EBITDA": NaN,
        "Total Unusual Items": NaN,
        "Total Unusual Items Excluding Goodwill": NaN,
        "Net Income From Continuing Operation Net Minority Interest": NaN,
        "Reconciled Depreciation": NaN,
        "Reconciled Cost Of Revenue": NaN,
        "EBITDA": NaN,
        "EBIT": NaN,
        "Net Interest Income": NaN,
        "Interest Expense": NaN,
        "Normalized Income": NaN,
        "Net Income From Continuing And Discontinued Operation": NaN,
        "Total Expenses": NaN,
        "Total Operating Income As Reported": NaN,
        "Diluted Average Shares": NaN,
        "Basic Average Shares": NaN,
        "Diluted EPS": NaN,
        "Basic EPS": NaN,
        "Diluted NI Availto Com Stockholders": NaN,
        "Net Income Common Stockholders": NaN,
        "Net Income": NaN,
        "Net Income Including Noncontrolling Interests": NaN,
        "Net Income Continuous Operations": NaN,
        "Tax Provision": NaN,
        "Pretax Income": NaN,
        "Other Income Expense": NaN,
        "Other Non Operating Income Expenses": NaN,
        "Special Income Charges": NaN,
        "Gain On Sale Of Ppe": NaN,
        "Other Special Charges": NaN,
        "Write Off": 0.0,
        "Impairment Of Capital Assets": NaN,
        "Restructuring And Mergern Acquisition": NaN,
        "Earnings From Equity Interest": NaN,
        "Gain On Sale Of Security": NaN,
        "Net Non Operating Interest Income Expense": NaN,
        "Interest Expense Non Operating": NaN,
        "Operating Income": NaN,
        "Operating Expense": NaN,
        "Depreciation Amortization Depletion Income Statement": NaN,
        "Depreciation And Amortization In Income Statement": NaN,
        "Research And Development": NaN,
        "Selling General And Administration": NaN,
        "Selling And Marketing Expense": NaN,
        "General And Administrative Expense": NaN,
        "Other Gand A": NaN,
        "Salaries And Wages": NaN,
        "Gross Profit": NaN,
        "Cost Of Revenue": NaN,
        "Total Revenue": NaN,
        "Excise Taxes": NaN,
        "Operating Revenue": NaN
    },
    "2022-08-31": {
        "Tax Effect Of Unusual Items": NaN,
        "Tax Rate For Calcs": NaN,
        "Normalized EBITDA": NaN,
        "Total Unusual Items": NaN,
        "Total Unusual Items Excluding Goodwill": NaN,
        "Net Income From Continuing Operation Net Minority Interest": NaN,
        "Reconciled Depreciation": NaN,
        "Reconciled Cost Of Revenue": NaN,
        "EBITDA": NaN,
        "EBIT": NaN,
        "Net Interest Income": NaN,
        "Interest Expense": NaN,
        "Normalized Income": NaN,
        "Net Income From Continuing And Discontinued Operation": NaN,
        "Total Expenses": NaN,
        "Total Operating Income As Reported": NaN,
        "Diluted Average Shares": NaN,
        "Basic Average Shares": NaN,
        "Diluted EPS": NaN,
        "Basic EPS": NaN,
        "Diluted NI Availto Com Stockholders": NaN,
        "Net Income Common Stockholders": NaN,
        "Net Income": NaN,
        "Net Income Including Noncontrolling Interests": NaN,
        "Net Income Continuous Operations": NaN,
        "Tax Provision": NaN,
        "Pretax Income": NaN,
        "Other Income Expense": NaN,
        "Other Non Operating Income Expenses": NaN,
        "Special Income Charges": NaN,
        "Gain On Sale Of Ppe": NaN,
        "Other Special Charges": 0.0,
        "Write Off": 0.0,
        "Impairment Of Capital Assets": 2245000.0,
        "Restructuring And Mergern Acquisition": NaN,
        "Earnings From Equity Interest": NaN,
        "Gain On Sale Of Security": NaN,
        "Net Non Operating Interest Income Expense": NaN,
        "Interest Expense Non Operating": NaN,
        "Operating Income": NaN,
        "Operating Expense": NaN,
        "Other Operating Expenses": 0.0,
        "Depreciation Amortization Depletion Income Statement": NaN,
        "Depreciation And Amortization In Income Statement": NaN,
        "Research And Development": NaN,
        "Selling General And Administration": NaN,
        "Selling And Marketing Expense": NaN,
        "General And Administrative Expense": NaN,
        "Other Gand A": NaN,
        "Salaries And Wages": NaN,
        "Gross Profit": NaN,
        "Cost Of Revenue": NaN,
        "Total Revenue": NaN,
        "Excise Taxes": NaN,
        "Operating Revenue": NaN
    },
    "2022-05-31": {
        "Tax Effect Of Unusual Items": 3834400.0,
        "Tax Rate For Calcs": 0.4,
        "Normalized EBITDA": -5917000.0,
        "Total Unusual Items": 9586000.0,
        "Total Unusual Items Excluding Goodwill": 9586000.0,
        "Net Income From Continuing Operation Net Minority Interest": -2787000.0,
        "Reconciled Depreciation": 6060000.0,
        "Reconciled Cost Of Revenue": 25937000.0,
        "EBIT": -2391000.0,
        "Net Interest Income": -88000.0,
        "Interest Expense": 88000.0,
        "Normalized Income": -8538600.0,
        "Net Income From Continuing And Discontinued Operation": -2787000.0,
        "Total Expenses": 49899000.0,
        "Total Operating Income As Reported": -11938000.0,
        "Diluted Average Shares": 78426941.0,
        "Basic Average Shares": 78426941.0,
        "Diluted EPS": -0.144,
        "Basic EPS": -0.144,
        "Diluted NI Availto Com Stockholders": -2787000.0,
        "Net Income Common Stockholders": -2787000.0,
        "Net Income": -2787000.0,
        "Net Income Including Noncontrolling Interests": -2787000.0,
        "Net Income Continuous Operations": -2787000.0,
        "Tax Provision": 308000.0,
        "Pretax Income": -2479000.0,
        "Other Income Expense": 9393000.0,
        "Special Income Charges": 3360000.0,
        "Gain On Sale Of Ppe": -553000.0,
        "Other Special Charges": -491000.0,
        "Write Off": 0.0,
        "Impairment Of Capital Assets": 0.0,
        "Restructuring And Mergern Acquisition": -3422000.0,
        "Earnings From Equity Interest": -193000.0,
        "Gain On Sale Of Security": 6226000.0,
        "Net Non Operating Interest Income Expense": -88000.0,
        "Interest Expense Non Operating": 88000.0,
        "Operating Income": -11784000.0,
        "Operating Expense": 19426000.0,
        "Other Operating Expenses": -154000.0,
        "Depreciation Amortization Depletion Income Statement": 1524000.0,
        "Depreciation And Amortization In Income Statement": 1524000.0,
        "Research And Development": 1373000.0,
        "Selling General And Administration": 16683000.0,
        "Selling And Marketing Expense": 4672000.0,
        "General And Administrative Expense": 12011000.0,
        "Other Gand A": 7902000.0,
        "Salaries And Wages": 4109000.0,
        "Gross Profit": 7642000.0,
        "Cost Of Revenue": 30473000.0,
        "Total Revenue": 38115000.0,
        "Excise Taxes": 17058000.0,
        "Operating Revenue": 55140000.0
    },
    "2022-02-28": {
        "Diluted EPS": -0.04,
        "Total Revenue": 25,
        "Gross Profit": 7,
        "Operating Income": -7,
        "EBIT": -2,
        "Net Income": -3
    },
    "2021-11-30": {
        "Diluted EPS": -0.01,
        "Total Revenue": 24,
        "Gross Profit": 0,
        "Operating Income": -11,
        "EBIT": -6,
        "Net Income": -1
    },
    "2021-08-31": {
        "Diluted EPS": -0.16,
        "Total Revenue": 20,
        "Gross Profit": 2,
        "Operating Income": -18,
        "EBIT": -7,
        "Net Income": -22
    },
    "2021-05-31": {
        "Diluted EPS": -0.04,
        "Total Revenue": 16,
        "Gross Profit": 2,
        "Operating Income": -10,
        "EBIT": -5,
        "Net Income": -3
    },
    "2021-02-28": {
        "Diluted EPS": -0.89,
        "Total Revenue": 11,
        "Gross Profit": -13,
        "Operating Income": -23,
        "EBIT": -19,
        "Net Income": -52
    },
    "2020-11-30": {
        "Diluted EPS": -0.52,
        "Total Revenue": 15,
        "Gross Profit": -13,
        "Operating Income": -21,
        "EBIT": -17,
        "Net Income": -26
    },
    "2020-08-31": {
        "Diluted EPS": -0.75,
        "Total Revenue": 15,
        "Gross Profit": -23,
        "Operating Income": -34,
        "EBIT": -30,
        "Net Income": -31
    },
    "2020-05-31": {
        "Diluted EPS": -1.46,
        "Total Revenue": 13,
        "Gross Profit": -36,
        "Operating Income": -71,
        "EBIT": -68,
        "Net Income": -64
    },
    "2020-02-29": {
        "Diluted EPS": -0.13,
        "Total Revenue": 18,
        "Gross Profit": 9,
        "Operating Income": -3,
        "EBIT": 0,
        "Net Income": -5
    },
    "2019-11-30": {
        "Diluted EPS": -0.02,
        "Total Revenue": 19,
        "Gross Profit": 8,
        "Operating Income": 0,
        "EBIT": 3,
        "Net Income": -1
    },
    "2019-08-31": {
        "Diluted EPS": -0.45,
        "Total Revenue": 12,
        "Gross Profit": -9,
        "Operating Income": -21,
        "EBIT": -19,
        "Net Income": -17
    },
    "2019-05-31": {
        "Diluted EPS": -0.2,
        "Total Revenue": 18,
        "Gross Profit": 0,
        "Operating Income": -8,
        "EBIT": -7,
        "Net Income": -8
    },
    "2019-02-28": {
        "Diluted EPS": -0.15,
        "Total Revenue": 20,
        "Gross Profit": 6,
        "Operating Income": -1,
        "EBIT": 0,
        "Net Income": -5
    },
    "2018-11-30": {
        "Diluted EPS": 0.6,
        "Total Revenue": 10,
        "Gross Profit": 40,
        "Operating Income": 35,
        "EBIT": 37,
        "Net Income": 23
    },
    "2018-08-31": {
        "Diluted EPS": 0.48,
        "Total Revenue": 3,
        "Gross Profit": 3,
        "Operating Income": 3,
        "EBIT": 3,
        "Net Income": 14
    },
    "2023-12-31": {
        "Tax Effect Of Unusual Items": NaN,
        "Tax Rate For Calcs": NaN,
        "Normalized EBITDA": NaN,
        "Total Unusual Items": NaN,
        "Total Unusual Items Excluding Goodwill": NaN,
        "Net Income From Continuing Operation Net Minority Interest": NaN,
        "Reconciled Depreciation": NaN,
        "Reconciled Cost Of Revenue": NaN,
        "EBITDA": NaN,
        "EBIT": NaN,
        "Net Interest Income": -48000.0,
        "Interest Expense": 48000.0,
        "Normalized Income": NaN,
        "Net Income From Continuing And Discontinued Operation": NaN,
        "Total Expenses": NaN,
        "Total Operating Income As Reported": NaN,
        "Diluted Average Shares": NaN,
        "Basic Average Shares": NaN,
        "Diluted EPS": NaN,
        "Basic EPS": NaN,
        "Diluted NI Availto Com Stockholders": NaN,
        "Net Income Common Stockholders": NaN,
        "Net Income": NaN,
        "Net Income Including Noncontrolling Interests": NaN,
        "Net Income Continuous Operations": NaN,
        "Tax Provision": NaN,
        "Pretax Income": NaN,
        "Other Income Expense": NaN,
        "Other Non Operating Income Expenses": NaN,
        "Special Income Charges": NaN,
        "Gain On Sale Of Ppe": NaN,
        "Other Special Charges": NaN,
        "Impairment Of Capital Assets": NaN,
        "Restructuring And Mergern Acquisition": NaN,
        "Earnings From Equity Interest": NaN,
        "Gain On Sale Of Security": NaN,
        "Net Non Operating Interest Income Expense": -48000.0,
        "Interest Expense Non Operating": 48000.0,
        "Operating Income": NaN,
        "Operating Expense": NaN,
        "Depreciation Amortization Depletion Income Statement": NaN,
        "Depreciation And Amortization In Income Statement": NaN,
        "Research And Development": NaN,
        "Selling General And Administration": NaN,
        "Selling And Marketing Expense": NaN,
        "General And Administrative Expense": NaN,
        "Other Gand A": NaN,
        "Salaries And Wages": NaN,
        "Gross Profit": NaN,
        "Cost Of Revenue": NaN,
        "Total Revenue": NaN,
        "Excise Taxes": NaN,
        "Operating Revenue": NaN
    },
    "2024-03-31": {
        "Tax Effect Of Unusual Items": NaN,
        "Tax Rate For Calcs": NaN,
        "Normalized EBITDA": NaN,
        "Total Unusual Items": NaN,
        "Total Unusual Items Excluding Goodwill": NaN,
        "Net Income From Continuing Operation Net Minority Interest": NaN,
        "Reconciled Depreciation": NaN,
        "Reconciled Cost Of Revenue": NaN,
        "EBITDA": NaN,
        "EBIT": NaN,
        "Net Interest Income": -65000.0,
        "Interest Expense": 65000.0,
        "Normalized Income": NaN,
        "Net Income From Continuing And Discontinued Operation": NaN,
        "Total Expenses": NaN,
        "Total Operating Income As Reported": NaN,
        "Diluted Average Shares": 91161616.0,
        "Basic Average Shares": 91161616.0,
        "Diluted EPS": -0.297,
        "Basic EPS": -0.297,
        "Diluted NI Availto Com Stockholders": NaN,
        "Net Income Common Stockholders": NaN,
        "Net Income": NaN,
        "Net Income Including Noncontrolling Interests": NaN,
        "Net Income Continuous Operations": NaN,
        "Tax Provision": NaN,
        "Pretax Income": NaN,
        "Other Income Expense": NaN,
        "Other Non Operating Income Expenses": NaN,
        "Special Income Charges": NaN,
        "Gain On Sale Of Ppe": -50000.0,
        "Other Special Charges": NaN,
        "Impairment Of Capital Assets": NaN,
        "Restructuring And Mergern Acquisition": NaN,
        "Earnings From Equity Interest": NaN,
        "Gain On Sale Of Security": NaN,
        "Net Non Operating Interest Income Expense": -65000.0,
        "Interest Expense Non Operating": 65000.0,
        "Operating Income": NaN,
        "Operating Expense": NaN,
        "Depreciation Amortization Depletion Income Statement": NaN,
        "Depreciation And Amortization In Income Statement": NaN,
        "Research And Development": NaN,
        "Selling General And Administration": NaN,
        "Selling And Marketing Expense": NaN,
        "General And Administrative Expense": NaN,
        "Other Gand A": NaN,
        "Salaries And Wages": NaN,
        "Gross Profit": NaN,
        "Cost Of Revenue": NaN,
        "Total Revenue": NaN,
        "Excise Taxes": NaN,
        "Operating Revenue": NaN
    },
    "2024-06-30": {
        "Tax Effect Of Unusual Items": 0.0,
        "Tax Rate For Calcs": 0.0,
        "Normalized EBITDA": -2270000.0,
        "Total Unusual Items": 8179000.0,
        "Total Unusual Items Excluding Goodwill": 8179000.0,
        "Net Income From Continuing Operation Net Minority Interest": 2818000.0,
        "Reconciled Depreciation": 3039000.0,
        "Reconciled Cost Of Revenue": 24977000.0,
        "EBITDA": 5909000.0,
        "EBIT": 2870000.0,
        "Net Interest Income": -52000.0,
        "Interest Expense": 52000.0,
        "Normalized Income": -5361000.0,
        "Net Income From Continuing And Discontinued Operation": 2818000.0,
        "Total Expenses": 46108000.0,
        "Total Operating Income As Reported": -4627000.0,
        "Diluted Average Shares": 108384615.0,
        "Basic Average Shares": 104370370.0,
        "Diluted EPS": 0.026,
        "Basic EPS": 0.027,
        "Diluted NI Availto Com Stockholders": 2818000.0,
        "Net Income Common Stockholders": 2818000.0,
        "Net Income": 2818000.0,
        "Net Income Including Noncontrolling Interests": 2818000.0,
        "Net Income Continuous Operations": 2818000.0,
        "Tax Provision": 0.0,
        "Pretax Income": 2818000.0,
        "Other Income Expense": 7918000.0,
        "Other Non Operating Income Expenses": -139000.0,
        "Special Income Charges": 39000.0,
        "Gain On Sale Of Ppe": 707000.0,
        "Other Special Charges": 668000.0,
        "Impairment Of Capital Assets": 0.0,
        "Restructuring And Mergern Acquisition": 0.0,
        "Earnings From Equity Interest": -122000.0,
        "Gain On Sale Of Security": 8140000.0,
        "Net Non Operating Interest Income Expense": -52000.0,
        "Interest Expense Non Operating": 52000.0,
        "Operating Income": -5048000.0,
        "Operating Expense": 19056000.0,
        "Depreciation Amortization Depletion Income Statement": 964000.0,
        "Depreciation And Amortization In Income Statement": 964000.0,
        "Research And Development": 2460000.0,
        "Selling General And Administration": 15632000.0,
        "Selling And Marketing Expense": 5097000.0,
        "General And Administrative Expense": 10535000.0,
        "Other Gand A": 5019000.0,
        "Salaries And Wages": 5516000.0,
        "Gross Profit": 14008000.0,
        "Cost Of Revenue": 27052000.0,
        "Total Revenue": 41060000.0,
        "Excise Taxes": 22545000.0,
        "Operating Revenue": 63603000.0
    },
    "2024-09-30": {
        "Tax Effect Of Unusual Items": -30450.0,
        "Tax Rate For Calcs": 0.15,
        "Normalized EBITDA": 7477000.0,
        "Total Unusual Items": -203000.0,
        "Total Unusual Items Excluding Goodwill": -203000.0,
        "Net Income From Continuing Operation Net Minority Interest": -5433000.0,
        "Reconciled Depreciation": 3073000.0,
        "Reconciled Cost Of Revenue": 25371000.0,
        "EBITDA": 7274000.0,
        "EBIT": 4201000.0,
        "Net Interest Income": NaN,
        "Interest Expense": NaN,
        "Normalized Income": -5260450.0,
        "Net Income From Continuing And Discontinued Operation": -5433000.0,
        "Total Expenses": 44415000.0,
        "Total Operating Income As Reported": 283000.0,
        "Diluted Average Shares": NaN,
        "Basic Average Shares": NaN,
        "Diluted EPS": NaN,
        "Basic EPS": NaN,
        "Diluted NI Availto Com Stockholders": -5433000.0,
        "Net Income Common Stockholders": -5433000.0,
        "Net Income": -5433000.0,
        "Net Income Including Noncontrolling Interests": -5433000.0,
        "Net Income Continuous Operations": -5433000.0,
        "Tax Provision": 30000.0,
        "Pretax Income": -5403000.0,
        "Other Income Expense": -5851000.0,
        "Other Non Operating Income Expenses": -753000.0,
        "Special Income Charges": 644000.0,
        "Gain On Sale Of Ppe": -24000.0,
        "Other Special Charges": NaN,
        "Impairment Of Capital Assets": 0.0,
        "Restructuring And Mergern Acquisition": 0.0,
        "Earnings From Equity Interest": -4895000.0,
        "Gain On Sale Of Security": -847000.0,
        "Net Non Operating Interest Income Expense": NaN,
        "Interest Expense Non Operating": NaN,
        "Operating Income": 283000.0,
        "Operating Expense": 16933000.0,
        "Depreciation Amortization Depletion Income Statement": 962000.0,
        "Depreciation And Amortization In Income Statement": 962000.0,
        "Research And Development": 1667000.0,
        "Selling General And Administration": 14304000.0,
        "Selling And Marketing Expense": 4756000.0,
        "General And Administrative Expense": 9548000.0,
        "Other Gand A": 4818000.0,
        "Salaries And Wages": 4730000.0,
        "Gross Profit": 17216000.0,
        "Cost Of Revenue": 27482000.0,
        "Total Revenue": 44698000.0,
        "Excise Taxes": 25179000.0,
        "Operating Revenue": 69876000.0
    },
    "2024-12-31": {
        "Tax Effect Of Unusual Items": 0.0,
        "Tax Rate For Calcs": 0.0,
        "Normalized EBITDA": 14760000.0,
        "Total Unusual Items": -18174000.0,
        "Total Unusual Items Excluding Goodwill": -18174000.0,
        "Net Income From Continuing Operation Net Minority Interest": -22957000.0,
        "Reconciled Depreciation": 3387000.0,
        "Reconciled Cost Of Revenue": 26586000.0,
        "EBITDA": -3414000.0,
        "EBIT": -6801000.0,
        "Net Interest Income": NaN,
        "Interest Expense": NaN,
        "Normalized Income": -4783000.0,
        "Net Income From Continuing And Discontinued Operation": -22957000.0,
        "Total Expenses": 49531000.0,
        "Total Operating Income As Reported": -11305000.0,
        "Diluted Average Shares": 113648515.0,
        "Basic Average Shares": 113648515.0,
        "Diluted EPS": -0.202,
        "Basic EPS": -0.202,
        "Diluted NI Availto Com Stockholders": -22957000.0,
        "Net Income Common Stockholders": -22957000.0,
        "Net Income": -22957000.0,
        "Net Income Including Noncontrolling Interests": -22957000.0,
        "Net Income Continuous Operations": -22957000.0,
        "Tax Provision": 0.0,
        "Pretax Income": -22957000.0,
        "Other Income Expense": -16156000.0,
        "Other Non Operating Income Expenses": 2018000.0,
        "Special Income Charges": -4504000.0,
        "Gain On Sale Of Ppe": NaN,
        "Other Special Charges": NaN,
        "Impairment Of Capital Assets": NaN,
        "Restructuring And Mergern Acquisition": 4504000.0,
        "Earnings From Equity Interest": 0.0,
        "Gain On Sale Of Security": -13670000.0,
        "Net Non Operating Interest Income Expense": NaN,
        "Interest Expense Non Operating": NaN,
        "Operating Income": -6801000.0,
        "Operating Expense": 20615000.0,
        "Depreciation Amortization Depletion Income Statement": 1057000.0,
        "Depreciation And Amortization In Income Statement": 1057000.0,
        "Research And Development": 2369000.0,
        "Selling General And Administration": 17189000.0,
        "Selling And Marketing Expense": 5804000.0,
        "General And Administrative Expense": 11385000.0,
        "Other Gand A": 5188000.0,
        "Salaries And Wages": 6197000.0,
        "Gross Profit": 13814000.0,
        "Cost Of Revenue": 28916000.0,
        "Total Revenue": 42730000.0,
        "Excise Taxes": 24076000.0,
        "Operating Revenue": 66806000.0
    },
    "2025-03-31": {
        "Tax Effect Of Unusual Items": 7513350.0,
        "Tax Rate For Calcs": 0.15,
        "Normalized EBITDA": -52833000.0,
        "Total Unusual Items": 50089000.0,
        "Total Unusual Items Excluding Goodwill": 50089000.0,
        "Net Income From Continuing Operation Net Minority Interest": 42456000.0,
        "Reconciled Depreciation": 4839000.0,
        "Reconciled Cost Of Revenue": 44547000.0,
        "EBITDA": -2744000.0,
        "EBIT": -7583000.0,
        "Net Interest Income": NaN,
        "Interest Expense": NaN,
        "Normalized Income": -119650.0,
        "Net Income From Continuing And Discontinued Operation": 42456000.0,
        "Total Expenses": 73183000.0,
        "Total Operating Income As Reported": -7583000.0,
        "Diluted Average Shares": 133509434.0,
        "Basic Average Shares": 129045593.0,
        "Diluted EPS": 0.318,
        "Basic EPS": 0.329,
        "Diluted NI Availto Com Stockholders": 42456000.0,
        "Net Income Common Stockholders": 42456000.0,
        "Net Income": 42456000.0,
        "Net Income Including Noncontrolling Interests": 42456000.0,
        "Net Income Continuous Operations": 42456000.0,
        "Tax Provision": -106000.0,
        "Pretax Income": 42350000.0,
        "Other Income Expense": 49933000.0,
        "Other Non Operating Income Expenses": -156000.0,
        "Special Income Charges": 2925000.0,
        "Gain On Sale Of Ppe": 0.0,
        "Other Special Charges": NaN,
        "Impairment Of Capital Assets": NaN,
        "Restructuring And Mergern Acquisition": -2925000.0,
        "Earnings From Equity Interest": 0.0,
        "Gain On Sale Of Security": 47164000.0,
        "Net Non Operating Interest Income Expense": NaN,
        "Interest Expense Non Operating": NaN,
        "Operating Income": -7583000.0,
        "Operating Expense": 26001000.0,
        "Depreciation Amortization Depletion Income Statement": 2204000.0,
        "Depreciation And Amortization In Income Statement": 2204000.0,
        "Research And Development": 2662000.0,
        "Selling General And Administration": 21135000.0,
        "Selling And Marketing Expense": 7523000.0,
        "General And Administrative Expense": 13612000.0,
        "Other Gand A": 6485000.0,
        "Salaries And Wages": 7127000.0,
        "Gross Profit": 18418000.0,
        "Cost Of Revenue": 47182000.0,
        "Total Revenue": 65600000.0,
        "Excise Taxes": 37163000.0,
        "Operating Revenue": 102763000.0
    },
    "2025-06-30": {
        "Tax Effect Of Unusual Items": -1797750.0,
        "Tax Rate For Calcs": 0.15,
        "Normalized EBITDA": 14669000.0,
        "Total Unusual Items": -11985000.0,
        "Total Unusual Items Excluding Goodwill": -11985000.0,
        "Net Income From Continuing Operation Net Minority Interest": -6294000.0,
        "Reconciled Depreciation": 4789000.0,
        "Reconciled Cost Of Revenue": 42105000.0,
        "EBITDA": 2684000.0,
        "EBIT": -2105000.0,
        "Net Interest Income": NaN,
        "Interest Expense": NaN,
        "Normalized Income": 3893250.0,
        "Net Income From Continuing And Discontinued Operation": -6294000.0,
        "Total Expenses": 72897000.0,
        "Total Operating Income As Reported": -2105000.0,
        "Diluted Average Shares": 133914894.0,
        "Basic Average Shares": 133914894.0,
        "Diluted EPS": -0.047,
        "Basic EPS": -0.047,
        "Diluted NI Availto Com Stockholders": -6294000.0,
        "Net Income Common Stockholders": -6294000.0,
        "Net Income": -6294000.0,
        "Net Income Including Noncontrolling Interests": -6294000.0,
        "Net Income Continuous Operations": -6294000.0,
        "Tax Provision": -9903000.0,
        "Pretax Income": -16197000.0,
        "Other Income Expense": -14092000.0,
        "Other Non Operating Income Expenses": -2107000.0,
        "Special Income Charges": -1263000.0,
        "Gain On Sale Of Ppe": 0.0,
        "Other Special Charges": NaN,
        "Impairment Of Capital Assets": NaN,
        "Restructuring And Mergern Acquisition": 1263000.0,
        "Earnings From Equity Interest": 0.0,
        "Gain On Sale Of Security": -10722000.0,
        "Net Non Operating Interest Income Expense": NaN,
        "Interest Expense Non Operating": NaN,
        "Operating Income": -2105000.0,
        "Operating Expense": 28251000.0,
        "Depreciation Amortization Depletion Income Statement": 2248000.0,
        "Depreciation And Amortization In Income Statement": 2248000.0,
        "Research And Development": 2763000.0,
        "Selling General And Administration": 23240000.0,
        "Selling And Marketing Expense": 8824000.0,
        "General And Administrative Expense": 14416000.0,
        "Other Gand A": 8360000.0,
        "Salaries And Wages": 6056000.0,
        "Gross Profit": 26146000.0,
        "Cost Of Revenue": 44646000.0,
        "Total Revenue": 70792000.0,
        "Excise Taxes": 39413000.0,
        "Operating Revenue": 110121000.0
    }
}