{
    "2023-03-31": {
        "Tax Effect Of Unusual Items": -2078400.0,
        "Tax Rate For Calcs": 0.4,
        "Normalized EBITDA": 2054000.0,
        "Total Unusual Items": -5196000.0,
        "Total Unusual Items Excluding Goodwill": -5196000.0,
        "Net Income From Continuing Operation Net Minority Interest": -19897000.0,
        "Reconciled Depreciation": 5415000.0,
        "Reconciled Cost Of Revenue": 63313000.0,
        "EBIT": -8557000.0,
        "Net Interest Income": -11144000.0,
        "Interest Expense": 11164000.0,
        "Interest Income": 20000.0,
        "Normalized Income": -16779400.0,
        "Net Income From Continuing And Discontinued Operation": -20165000.0,
        "Total Expenses": 83463000.0,
        "Total Operating Income As Reported": -3277000.0,
        "Diluted Average Shares": 4327323.0,
        "Basic Average Shares": 4327323.0,
        "Diluted EPS": -4.66,
        "Basic EPS": -4.66,
        "Diluted NI Availto Com Stockholders": -20165000.0,
        "Net Income Common Stockholders": -20165000.0,
        "Net Income": -20165000.0,
        "Minority Interests": 360000.0,
        "Net Income Including Noncontrolling Interests": -20525000.0,
        "Net Income Discontinuous Operations": -268000.0,
        "Net Income Continuous Operations": -20257000.0,
        "Tax Provision": 536000.0,
        "Pretax Income": -19721000.0,
        "Other Income Expense": -5300000.0,
        "Other Non Operating Income Expenses": -104000.0,
        "Special Income Charges": -4651000.0,
        "Other Special Charges": 4651000.0,
        "Write Off": NaN,
        "Impairment Of Capital Assets": NaN,
        "Gain On Sale Of Security": -545000.0,
        "Net Non Operating Interest Income Expense": -11144000.0,
        "Interest Expense Non Operating": 11164000.0,
        "Interest Income Non Operating": 20000.0,
        "Operating Income": -3277000.0,
        "Operating Expense": 17394000.0,
        "Other Operating Expenses": -15000.0,
        "Provision For Doubtful Accounts": 490000.0,
        "Depreciation Amortization Depletion Income Statement": 2659000.0,
        "Depreciation And Amortization In Income Statement": 2659000.0,
        "Selling General And Administration": 14260000.0,
        "Gross Profit": 14117000.0,
        "Cost Of Revenue": 66069000.0,
        "Total Revenue": 80186000.0,
        "Operating Revenue": 80186000.0
    },
    "2022-12-31": {
        "Tax Effect Of Unusual Items": -7906000.0,
        "Tax Rate For Calcs": 0.4,
        "Normalized EBITDA": -32636000.0,
        "Total Unusual Items": -19765000.0,
        "Total Unusual Items Excluding Goodwill": -19765000.0,
        "Net Income From Continuing Operation Net Minority Interest": -65841000.0,
        "Reconciled Depreciation": 6940000.0,
        "Reconciled Cost Of Revenue": 76806000.0,
        "EBIT": -59341000.0,
        "Net Interest Income": -10227000.0,
        "Interest Expense": 10247000.0,
        "Interest Income": 20000.0,
        "Normalized Income": -53982000.0,
        "Net Income From Continuing And Discontinued Operation": -65697000.0,
        "Total Expenses": 98289000.0,
        "Total Operating Income As Reported": -49372000.0,
        "Diluted Average Shares": 3465625.0,
        "Basic Average Shares": 3465625.0,
        "Diluted EPS": -16.0,
        "Basic EPS": -16.0,
        "Diluted NI Availto Com Stockholders": -65697000.0,
        "Net Income Common Stockholders": -65697000.0,
        "Net Income": -65697000.0,
        "Minority Interests": 3763000.0,
        "Net Income Including Noncontrolling Interests": -69460000.0,
        "Net Income Discontinuous Operations": 144000.0,
        "Net Income Continuous Operations": -69604000.0,
        "Tax Provision": 16000.0,
        "Pretax Income": -69588000.0,
        "Other Income Expense": -19300000.0,
        "Other Non Operating Income Expenses": 465000.0,
        "Special Income Charges": -16913000.0,
        "Other Special Charges": 7602000.0,
        "Write Off": 0.0,
        "Impairment Of Capital Assets": 9311000.0,
        "Gain On Sale Of Security": -2852000.0,
        "Net Non Operating Interest Income Expense": -10227000.0,
        "Interest Expense Non Operating": 10247000.0,
        "Interest Income Non Operating": 20000.0,
        "Operating Income": -40061000.0,
        "Operating Expense": 18410000.0,
        "Other Operating Expenses": 412000.0,
        "Provision For Doubtful Accounts": 493000.0,
        "Depreciation Amortization Depletion Income Statement": 3867000.0,
        "Depreciation And Amortization In Income Statement": 3867000.0,
        "Selling General And Administration": 13638000.0,
        "Gross Profit": -21651000.0,
        "Cost Of Revenue": 79879000.0,
        "Total Revenue": 58228000.0,
        "Operating Revenue": 58228000.0
    },
    "2022-09-30": {
        "Tax Effect Of Unusual Items": -43084000.0,
        "Tax Rate For Calcs": 0.4,
        "Normalized EBITDA": -15022000.0,
        "Total Unusual Items": -107710000.0,
        "Total Unusual Items Excluding Goodwill": -107710000.0,
        "Net Income From Continuing Operation Net Minority Interest": -141400000.0,
        "Reconciled Depreciation": 8914000.0,
        "Reconciled Cost Of Revenue": 102222000.0,
        "EBIT": -131646000.0,
        "Net Interest Income": -9694000.0,
        "Interest Expense": 9714000.0,
        "Interest Income": 20000.0,
        "Normalized Income": -76774000.0,
        "Net Income From Continuing And Discontinued Operation": -142066000.0,
        "Total Expenses": 123790000.0,
        "Total Operating Income As Reported": -128710000.0,
        "Diluted Average Shares": 2890933.0,
        "Basic Average Shares": 2890933.0,
        "Diluted EPS": -49.2,
        "Basic EPS": -49.2,
        "Diluted NI Availto Com Stockholders": -142066000.0,
        "Net Income Common Stockholders": -142066000.0,
        "Net Income": -142066000.0,
        "Minority Interests": 167000.0,
        "Net Income Including Noncontrolling Interests": -142233000.0,
        "Net Income Discontinuous Operations": -666000.0,
        "Net Income Continuous Operations": -141567000.0,
        "Tax Provision": 207000.0,
        "Pretax Income": -141360000.0,
        "Other Income Expense": -107698000.0,
        "Other Non Operating Income Expenses": 12000.0,
        "Special Income Charges": -107058000.0,
        "Other Special Charges": 2316000.0,
        "Write Off": 4467000.0,
        "Impairment Of Capital Assets": 100275000.0,
        "Gain On Sale Of Security": -652000.0,
        "Net Non Operating Interest Income Expense": -9694000.0,
        "Interest Expense Non Operating": 9714000.0,
        "Interest Income Non Operating": 20000.0,
        "Operating Income": -23968000.0,
        "Operating Expense": 18119000.0,
        "Other Operating Expenses": -111000.0,
        "Provision For Doubtful Accounts": 19000.0,
        "Depreciation Amortization Depletion Income Statement": 5465000.0,
        "Depreciation And Amortization In Income Statement": 5465000.0,
        "Selling General And Administration": 12746000.0,
        "Gross Profit": -5849000.0,
        "Cost Of Revenue": 105671000.0,
        "Total Revenue": 99822000.0,
        "Operating Revenue": 99822000.0
    },
    "2022-06-30": {
        "Tax Effect Of Unusual Items": -4456400.0,
        "Tax Rate For Calcs": 0.4,
        "Normalized EBITDA": -3353000.0,
        "Total Unusual Items": -11141000.0,
        "Total Unusual Items Excluding Goodwill": -11141000.0,
        "Net Income From Continuing Operation Net Minority Interest": -29981000.0,
        "Reconciled Depreciation": 5405000.0,
        "Reconciled Cost Of Revenue": 84097000.0,
        "EBIT": -19899000.0,
        "Net Interest Income": -9813000.0,
        "Interest Expense": 9813000.0,
        "Interest Income": 19000.0,
        "Normalized Income": -23296400.0,
        "Net Income From Continuing And Discontinued Operation": -30823000.0,
        "Total Expenses": 101619000.0,
        "Total Operating Income As Reported": -7706000.0,
        "Diluted Average Shares": 2383888.0,
        "Basic Average Shares": 2383888.0,
        "Diluted EPS": -12.8,
        "Basic EPS": -12.8,
        "Diluted NI Availto Com Stockholders": -30823000.0,
        "Net Income Common Stockholders": -30823000.0,
        "Net Income": -30823000.0,
        "Minority Interests": 113000.0,
        "Net Income Including Noncontrolling Interests": -30936000.0,
        "Net Income Discontinuous Operations": -842000.0,
        "Net Income Continuous Operations": -30094000.0,
        "Tax Provision": 382000.0,
        "Pretax Income": -29712000.0,
        "Other Income Expense": -12193000.0,
        "Other Non Operating Income Expenses": -1052000.0,
        "Special Income Charges": -2213000.0,
        "Other Special Charges": 2213000.0,
        "Write Off": NaN,
        "Impairment Of Capital Assets": NaN,
        "Gain On Sale Of Security": -8928000.0,
        "Net Non Operating Interest Income Expense": -9813000.0,
        "Interest Expense Non Operating": 9813000.0,
        "Interest Income Non Operating": 19000.0,
        "Operating Income": -7706000.0,
        "Operating Expense": 17522000.0,
        "Other Operating Expenses": -800000.0,
        "Provision For Doubtful Accounts": NaN,
        "Depreciation Amortization Depletion Income Statement": 5405000.0,
        "Depreciation And Amortization In Income Statement": 5405000.0,
        "Selling General And Administration": 12917000.0,
        "Gross Profit": 9816000.0,
        "Cost Of Revenue": 84097000.0,
        "Total Revenue": 93913000.0,
        "Operating Revenue": 93913000.0
    },
    "2022-03-31": {
        "Diluted EPS": -18.09,
        "Total Revenue": 70,
        "Gross Profit": 12,
        "Operating Income": -2,
        "EBIT": 8,
        "Net Income": -38
    },
    "2021-12-31": {
        "Diluted EPS": -13.2,
        "Total Revenue": 41,
        "Gross Profit": 7,
        "Operating Income": -9,
        "EBIT": -1,
        "Net Income": -25
    },
    "2021-09-30": {
        "Diluted EPS": -6.4,
        "Total Revenue": 25,
        "Gross Profit": 2,
        "Operating Income": -11,
        "EBIT": -7,
        "Net Income": -10
    },
    "2021-06-30": {
        "Diluted EPS": -6.4,
        "Total Revenue": 12,
        "Gross Profit": -3,
        "Operating Income": -18,
        "EBIT": -15,
        "Net Income": -8
    },
    "2021-03-31": {
        "Diluted EPS": -16.0,
        "Total Revenue": 6,
        "Gross Profit": -3,
        "Operating Income": -16,
        "EBIT": -14,
        "Net Income": -18
    },
    "2020-12-31": {
        "Diluted EPS": -9.6,
        "Total Revenue": -6,
        "Gross Profit": -2,
        "Operating Income": -1,
        "EBIT": 0,
        "Net Income": -8
    },
    "2020-09-30": {
        "Diluted EPS": -4.4,
        "Total Revenue": 14,
        "Gross Profit": 2,
        "Operating Income": -6,
        "EBIT": -5,
        "Net Income": -3
    },
    "2020-06-30": {
        "Diluted EPS": -12.4,
        "Total Revenue": 8,
        "Gross Profit": 1,
        "Operating Income": -7,
        "EBIT": -6,
        "Net Income": -9
    },
    "2020-03-31": {
        "Diluted EPS": -10.4,
        "Total Revenue": 6,
        "Gross Profit": 1,
        "Operating Income": -7,
        "EBIT": -7,
        "Net Income": -7
    },
    "2019-12-31": {
        "Diluted EPS": 6.4,
        "Total Revenue": 6,
        "Gross Profit": 1,
        "Operating Income": -5,
        "EBIT": -4,
        "Net Income": 4
    },
    "2019-09-30": {
        "Diluted EPS": -0.4,
        "Total Revenue": 6,
        "Gross Profit": 1,
        "Operating Income": -4,
        "EBIT": -3,
        "Net Income": 0
    },
    "2019-06-30": {
        "Diluted EPS": -3.2,
        "Total Revenue": 6,
        "Gross Profit": 2,
        "Operating Income": -3,
        "EBIT": -3,
        "Net Income": -2
    },
    "2019-03-31": {
        "Diluted EPS": -4.4,
        "Total Revenue": 5,
        "Gross Profit": 1,
        "Operating Income": -4,
        "EBIT": -3,
        "Net Income": -3
    },
    "2018-12-31": {
        "Diluted EPS": -10.8,
        "Total Revenue": 7,
        "Gross Profit": 0,
        "Operating Income": -9,
        "EBIT": -4,
        "Net Income": -8
    },
    "2018-09-30": {
        "Diluted EPS": -2.0,
        "Total Revenue": 5,
        "Gross Profit": 1,
        "Operating Income": -3,
        "EBIT": -4,
        "Net Income": -2
    },
    "2018-06-30": {
        "Diluted EPS": -6.8,
        "Total Revenue": 23,
        "Gross Profit": 8,
        "Operating Income": -4,
        "EBIT": -2,
        "Net Income": -5
    },
    "2018-03-31": {
        "Diluted EPS": -4.4,
        "Total Revenue": 22,
        "Gross Profit": 7,
        "Operating Income": -4,
        "EBIT": -3,
        "Net Income": -3
    },
    "2017-12-31": {
        "Diluted EPS": -8.8,
        "Total Revenue": -43,
        "Gross Profit": -15,
        "Operating Income": -9,
        "EBIT": -5,
        "Net Income": -5
    },
    "2017-09-30": {
        "Diluted EPS": -3.6,
        "Total Revenue": 22,
        "Gross Profit": 7,
        "Operating Income": -2,
        "EBIT": -1,
        "Net Income": -2
    },
    "2017-06-30": {
        "Diluted EPS": -2.8,
        "Total Revenue": 23,
        "Gross Profit": 8,
        "Operating Income": -2,
        "EBIT": -1,
        "Net Income": -2
    },
    "2017-03-31": {
        "Diluted EPS": -7.2,
        "Total Revenue": 18,
        "Gross Profit": 6,
        "Operating Income": -4,
        "EBIT": -3,
        "Net Income": -4
    },
    "2016-12-31": {
        "Diluted EPS": -5.2,
        "Total Revenue": 19,
        "Gross Profit": 6,
        "Operating Income": -3,
        "EBIT": -2,
        "Net Income": -3
    },
    "2016-09-30": {
        "Diluted EPS": -0.8,
        "Total Revenue": 23,
        "Gross Profit": 9,
        "Operating Income": -1,
        "EBIT": 0,
        "Net Income": -1
    },
    "2016-06-30": {
        "Diluted EPS": -2.8,
        "Total Revenue": 23,
        "Gross Profit": 9,
        "Operating Income": -1,
        "EBIT": 0,
        "Net Income": -1
    },
    "2016-03-31": {
        "Diluted EPS": -5.2,
        "Total Revenue": 21,
        "Gross Profit": 8,
        "Operating Income": -2,
        "EBIT": -2,
        "Net Income": -3
    },
    "2015-12-31": {
        "Diluted EPS": -2.8,
        "Total Revenue": 22,
        "Gross Profit": 8,
        "Operating Income": -1,
        "EBIT": 0,
        "Net Income": -1
    },
    "2015-09-30": {
        "Diluted EPS": 0.0,
        "Total Revenue": 25,
        "Gross Profit": 9,
        "Operating Income": 0,
        "EBIT": 1,
        "Net Income": 0
    },
    "2015-06-30": {
        "Diluted EPS": -0.8,
        "Total Revenue": 23,
        "Gross Profit": 8,
        "Operating Income": -1,
        "EBIT": 0,
        "Net Income": -1
    },
    "2015-03-31": {
        "Diluted EPS": -8.0,
        "Total Revenue": 17,
        "Gross Profit": 6,
        "Operating Income": -4,
        "EBIT": -3,
        "Net Income": -4
    },
    "2014-12-31": {
        "Diluted EPS": -4.0,
        "Total Revenue": 19,
        "Gross Profit": 6,
        "Operating Income": -2,
        "EBIT": -1,
        "Net Income": -2
    },
    "2014-09-30": {
        "Diluted EPS": -0.8,
        "Total Revenue": 21,
        "Gross Profit": 8,
        "Operating Income": 0,
        "EBIT": 1,
        "Net Income": 0
    },
    "2014-06-30": {
        "Diluted EPS": 0.0,
        "Total Revenue": 19,
        "Gross Profit": 8,
        "Operating Income": 0,
        "EBIT": 1,
        "Net Income": 0
    },
    "2014-03-31": {
        "Diluted EPS": -0.8,
        "Total Revenue": 17,
        "Gross Profit": 7,
        "Operating Income": 0,
        "EBIT": 1,
        "Net Income": 0
    },
    "2013-12-31": {
        "Diluted EPS": -2.8,
        "Total Revenue": 15,
        "Gross Profit": 6,
        "Operating Income": -1,
        "EBIT": 0,
        "Net Income": -2
    },
    "2013-09-30": {
        "Diluted EPS": 1.6,
        "Total Revenue": 17,
        "Gross Profit": 7,
        "Operating Income": 0,
        "EBIT": 1,
        "Net Income": 1
    },
    "2013-06-30": {
        "Diluted EPS": 0.8,
        "Total Revenue": 18,
        "Gross Profit": 7,
        "Operating Income": 1,
        "EBIT": 2,
        "Net Income": 0
    },
    "2013-03-31": {
        "Diluted EPS": -1.6,
        "Total Revenue": 10,
        "Gross Profit": 4,
        "Operating Income": 0,
        "EBIT": 0,
        "Net Income": 0
    },
    "2012-12-31": {
        "Diluted EPS": -0.4,
        "Total Revenue": 12,
        "Gross Profit": 4,
        "Operating Income": 0,
        "EBIT": 0,
        "Net Income": 0
    },
    "2012-09-30": {
        "Diluted EPS": -1.6,
        "Total Revenue": 11,
        "Gross Profit": 4,
        "Operating Income": 0,
        "EBIT": 0,
        "Net Income": 0
    },
    "2012-06-30": {
        "Diluted EPS": -2.8,
        "Total Revenue": 10,
        "Gross Profit": 4,
        "Operating Income": -1,
        "EBIT": 0,
        "Net Income": -1
    },
    "2012-03-31": {
        "Diluted EPS": -5.2,
        "Total Revenue": 8,
        "Gross Profit": 3,
        "Operating Income": -1,
        "EBIT": -1,
        "Net Income": -1
    },
    "2011-12-31": {
        "Diluted EPS": -1.2,
        "Total Revenue": 9,
        "Gross Profit": 3,
        "Operating Income": 0,
        "EBIT": 0,
        "Net Income": 0
    },
    "2011-09-30": {
        "Diluted EPS": 2.4,
        "Total Revenue": 11,
        "Gross Profit": 4,
        "Operating Income": 0,
        "EBIT": 1,
        "Net Income": 0
    },
    "2011-06-30": {
        "Diluted EPS": -1.2,
        "Total Revenue": 10,
        "Gross Profit": 4,
        "Operating Income": 0,
        "EBIT": 0,
        "Net Income": 0
    },
    "2011-03-31": {
        "Diluted EPS": -0.4,
        "Total Revenue": 10,
        "Gross Profit": 4,
        "Operating Income": 0,
        "EBIT": 0,
        "Net Income": 0
    },
    "2010-12-31": {
        "Diluted EPS": -72.07,
        "Total Revenue": 12,
        "Gross Profit": 6,
        "Operating Income": -1,
        "EBIT": -1,
        "Net Income": -12
    },
    "2010-09-30": {
        "Diluted EPS": -0.35,
        "Total Revenue": 10,
        "Gross Profit": 4,
        "Operating Income": 1,
        "EBIT": 1,
        "Net Income": 0
    },
    "2010-06-30": {
        "Diluted EPS": -12.01,
        "Total Revenue": 10,
        "Gross Profit": 4,
        "Operating Income": 1,
        "EBIT": 1,
        "Net Income": -2
    },
    "2010-03-31": {
        "Diluted EPS": -12.01,
        "Total Revenue": 8,
        "Gross Profit": 3,
        "Operating Income": 0,
        "EBIT": 0,
        "Net Income": -1
    },
    "2009-12-31": {
        "Diluted EPS": -12.01,
        "Total Revenue": 9,
        "Gross Profit": 3,
        "Operating Income": 0,
        "EBIT": 0,
        "Net Income": -1
    },
    "2009-09-30": {
        "Diluted EPS": -12.01,
        "Total Revenue": 8,
        "Gross Profit": 3,
        "Operating Income": 0,
        "EBIT": 0,
        "Net Income": -1
    },
    "2009-06-30": {
        "Diluted EPS": 0.0,
        "Total Revenue": 6,
        "Gross Profit": 2,
        "Operating Income": 0,
        "EBIT": 0,
        "Net Income": 0
    },
    "2009-03-31": {
        "Diluted EPS": -12.01,
        "Total Revenue": 6,
        "Gross Profit": 2,
        "Operating Income": 0,
        "EBIT": 0,
        "Net Income": -1
    }
}