{
    "2023-06-30": {
        "Tax Effect Of Unusual Items": 0.0,
        "Tax Rate For Calcs": 0.21,
        "Normalized EBITDA": 74032000.0,
        "Net Income From Continuing Operation Net Minority Interest": 19002000.0,
        "Reconciled Depreciation": 26046000.0,
        "Reconciled Cost Of Revenue": 496830000.0,
        "EBITDA": 74032000.0,
        "EBIT": 47986000.0,
        "Net Interest Income": -5363000.0,
        "Interest Expense": 9517000.0,
        "Interest Income": 4154000.0,
        "Normalized Income": 19002000.0,
        "Net Income From Continuing And Discontinued Operation": 19002000.0,
        "Total Expenses": 548711000.0,
        "Total Operating Income As Reported": 49199000.0,
        "Diluted Average Shares": 102004000.0,
        "Basic Average Shares": 100779554.0,
        "Diluted EPS": 0.18855,
        "Basic EPS": 0.18855,
        "Diluted NI Availto Com Stockholders": 19002000.0,
        "Net Income Common Stockholders": 19002000.0,
        "Net Income": 19002000.0,
        "Net Income Including Noncontrolling Interests": 19002000.0,
        "Net Income Continuous Operations": 19002000.0,
        "Tax Provision": 19467000.0,
        "Pretax Income": 38469000.0,
        "Other Income Expense": -5367000.0,
        "Other Non Operating Income Expenses": -5846000.0,
        "Earnings From Equity Interest": 479000.0,
        "Net Non Operating Interest Income Expense": -5363000.0,
        "Interest Expense Non Operating": 9517000.0,
        "Interest Income Non Operating": 4154000.0,
        "Operating Income": 49199000.0,
        "Operating Expense": 51881000.0,
        "Selling General And Administration": 51881000.0,
        "Gross Profit": 101080000.0,
        "Cost Of Revenue": 496830000.0,
        "Total Revenue": 597910000.0,
        "Operating Revenue": 597910000.0
    },
    "2023-03-31": {
        "Tax Effect Of Unusual Items": 0.0,
        "Tax Rate For Calcs": 0.21,
        "Normalized EBITDA": 59754000.0,
        "Net Income From Continuing Operation Net Minority Interest": 4060000.0,
        "Reconciled Depreciation": 27821000.0,
        "Reconciled Cost Of Revenue": 459422000.0,
        "EBITDA": 59754000.0,
        "EBIT": 31933000.0,
        "Net Interest Income": -4817000.0,
        "Interest Expense": 9283000.0,
        "Interest Income": 4466000.0,
        "Normalized Income": 4060000.0,
        "Net Income From Continuing And Discontinued Operation": 4060000.0,
        "Total Expenses": 510237000.0,
        "Total Operating Income As Reported": 26750000.0,
        "Diluted Average Shares": 102029000.0,
        "Basic Average Shares": 100770034.0,
        "Diluted EPS": 0.04,
        "Basic EPS": 0.04029,
        "Diluted NI Availto Com Stockholders": 4060000.0,
        "Net Income Common Stockholders": 4060000.0,
        "Net Income": 4060000.0,
        "Net Income Including Noncontrolling Interests": 4060000.0,
        "Net Income Continuous Operations": 4060000.0,
        "Tax Provision": 18590000.0,
        "Pretax Income": 22650000.0,
        "Other Income Expense": 717000.0,
        "Other Non Operating Income Expenses": 78000.0,
        "Earnings From Equity Interest": 639000.0,
        "Net Non Operating Interest Income Expense": -4817000.0,
        "Interest Expense Non Operating": 9283000.0,
        "Interest Income Non Operating": 4466000.0,
        "Operating Income": 26750000.0,
        "Operating Expense": 50815000.0,
        "Selling General And Administration": 50815000.0,
        "Gross Profit": 77565000.0,
        "Cost Of Revenue": 459422000.0,
        "Total Revenue": 536987000.0,
        "Operating Revenue": 536987000.0
    },
    "2022-12-31": {
        "Tax Effect Of Unusual Items": 0.0,
        "Tax Rate For Calcs": 0.341233,
        "Normalized EBITDA": 72550000.0,
        "Net Income From Continuing Operation Net Minority Interest": 23128000.0,
        "Reconciled Depreciation": 27841000.0,
        "Reconciled Cost Of Revenue": 446121000.0,
        "EBITDA": 72550000.0,
        "EBIT": 44709000.0,
        "Net Interest Income": -6852000.0,
        "Interest Expense": 9601000.0,
        "Interest Income": 2749000.0,
        "Normalized Income": 23128000.0,
        "Net Income From Continuing And Discontinued Operation": 23128000.0,
        "Total Expenses": 494046000.0,
        "Total Operating Income As Reported": 42177000.0,
        "Diluted Average Shares": 101597000.0,
        "Basic Average Shares": 100259525.0,
        "Diluted EPS": 0.23,
        "Basic EPS": 0.230681,
        "Diluted NI Availto Com Stockholders": 23128000.0,
        "Net Income Common Stockholders": 23128000.0,
        "Net Income": 23128000.0,
        "Net Income Including Noncontrolling Interests": 23128000.0,
        "Net Income Continuous Operations": 23128000.0,
        "Tax Provision": 11980000.0,
        "Pretax Income": 35108000.0,
        "Other Income Expense": -217000.0,
        "Other Non Operating Income Expenses": -816000.0,
        "Earnings From Equity Interest": 599000.0,
        "Net Non Operating Interest Income Expense": -6852000.0,
        "Interest Expense Non Operating": 9601000.0,
        "Interest Income Non Operating": 2749000.0,
        "Operating Income": 42177000.0,
        "Operating Expense": 47925000.0,
        "Selling General And Administration": 47925000.0,
        "Gross Profit": 90102000.0,
        "Cost Of Revenue": 446121000.0,
        "Total Revenue": 536223000.0,
        "Operating Revenue": 536223000.0
    },
    "2022-09-30": {
        "Tax Effect Of Unusual Items": 0.0,
        "Tax Rate For Calcs": 0.21,
        "Normalized EBITDA": 47545000.0,
        "Net Income From Continuing Operation Net Minority Interest": 18303000.0,
        "Reconciled Depreciation": 30249000.0,
        "Reconciled Cost Of Revenue": 463917000.0,
        "EBITDA": 47545000.0,
        "EBIT": 47545000.0,
        "Net Interest Income": -8156000.0,
        "Interest Expense": 9552000.0,
        "Interest Income": 1396000.0,
        "Normalized Income": 18303000.0,
        "Net Income From Continuing And Discontinued Operation": 18303000.0,
        "Total Expenses": 512796000.0,
        "Total Operating Income As Reported": 46875000.0,
        "Diluted Average Shares": 101310000.0,
        "Basic Average Shares": 100259525.0,
        "Diluted EPS": 0.18,
        "Basic EPS": 0.182556,
        "Diluted NI Availto Com Stockholders": 18303000.0,
        "Net Income Common Stockholders": 18303000.0,
        "Net Income": 18303000.0,
        "Net Income Including Noncontrolling Interests": 18303000.0,
        "Net Income Continuous Operations": 18303000.0,
        "Tax Provision": 19690000.0,
        "Pretax Income": 37993000.0,
        "Other Income Expense": -726000.0,
        "Other Non Operating Income Expenses": -1222000.0,
        "Earnings From Equity Interest": 496000.0,
        "Net Non Operating Interest Income Expense": -8156000.0,
        "Interest Expense Non Operating": 9552000.0,
        "Interest Income Non Operating": 1396000.0,
        "Operating Income": 46875000.0,
        "Operating Expense": 48879000.0,
        "Selling General And Administration": 48879000.0,
        "Gross Profit": 95754000.0,
        "Cost Of Revenue": 463917000.0,
        "Total Revenue": 559671000.0,
        "Operating Revenue": 559671000.0
    },
    "2022-06-30": {
        "Tax Effect Of Unusual Items": 0.0,
        "Tax Rate For Calcs": 0.4,
        "Normalized EBITDA": 24518000.0,
        "Net Income From Continuing Operation Net Minority Interest": 3720000.0,
        "Reconciled Depreciation": 30860000.0,
        "Reconciled Cost Of Revenue": 447990000.0,
        "EBITDA": 24518000.0,
        "EBIT": 24518000.0,
        "Net Interest Income": -8852000.0,
        "Interest Expense": 9619000.0,
        "Interest Income": 767000.0,
        "Normalized Income": 3720000.0,
        "Net Income From Continuing And Discontinued Operation": 3720000.0,
        "Total Expenses": 501181000.0,
        "Total Operating Income As Reported": 22850000.0,
        "Diluted Average Shares": 101430000.0,
        "Basic Average Shares": 100256037.0,
        "Diluted EPS": 0.037105,
        "Basic EPS": 0.037105,
        "Diluted NI Availto Com Stockholders": 3720000.0,
        "Net Income Common Stockholders": 3720000.0,
        "Net Income": 3720000.0,
        "Net Income Including Noncontrolling Interests": 3720000.0,
        "Net Income Continuous Operations": 3720000.0,
        "Tax Provision": 11179000.0,
        "Pretax Income": 14899000.0,
        "Other Income Expense": 901000.0,
        "Other Non Operating Income Expenses": 583000.0,
        "Earnings From Equity Interest": 318000.0,
        "Net Non Operating Interest Income Expense": -8852000.0,
        "Interest Expense Non Operating": 9619000.0,
        "Interest Income Non Operating": 767000.0,
        "Operating Income": 22850000.0,
        "Operating Expense": 53191000.0,
        "Selling General And Administration": 53191000.0,
        "Gross Profit": 76041000.0,
        "Cost Of Revenue": 447990000.0,
        "Total Revenue": 524031000.0,
        "Operating Revenue": 524031000.0
    },
    "2022-03-31": {
        "Diluted EPS": -0.19,
        "Total Revenue": 446,
        "Gross Profit": 45,
        "Operating Income": -1,
        "EBIT": 31,
        "Net Income": -19
    },
    "2021-12-31": {
        "Diluted EPS": -0.39,
        "Total Revenue": 467,
        "Gross Profit": 79,
        "Operating Income": -13,
        "EBIT": 21,
        "Net Income": -39
    },
    "2021-09-30": {
        "Diluted EPS": -0.07,
        "Total Revenue": 467,
        "Gross Profit": 60,
        "Operating Income": 16,
        "EBIT": 50,
        "Net Income": -7
    },
    "2021-06-30": {
        "Diluted EPS": 0.06,
        "Total Revenue": 498,
        "Gross Profit": 68,
        "Operating Income": 23,
        "EBIT": 58,
        "Net Income": 6
    },
    "2021-03-31": {
        "Diluted EPS": -0.09,
        "Total Revenue": 438,
        "Gross Profit": 57,
        "Operating Income": 14,
        "EBIT": 50,
        "Net Income": -9
    },
    "2020-12-31": {
        "Diluted EPS": -0.25,
        "Total Revenue": 424,
        "Gross Profit": 45,
        "Operating Income": 0,
        "EBIT": 47,
        "Net Income": -25
    },
    "2020-09-30": {
        "Diluted EPS": -0.8,
        "Total Revenue": 440,
        "Gross Profit": 30,
        "Operating Income": -61,
        "EBIT": 27,
        "Net Income": -79
    },
    "2020-06-30": {
        "Diluted EPS": -0.25,
        "Total Revenue": 427,
        "Gross Profit": 43,
        "Operating Income": -5,
        "EBIT": 34,
        "Net Income": -25
    },
    "2020-03-31": {
        "Diluted EPS": -3.71,
        "Total Revenue": 537,
        "Gross Profit": 47,
        "Operating Income": -381,
        "EBIT": -25,
        "Net Income": -368
    },
    "2019-12-31": {
        "Diluted EPS": -2.65,
        "Total Revenue": 561,
        "Gross Profit": -20,
        "Operating Income": -254,
        "EBIT": -144,
        "Net Income": -263
    },
    "2019-09-30": {
        "Diluted EPS": -0.26,
        "Total Revenue": 498,
        "Gross Profit": 49,
        "Operating Income": -5,
        "EBIT": 45,
        "Net Income": -26
    },
    "2019-06-30": {
        "Diluted EPS": -0.36,
        "Total Revenue": 496,
        "Gross Profit": 42,
        "Operating Income": -10,
        "EBIT": 41,
        "Net Income": -35
    },
    "2019-03-31": {
        "Diluted EPS": -0.25,
        "Total Revenue": 494,
        "Gross Profit": 28,
        "Operating Income": -22,
        "EBIT": 31,
        "Net Income": -25
    },
    "2018-12-31": {
        "Diluted EPS": -0.65,
        "Total Revenue": 495,
        "Gross Profit": 33,
        "Operating Income": -97,
        "EBIT": 32,
        "Net Income": -64
    },
    "2018-09-30": {
        "Diluted EPS": -0.67,
        "Total Revenue": 519,
        "Gross Profit": 48,
        "Operating Income": -2,
        "EBIT": 49,
        "Net Income": -66
    },
    "2018-06-30": {
        "Diluted EPS": -0.34,
        "Total Revenue": 479,
        "Gross Profit": 30,
        "Operating Income": -20,
        "EBIT": 40,
        "Net Income": -33
    },
    "2018-03-31": {
        "Diluted EPS": -0.5,
        "Total Revenue": 416,
        "Gross Profit": 19,
        "Operating Income": -27,
        "EBIT": 27,
        "Net Income": -49
    },
    "2017-12-31": {
        "Diluted EPS": 1.76,
        "Total Revenue": 484,
        "Gross Profit": 41,
        "Operating Income": -9,
        "EBIT": 44,
        "Net Income": 174
    },
    "2017-09-30": {
        "Diluted EPS": -0.02,
        "Total Revenue": 476,
        "Gross Profit": 55,
        "Operating Income": 11,
        "EBIT": 64,
        "Net Income": -2
    },
    "2017-06-30": {
        "Diluted EPS": 0.02,
        "Total Revenue": 515,
        "Gross Profit": 54,
        "Operating Income": 9,
        "EBIT": 63,
        "Net Income": 2
    },
    "2017-03-31": {
        "Diluted EPS": -0.08,
        "Total Revenue": 446,
        "Gross Profit": 45,
        "Operating Income": 0,
        "EBIT": 54,
        "Net Income": -8
    },
    "2016-12-31": {
        "Diluted EPS": -0.12,
        "Total Revenue": 488,
        "Gross Profit": 51,
        "Operating Income": -4,
        "EBIT": 52,
        "Net Income": -11
    },
    "2016-09-30": {
        "Diluted EPS": -0.12,
        "Total Revenue": 549,
        "Gross Profit": 35,
        "Operating Income": -12,
        "EBIT": 62,
        "Net Income": -12
    },
    "2016-06-30": {
        "Diluted EPS": 0.23,
        "Total Revenue": 626,
        "Gross Profit": 95,
        "Operating Income": 38,
        "EBIT": 98,
        "Net Income": 22
    },
    "2016-03-31": {
        "Diluted EPS": 0.26,
        "Total Revenue": 608,
        "Gross Profit": 97,
        "Operating Income": 48,
        "EBIT": 108,
        "Net Income": 25
    },
    "2015-12-31": {
        "Diluted EPS": 0.28,
        "Total Revenue": 722,
        "Gross Profit": 106,
        "Operating Income": 46,
        "EBIT": 103,
        "Net Income": 28
    },
    "2015-09-30": {
        "Diluted EPS": 0.7,
        "Total Revenue": 744,
        "Gross Profit": 168,
        "Operating Income": 113,
        "EBIT": 175,
        "Net Income": 69
    },
    "2015-06-30": {
        "Diluted EPS": 0.66,
        "Total Revenue": 810,
        "Gross Profit": 168,
        "Operating Income": 108,
        "EBIT": 171,
        "Net Income": 65
    },
    "2015-03-31": {
        "Diluted EPS": 0.7,
        "Total Revenue": 787,
        "Gross Profit": 163,
        "Operating Income": 107,
        "EBIT": 165,
        "Net Income": 69
    },
    "2014-12-31": {
        "Diluted EPS": 0.98,
        "Total Revenue": 919,
        "Gross Profit": 210,
        "Operating Income": 152,
        "EBIT": 213,
        "Net Income": 102
    },
    "2014-09-30": {
        "Diluted EPS": 1.16,
        "Total Revenue": 973,
        "Gross Profit": 242,
        "Operating Income": 182,
        "EBIT": 242,
        "Net Income": 124
    },
    "2014-06-30": {
        "Diluted EPS": 1.02,
        "Total Revenue": 927,
        "Gross Profit": 218,
        "Operating Income": 161,
        "EBIT": 217,
        "Net Income": 110
    },
    "2014-03-31": {
        "Diluted EPS": 0.84,
        "Total Revenue": 840,
        "Gross Profit": 189,
        "Operating Income": 133,
        "EBIT": 186,
        "Net Income": 91
    },
    "2013-12-31": {
        "Diluted EPS": 0.86,
        "Total Revenue": 895,
        "Gross Profit": 198,
        "Operating Income": 137,
        "EBIT": 188,
        "Net Income": 93
    },
    "2013-09-30": {
        "Diluted EPS": 0.96,
        "Total Revenue": 853,
        "Gross Profit": 205,
        "Operating Income": 154,
        "EBIT": 205,
        "Net Income": 104
    },
    "2013-06-30": {
        "Diluted EPS": 0.91,
        "Total Revenue": 820,
        "Gross Profit": 202,
        "Operating Income": 146,
        "EBIT": 197,
        "Net Income": 99
    },
    "2013-03-31": {
        "Diluted EPS": 0.69,
        "Total Revenue": 719,
        "Gross Profit": 160,
        "Operating Income": 108,
        "EBIT": 158,
        "Net Income": 75
    },
    "2012-12-31": {
        "Diluted EPS": 0.74,
        "Total Revenue": 781,
        "Gross Profit": 173,
        "Operating Income": 119,
        "EBIT": 168,
        "Net Income": 81
    },
    "2012-09-30": {
        "Diluted EPS": 0.78,
        "Total Revenue": 734,
        "Gross Profit": 171,
        "Operating Income": 124,
        "EBIT": 169,
        "Net Income": 84
    },
    "2012-06-30": {
        "Diluted EPS": 0.67,
        "Total Revenue": 673,
        "Gross Profit": 161,
        "Operating Income": 110,
        "EBIT": 152,
        "Net Income": 73
    },
    "2012-03-31": {
        "Diluted EPS": 0.47,
        "Total Revenue": 595,
        "Gross Profit": 123,
        "Operating Income": 76,
        "EBIT": 117,
        "Net Income": 51
    },
    "2011-12-31": {
        "Diluted EPS": 0.53,
        "Total Revenue": 574,
        "Gross Profit": 131,
        "Operating Income": 82,
        "EBIT": 121,
        "Net Income": 58
    },
    "2011-09-30": {
        "Diluted EPS": 0.72,
        "Total Revenue": 602,
        "Gross Profit": 153,
        "Operating Income": 110,
        "EBIT": 149,
        "Net Income": 79
    },
    "2011-06-30": {
        "Diluted EPS": 0.52,
        "Total Revenue": 546,
        "Gross Profit": 126,
        "Operating Income": 82,
        "EBIT": 119,
        "Net Income": 57
    },
    "2011-03-31": {
        "Diluted EPS": 0.39,
        "Total Revenue": 470,
        "Gross Profit": 99,
        "Operating Income": 61,
        "EBIT": 97,
        "Net Income": 42
    },
    "2010-12-31": {
        "Diluted EPS": 0.44,
        "Total Revenue": 501,
        "Gross Profit": 117,
        "Operating Income": 74,
        "EBIT": 113,
        "Net Income": 48
    },
    "2010-09-30": {
        "Diluted EPS": 0.54,
        "Total Revenue": 516,
        "Gross Profit": 126,
        "Operating Income": 88,
        "EBIT": 129,
        "Net Income": 59
    },
    "2010-06-30": {
        "Diluted EPS": 0.49,
        "Total Revenue": 464,
        "Gross Profit": 124,
        "Operating Income": 85,
        "EBIT": 119,
        "Net Income": 54
    },
    "2010-03-31": {
        "Diluted EPS": 0.36,
        "Total Revenue": 435,
        "Gross Profit": 100,
        "Operating Income": 62,
        "EBIT": 101,
        "Net Income": 39
    },
    "2009-12-31": {
        "Diluted EPS": 0.42,
        "Total Revenue": 452,
        "Gross Profit": 108,
        "Operating Income": 72,
        "EBIT": 106,
        "Net Income": 46
    },
    "2009-09-30": {
        "Diluted EPS": 0.45,
        "Total Revenue": 484,
        "Gross Profit": 114,
        "Operating Income": 76,
        "EBIT": 108,
        "Net Income": 49
    },
    "2009-06-30": {
        "Diluted EPS": 0.44,
        "Total Revenue": 451,
        "Gross Profit": 110,
        "Operating Income": 74,
        "EBIT": 104,
        "Net Income": 48
    },
    "2009-03-31": {
        "Diluted EPS": 0.4,
        "Total Revenue": 435,
        "Gross Profit": 106,
        "Operating Income": 69,
        "EBIT": 97,
        "Net Income": 44
    },
    "2023-09-30": {
        "Tax Effect Of Unusual Items": NaN,
        "Tax Rate For Calcs": NaN,
        "Normalized EBITDA": NaN,
        "Net Income From Continuing Operation Net Minority Interest": NaN,
        "Reconciled Depreciation": NaN,
        "Reconciled Cost Of Revenue": NaN,
        "EBITDA": NaN,
        "EBIT": NaN,
        "Net Interest Income": NaN,
        "Interest Expense": NaN,
        "Interest Income": NaN,
        "Normalized Income": NaN,
        "Net Income From Continuing And Discontinued Operation": NaN,
        "Total Expenses": NaN,
        "Total Operating Income As Reported": NaN,
        "Diluted Average Shares": 102206000.0,
        "Basic Average Shares": 100786066.0,
        "Diluted EPS": 0.29,
        "Basic EPS": 0.295795,
        "Diluted NI Availto Com Stockholders": NaN,
        "Net Income Common Stockholders": NaN,
        "Net Income": NaN,
        "Net Income Including Noncontrolling Interests": NaN,
        "Net Income Continuous Operations": NaN,
        "Tax Provision": NaN,
        "Pretax Income": NaN,
        "Other Income Expense": NaN,
        "Other Non Operating Income Expenses": NaN,
        "Earnings From Equity Interest": NaN,
        "Net Non Operating Interest Income Expense": NaN,
        "Interest Expense Non Operating": NaN,
        "Interest Income Non Operating": NaN,
        "Operating Income": NaN,
        "Operating Expense": NaN,
        "Selling General And Administration": NaN,
        "Gross Profit": NaN,
        "Cost Of Revenue": NaN,
        "Total Revenue": NaN,
        "Operating Revenue": NaN
    },
    "2023-12-31": {
        "Tax Effect Of Unusual Items": 0.0,
        "Tax Rate For Calcs": 0.044832,
        "Normalized EBITDA": 80037000.0,
        "Net Income From Continuing Operation Net Minority Interest": 44529000.0,
        "Reconciled Depreciation": 25497000.0,
        "Reconciled Cost Of Revenue": 549000000.0,
        "EBITDA": 80037000.0,
        "EBIT": 54540000.0,
        "Net Interest Income": -4840000.0,
        "Interest Expense": 7921000.0,
        "Interest Income": 3081000.0,
        "Normalized Income": 44529000.0,
        "Net Income From Continuing And Discontinued Operation": 44529000.0,
        "Total Expenses": 607179000.0,
        "Total Operating Income As Reported": 47450000.0,
        "Diluted Average Shares": 102366000.0,
        "Basic Average Shares": 100803888.0,
        "Diluted EPS": 0.43,
        "Basic EPS": 0.441739,
        "Diluted NI Availto Com Stockholders": 44529000.0,
        "Net Income Common Stockholders": 44529000.0,
        "Net Income": 44529000.0,
        "Net Income Including Noncontrolling Interests": 44529000.0,
        "Net Income Continuous Operations": 44529000.0,
        "Tax Provision": 2090000.0,
        "Pretax Income": 46619000.0,
        "Other Income Expense": 4009000.0,
        "Other Non Operating Income Expenses": 3564000.0,
        "Earnings From Equity Interest": 445000.0,
        "Net Non Operating Interest Income Expense": -4840000.0,
        "Interest Expense Non Operating": 7921000.0,
        "Interest Income Non Operating": 3081000.0,
        "Operating Income": 47450000.0,
        "Operating Expense": 58179000.0,
        "Selling General And Administration": 58179000.0,
        "Gross Profit": 105629000.0,
        "Cost Of Revenue": 549000000.0,
        "Total Revenue": 654629000.0,
        "Operating Revenue": 654629000.0
    },
    "2024-03-31": {
        "Tax Effect Of Unusual Items": 0.0,
        "Tax Rate For Calcs": 0.21,
        "Normalized EBITDA": 68440000.0,
        "Net Income From Continuing Operation Net Minority Interest": 15135000.0,
        "Reconciled Depreciation": 27058000.0,
        "Reconciled Cost Of Revenue": 506708000.0,
        "EBITDA": 68440000.0,
        "EBIT": 41382000.0,
        "Net Interest Income": -6164000.0,
        "Interest Expense": 9204000.0,
        "Interest Income": 3040000.0,
        "Normalized Income": 15135000.0,
        "Net Income From Continuing And Discontinued Operation": 15135000.0,
        "Total Expenses": 562399000.0,
        "Total Operating Income As Reported": 36693000.0,
        "Diluted Average Shares": 102250000.0,
        "Basic Average Shares": 101387004.0,
        "Diluted EPS": 0.149279,
        "Basic EPS": 0.149279,
        "Diluted NI Availto Com Stockholders": 15135000.0,
        "Net Income Common Stockholders": 15135000.0,
        "Net Income": 15135000.0,
        "Net Income Including Noncontrolling Interests": 15135000.0,
        "Net Income Continuous Operations": 15135000.0,
        "Tax Provision": 17043000.0,
        "Pretax Income": 32178000.0,
        "Other Income Expense": 1649000.0,
        "Other Non Operating Income Expenses": 1480000.0,
        "Earnings From Equity Interest": 169000.0,
        "Net Non Operating Interest Income Expense": -6164000.0,
        "Interest Expense Non Operating": 9204000.0,
        "Interest Income Non Operating": 3040000.0,
        "Operating Income": 36693000.0,
        "Operating Expense": 55691000.0,
        "Selling General And Administration": 55691000.0,
        "Gross Profit": 92384000.0,
        "Cost Of Revenue": 506708000.0,
        "Total Revenue": 599092000.0,
        "Operating Revenue": 599092000.0
    },
    "2024-06-30": {
        "Tax Effect Of Unusual Items": 0.0,
        "Tax Rate For Calcs": 0.367189,
        "Normalized EBITDA": 90800000.0,
        "Net Income From Continuing Operation Net Minority Interest": 34997000.0,
        "Reconciled Depreciation": 25980000.0,
        "Reconciled Cost Of Revenue": 548597000.0,
        "EBITDA": 90800000.0,
        "EBIT": 64820000.0,
        "Net Interest Income": -7114000.0,
        "Interest Expense": 9516000.0,
        "Interest Income": 2402000.0,
        "Normalized Income": 34997000.0,
        "Net Income From Continuing And Discontinued Operation": 34997000.0,
        "Total Expenses": 608444000.0,
        "Total Operating Income As Reported": 60364000.0,
        "Diluted Average Shares": 102472000.0,
        "Basic Average Shares": 101481447.0,
        "Diluted EPS": 0.34,
        "Basic EPS": 0.344861,
        "Diluted NI Availto Com Stockholders": 34997000.0,
        "Net Income Common Stockholders": 34997000.0,
        "Net Income": 34997000.0,
        "Net Income Including Noncontrolling Interests": 34997000.0,
        "Net Income Continuous Operations": 34997000.0,
        "Tax Provision": 20307000.0,
        "Pretax Income": 55304000.0,
        "Other Income Expense": 2054000.0,
        "Other Non Operating Income Expenses": 1759000.0,
        "Earnings From Equity Interest": 295000.0,
        "Net Non Operating Interest Income Expense": -7114000.0,
        "Interest Expense Non Operating": 9516000.0,
        "Interest Income Non Operating": 2402000.0,
        "Operating Income": 60364000.0,
        "Operating Expense": 59847000.0,
        "Selling General And Administration": 59847000.0,
        "Gross Profit": 120211000.0,
        "Cost Of Revenue": 548597000.0,
        "Total Revenue": 668808000.0,
        "Operating Revenue": 668808000.0
    },
    "2024-09-30": {
        "Tax Effect Of Unusual Items": 0.0,
        "Tax Rate For Calcs": 0.398948,
        "Normalized EBITDA": 103327000.0,
        "Net Income From Continuing Operation Net Minority Interest": 41237000.0,
        "Reconciled Depreciation": 25263000.0,
        "Reconciled Cost Of Revenue": 548849000.0,
        "EBITDA": 103327000.0,
        "EBIT": 78064000.0,
        "Net Interest Income": -6181000.0,
        "Interest Expense": 9456000.0,
        "Interest Income": 3275000.0,
        "Normalized Income": 41237000.0,
        "Net Income From Continuing And Discontinued Operation": 41237000.0,
        "Total Expenses": 608478000.0,
        "Total Operating Income As Reported": 71333000.0,
        "Diluted Average Shares": 102613000.0,
        "Basic Average Shares": 101059995.0,
        "Diluted EPS": 0.4,
        "Basic EPS": 0.408045,
        "Diluted NI Availto Com Stockholders": 41237000.0,
        "Net Income Common Stockholders": 41237000.0,
        "Net Income": 41237000.0,
        "Net Income Including Noncontrolling Interests": 41237000.0,
        "Net Income Continuous Operations": 41237000.0,
        "Tax Provision": 27371000.0,
        "Pretax Income": 68608000.0,
        "Other Income Expense": 3456000.0,
        "Other Non Operating Income Expenses": 3133000.0,
        "Earnings From Equity Interest": 323000.0,
        "Net Non Operating Interest Income Expense": -6181000.0,
        "Interest Expense Non Operating": 9456000.0,
        "Interest Income Non Operating": 3275000.0,
        "Operating Income": 71333000.0,
        "Operating Expense": 59629000.0,
        "Selling General And Administration": 59629000.0,
        "Gross Profit": 130962000.0,
        "Cost Of Revenue": 548849000.0,
        "Total Revenue": 679811000.0,
        "Operating Revenue": 679811000.0
    },
    "2024-12-31": {
        "Tax Effect Of Unusual Items": 0.0,
        "Tax Rate For Calcs": 0.184916,
        "Normalized EBITDA": 103709000.0,
        "Net Income From Continuing Operation Net Minority Interest": 56099000.0,
        "Reconciled Depreciation": 25142000.0,
        "Reconciled Cost Of Revenue": 571513000.0,
        "EBITDA": 103709000.0,
        "EBIT": 78567000.0,
        "Net Interest Income": -6334000.0,
        "Interest Expense": 9741000.0,
        "Interest Income": 3407000.0,
        "Normalized Income": 56099000.0,
        "Net Income From Continuing And Discontinued Operation": 56099000.0,
        "Total Expenses": 635570000.0,
        "Total Operating Income As Reported": 77880000.0,
        "Diluted Average Shares": 102140000.0,
        "Basic Average Shares": 100660997.0,
        "Diluted EPS": 0.55,
        "Basic EPS": 0.557306,
        "Diluted NI Availto Com Stockholders": 56099000.0,
        "Net Income Common Stockholders": 56099000.0,
        "Net Income": 56099000.0,
        "Net Income Including Noncontrolling Interests": 56099000.0,
        "Net Income Continuous Operations": 56099000.0,
        "Tax Provision": 12727000.0,
        "Pretax Income": 68826000.0,
        "Other Income Expense": -2720000.0,
        "Other Non Operating Income Expenses": -2862000.0,
        "Earnings From Equity Interest": 142000.0,
        "Net Non Operating Interest Income Expense": -6334000.0,
        "Interest Expense Non Operating": 9741000.0,
        "Interest Income Non Operating": 3407000.0,
        "Operating Income": 77880000.0,
        "Operating Expense": 64057000.0,
        "Selling General And Administration": 64057000.0,
        "Gross Profit": 141937000.0,
        "Cost Of Revenue": 571513000.0,
        "Total Revenue": 713450000.0,
        "Operating Revenue": 713450000.0
    },
    "2025-03-31": {
        "Tax Effect Of Unusual Items": 0.0,
        "Tax Rate For Calcs": 0.273876,
        "Normalized EBITDA": 102901000.0,
        "Net Income From Continuing Operation Net Minority Interest": 50377000.0,
        "Reconciled Depreciation": 24448000.0,
        "Reconciled Cost Of Revenue": 539512000.0,
        "EBITDA": 102901000.0,
        "EBIT": 78453000.0,
        "Net Interest Income": -5431000.0,
        "Interest Expense": 9075000.0,
        "Interest Income": 3644000.0,
        "Normalized Income": 50377000.0,
        "Net Income From Continuing And Discontinued Operation": 50377000.0,
        "Total Expenses": 601051000.0,
        "Total Operating Income As Reported": 73472000.0,
        "Diluted Average Shares": 101903000.0,
        "Basic Average Shares": 100592319.0,
        "Diluted EPS": 0.49,
        "Basic EPS": 0.500804,
        "Diluted NI Availto Com Stockholders": 50377000.0,
        "Net Income Common Stockholders": 50377000.0,
        "Net Income": 50377000.0,
        "Net Income Including Noncontrolling Interests": 50377000.0,
        "Net Income Continuous Operations": 50377000.0,
        "Tax Provision": 19001000.0,
        "Pretax Income": 69378000.0,
        "Other Income Expense": 1337000.0,
        "Other Non Operating Income Expenses": 975000.0,
        "Earnings From Equity Interest": 362000.0,
        "Net Non Operating Interest Income Expense": -5431000.0,
        "Interest Expense Non Operating": 9075000.0,
        "Interest Income Non Operating": 3644000.0,
        "Operating Income": 73472000.0,
        "Operating Expense": 61539000.0,
        "Selling General And Administration": 61539000.0,
        "Gross Profit": 135011000.0,
        "Cost Of Revenue": 539512000.0,
        "Total Revenue": 674523000.0,
        "Operating Revenue": 674523000.0
    },
    "2025-06-30": {
        "Tax Effect Of Unusual Items": 0.0,
        "Tax Rate For Calcs": 0.305728,
        "Normalized EBITDA": 113288000.0,
        "Net Income From Continuing Operation Net Minority Interest": 54442000.0,
        "Reconciled Depreciation": 25400000.0,
        "Reconciled Cost Of Revenue": 549734000.0,
        "EBITDA": 113288000.0,
        "EBIT": 87888000.0,
        "Net Interest Income": -6455000.0,
        "Interest Expense": 9472000.0,
        "Interest Income": 3017000.0,
        "Normalized Income": 54442000.0,
        "Net Income From Continuing And Discontinued Operation": 54442000.0,
        "Total Expenses": 618972000.0,
        "Total Operating Income As Reported": 79189000.0,
        "Diluted Average Shares": 101372000.0,
        "Basic Average Shares": 100205500.0,
        "Diluted EPS": 0.54,
        "Basic EPS": 0.543304,
        "Diluted NI Availto Com Stockholders": 54442000.0,
        "Net Income Common Stockholders": 54442000.0,
        "Net Income": 54442000.0,
        "Net Income Including Noncontrolling Interests": 54442000.0,
        "Net Income Continuous Operations": 54442000.0,
        "Tax Provision": 23974000.0,
        "Pretax Income": 78416000.0,
        "Other Income Expense": 5682000.0,
        "Other Non Operating Income Expenses": 5371000.0,
        "Earnings From Equity Interest": 311000.0,
        "Net Non Operating Interest Income Expense": -6455000.0,
        "Interest Expense Non Operating": 9472000.0,
        "Interest Income Non Operating": 3017000.0,
        "Operating Income": 79189000.0,
        "Operating Expense": 69238000.0,
        "Selling General And Administration": 69238000.0,
        "Gross Profit": 148427000.0,
        "Cost Of Revenue": 549734000.0,
        "Total Revenue": 698161000.0,
        "Operating Revenue": 698161000.0
    }
}