{
    "2023-06-30": {
        "Tax Effect Of Unusual Items": NaN,
        "Tax Rate For Calcs": NaN,
        "Normalized EBITDA": NaN,
        "Total Unusual Items": 0.0,
        "Total Unusual Items Excluding Goodwill": 0.0,
        "Net Income From Continuing Operation Net Minority Interest": NaN,
        "Reconciled Depreciation": NaN,
        "Reconciled Cost Of Revenue": NaN,
        "EBITDA": NaN,
        "EBIT": NaN,
        "Net Interest Income": NaN,
        "Interest Expense": NaN,
        "Normalized Income": NaN,
        "Net Income From Continuing And Discontinued Operation": NaN,
        "Total Expenses": NaN,
        "Total Operating Income As Reported": NaN,
        "Diluted Average Shares": NaN,
        "Basic Average Shares": NaN,
        "Diluted EPS": NaN,
        "Basic EPS": NaN,
        "Diluted NI Availto Com Stockholders": NaN,
        "Average Dilution Earnings": 0.0,
        "Net Income Common Stockholders": NaN,
        "Otherunder Preferred Stock Dividend": NaN,
        "Net Income": NaN,
        "Net Income Including Noncontrolling Interests": NaN,
        "Net Income Continuous Operations": NaN,
        "Tax Provision": NaN,
        "Pretax Income": NaN,
        "Other Income Expense": NaN,
        "Other Non Operating Income Expenses": NaN,
        "Special Income Charges": 0.0,
        "Impairment Of Capital Assets": 0.0,
        "Net Non Operating Interest Income Expense": NaN,
        "Interest Expense Non Operating": NaN,
        "Operating Income": NaN,
        "Operating Expense": NaN,
        "Other Operating Expenses": NaN,
        "Selling General And Administration": NaN,
        "Gross Profit": NaN,
        "Cost Of Revenue": NaN,
        "Total Revenue": NaN,
        "Operating Revenue": NaN
    },
    "2023-03-31": {
        "Tax Effect Of Unusual Items": NaN,
        "Tax Rate For Calcs": NaN,
        "Normalized EBITDA": NaN,
        "Total Unusual Items": 0.0,
        "Total Unusual Items Excluding Goodwill": 0.0,
        "Net Income From Continuing Operation Net Minority Interest": NaN,
        "Reconciled Depreciation": NaN,
        "Reconciled Cost Of Revenue": NaN,
        "EBITDA": NaN,
        "EBIT": NaN,
        "Net Interest Income": NaN,
        "Interest Expense": NaN,
        "Normalized Income": NaN,
        "Net Income From Continuing And Discontinued Operation": NaN,
        "Total Expenses": NaN,
        "Total Operating Income As Reported": NaN,
        "Diluted Average Shares": NaN,
        "Basic Average Shares": NaN,
        "Diluted EPS": NaN,
        "Basic EPS": NaN,
        "Diluted NI Availto Com Stockholders": NaN,
        "Average Dilution Earnings": NaN,
        "Net Income Common Stockholders": NaN,
        "Otherunder Preferred Stock Dividend": NaN,
        "Net Income": NaN,
        "Net Income Including Noncontrolling Interests": NaN,
        "Net Income Continuous Operations": NaN,
        "Tax Provision": NaN,
        "Pretax Income": NaN,
        "Other Income Expense": NaN,
        "Other Non Operating Income Expenses": NaN,
        "Special Income Charges": 0.0,
        "Impairment Of Capital Assets": 0.0,
        "Net Non Operating Interest Income Expense": NaN,
        "Interest Expense Non Operating": NaN,
        "Operating Income": NaN,
        "Operating Expense": NaN,
        "Other Operating Expenses": NaN,
        "Selling General And Administration": NaN,
        "Gross Profit": NaN,
        "Cost Of Revenue": NaN,
        "Total Revenue": NaN,
        "Operating Revenue": NaN
    },
    "2022-12-31": {
        "Tax Effect Of Unusual Items": NaN,
        "Tax Rate For Calcs": NaN,
        "Normalized EBITDA": NaN,
        "Total Unusual Items": 0.0,
        "Total Unusual Items Excluding Goodwill": 0.0,
        "Net Income From Continuing Operation Net Minority Interest": NaN,
        "Reconciled Depreciation": NaN,
        "Reconciled Cost Of Revenue": NaN,
        "EBITDA": NaN,
        "EBIT": NaN,
        "Net Interest Income": NaN,
        "Interest Expense": NaN,
        "Normalized Income": NaN,
        "Net Income From Continuing And Discontinued Operation": NaN,
        "Total Expenses": NaN,
        "Total Operating Income As Reported": NaN,
        "Diluted Average Shares": NaN,
        "Basic Average Shares": NaN,
        "Diluted EPS": NaN,
        "Basic EPS": NaN,
        "Diluted NI Availto Com Stockholders": NaN,
        "Average Dilution Earnings": NaN,
        "Net Income Common Stockholders": NaN,
        "Otherunder Preferred Stock Dividend": NaN,
        "Net Income": NaN,
        "Net Income Including Noncontrolling Interests": NaN,
        "Net Income Continuous Operations": NaN,
        "Tax Provision": NaN,
        "Pretax Income": NaN,
        "Other Income Expense": NaN,
        "Other Non Operating Income Expenses": NaN,
        "Special Income Charges": 0.0,
        "Impairment Of Capital Assets": 0.0,
        "Net Non Operating Interest Income Expense": NaN,
        "Interest Expense Non Operating": NaN,
        "Operating Income": NaN,
        "Operating Expense": NaN,
        "Other Operating Expenses": NaN,
        "Selling General And Administration": NaN,
        "Gross Profit": NaN,
        "Cost Of Revenue": NaN,
        "Total Revenue": NaN,
        "Operating Revenue": NaN
    },
    "2022-09-30": {
        "Tax Effect Of Unusual Items": NaN,
        "Tax Rate For Calcs": NaN,
        "Normalized EBITDA": NaN,
        "Total Unusual Items": 0.0,
        "Total Unusual Items Excluding Goodwill": 0.0,
        "Net Income From Continuing Operation Net Minority Interest": NaN,
        "Reconciled Depreciation": NaN,
        "Reconciled Cost Of Revenue": NaN,
        "EBITDA": NaN,
        "EBIT": NaN,
        "Net Interest Income": NaN,
        "Interest Expense": NaN,
        "Normalized Income": NaN,
        "Net Income From Continuing And Discontinued Operation": NaN,
        "Total Expenses": NaN,
        "Total Operating Income As Reported": NaN,
        "Diluted Average Shares": NaN,
        "Basic Average Shares": NaN,
        "Diluted EPS": NaN,
        "Basic EPS": NaN,
        "Diluted NI Availto Com Stockholders": NaN,
        "Average Dilution Earnings": NaN,
        "Net Income Common Stockholders": NaN,
        "Otherunder Preferred Stock Dividend": NaN,
        "Net Income": NaN,
        "Net Income Including Noncontrolling Interests": NaN,
        "Net Income Continuous Operations": NaN,
        "Tax Provision": NaN,
        "Pretax Income": NaN,
        "Other Income Expense": NaN,
        "Other Non Operating Income Expenses": NaN,
        "Special Income Charges": 0.0,
        "Impairment Of Capital Assets": 0.0,
        "Net Non Operating Interest Income Expense": NaN,
        "Interest Expense Non Operating": NaN,
        "Operating Income": NaN,
        "Operating Expense": NaN,
        "Other Operating Expenses": NaN,
        "Selling General And Administration": NaN,
        "Gross Profit": NaN,
        "Cost Of Revenue": NaN,
        "Total Revenue": NaN,
        "Operating Revenue": NaN
    },
    "2022-06-30": {
        "Tax Effect Of Unusual Items": 0.0,
        "Tax Rate For Calcs": 0.4,
        "Normalized EBITDA": -714000.0,
        "Total Unusual Items": 0.0,
        "Total Unusual Items Excluding Goodwill": 0.0,
        "Net Income From Continuing Operation Net Minority Interest": -5144000.0,
        "Reconciled Depreciation": 17239000.0,
        "Reconciled Cost Of Revenue": 159395000.0,
        "EBITDA": -714000.0,
        "EBIT": -714000.0,
        "Net Interest Income": -2638000.0,
        "Interest Expense": 2638000.0,
        "Normalized Income": -5144000.0,
        "Net Income From Continuing And Discontinued Operation": -5144000.0,
        "Total Expenses": 182924000.0,
        "Total Operating Income As Reported": -1090000.0,
        "Diluted Average Shares": 60704000.0,
        "Basic Average Shares": 60704000.0,
        "Diluted EPS": -0.08,
        "Basic EPS": -0.08,
        "Diluted NI Availto Com Stockholders": -5144000.0,
        "Average Dilution Earnings": 0.0,
        "Net Income Common Stockholders": -5144000.0,
        "Otherunder Preferred Stock Dividend": 0.0,
        "Net Income": -5144000.0,
        "Net Income Including Noncontrolling Interests": -5144000.0,
        "Net Income Continuous Operations": -5144000.0,
        "Tax Provision": 1792000.0,
        "Pretax Income": -3352000.0,
        "Other Income Expense": 376000.0,
        "Other Non Operating Income Expenses": 376000.0,
        "Special Income Charges": 0.0,
        "Impairment Of Capital Assets": 0.0,
        "Net Non Operating Interest Income Expense": -2638000.0,
        "Interest Expense Non Operating": 2638000.0,
        "Operating Income": -1090000.0,
        "Operating Expense": 23529000.0,
        "Other Operating Expenses": -228000.0,
        "Selling General And Administration": 23757000.0,
        "Gross Profit": 22439000.0,
        "Cost Of Revenue": 159395000.0,
        "Total Revenue": 181834000.0,
        "Operating Revenue": 181834000.0
    },
    "2022-03-31": {
        "Diluted EPS": -0.16,
        "Total Revenue": 164,
        "Gross Profit": 37,
        "Operating Income": -4,
        "EBIT": 14,
        "Net Income": -9
    },
    "2021-12-31": {
        "Diluted EPS": -0.33,
        "Total Revenue": 161,
        "Gross Profit": 28,
        "Operating Income": -11,
        "EBIT": 8,
        "Net Income": -20
    },
    "2021-09-30": {
        "Diluted EPS": -0.22,
        "Total Revenue": 141,
        "Gross Profit": 23,
        "Operating Income": -16,
        "EBIT": 4,
        "Net Income": -13
    },
    "2021-06-30": {
        "Diluted EPS": -0.25,
        "Total Revenue": 146,
        "Gross Profit": 28,
        "Operating Income": -18,
        "EBIT": 4,
        "Net Income": -15
    },
    "2021-03-31": {
        "Diluted EPS": -0.26,
        "Total Revenue": 126,
        "Gross Profit": 23,
        "Operating Income": -20,
        "EBIT": 3,
        "Net Income": -16
    },
    "2020-12-31": {
        "Diluted EPS": -0.3,
        "Total Revenue": 137,
        "Gross Profit": 22,
        "Operating Income": -28,
        "EBIT": -3,
        "Net Income": -19
    },
    "2020-09-30": {
        "Diluted EPS": -0.33,
        "Total Revenue": 135,
        "Gross Profit": 14,
        "Operating Income": -31,
        "EBIT": -5,
        "Net Income": -20
    },
    "2020-06-30": {
        "Diluted EPS": -0.41,
        "Total Revenue": 146,
        "Gross Profit": 18,
        "Operating Income": -33,
        "EBIT": -6,
        "Net Income": -25
    },
    "2020-03-31": {
        "Diluted EPS": -6.79,
        "Total Revenue": 220,
        "Gross Profit": 22,
        "Operating Income": -442,
        "EBIT": -414,
        "Net Income": -405
    },
    "2019-12-31": {
        "Diluted EPS": -2.95,
        "Total Revenue": 238,
        "Gross Profit": 45,
        "Operating Income": -176,
        "EBIT": -146,
        "Net Income": -176
    },
    "2019-09-30": {
        "Diluted EPS": -0.54,
        "Total Revenue": 264,
        "Gross Profit": 63,
        "Operating Income": -35,
        "EBIT": -2,
        "Net Income": -32
    },
    "2019-06-30": {
        "Diluted EPS": -0.16,
        "Total Revenue": 265,
        "Gross Profit": 57,
        "Operating Income": -6,
        "EBIT": 27,
        "Net Income": -10
    },
    "2019-03-31": {
        "Diluted EPS": -0.25,
        "Total Revenue": 251,
        "Gross Profit": 51,
        "Operating Income": -11,
        "EBIT": 23,
        "Net Income": -15
    },
    "2018-12-31": {
        "Diluted EPS": -0.25,
        "Total Revenue": 274,
        "Gross Profit": 59,
        "Operating Income": -10,
        "EBIT": 25,
        "Net Income": -14
    },
    "2018-09-30": {
        "Diluted EPS": -0.07,
        "Total Revenue": 275,
        "Gross Profit": 59,
        "Operating Income": -4,
        "EBIT": 29,
        "Net Income": -4
    },
    "2018-06-30": {
        "Diluted EPS": 0.05,
        "Total Revenue": 286,
        "Gross Profit": 72,
        "Operating Income": 9,
        "EBIT": 41,
        "Net Income": 3
    },
    "2018-03-31": {
        "Diluted EPS": -0.06,
        "Total Revenue": 254,
        "Gross Profit": 64,
        "Operating Income": -1,
        "EBIT": 30,
        "Net Income": -3
    },
    "2017-12-31": {
        "Diluted EPS": -0.76,
        "Total Revenue": 184,
        "Gross Profit": 43,
        "Operating Income": -14,
        "EBIT": 12,
        "Net Income": -38
    },
    "2017-09-30": {
        "Diluted EPS": -0.3,
        "Total Revenue": 164,
        "Gross Profit": 35,
        "Operating Income": -18,
        "EBIT": 9,
        "Net Income": -15
    },
    "2017-06-30": {
        "Diluted EPS": -0.28,
        "Total Revenue": 171,
        "Gross Profit": 40,
        "Operating Income": -19,
        "EBIT": 9,
        "Net Income": -14
    },
    "2017-03-31": {
        "Diluted EPS": -0.35,
        "Total Revenue": 151,
        "Gross Profit": 33,
        "Operating Income": -23,
        "EBIT": 5,
        "Net Income": -18
    },
    "2016-12-31": {
        "Diluted EPS": -0.21,
        "Total Revenue": 170,
        "Gross Profit": 44,
        "Operating Income": -16,
        "EBIT": 13,
        "Net Income": -11
    },
    "2016-09-30": {
        "Diluted EPS": -0.22,
        "Total Revenue": 179,
        "Gross Profit": 43,
        "Operating Income": -16,
        "EBIT": 14,
        "Net Income": -11
    },
    "2016-06-30": {
        "Diluted EPS": -0.23,
        "Total Revenue": 176,
        "Gross Profit": 39,
        "Operating Income": -17,
        "EBIT": 13,
        "Net Income": -12
    },
    "2016-03-31": {
        "Diluted EPS": -0.26,
        "Total Revenue": 170,
        "Gross Profit": 41,
        "Operating Income": -20,
        "EBIT": 10,
        "Net Income": -13
    },
    "2015-12-31": {
        "Diluted EPS": 0.03,
        "Total Revenue": 234,
        "Gross Profit": 70,
        "Operating Income": 6,
        "EBIT": 41,
        "Net Income": 1
    },
    "2015-09-30": {
        "Diluted EPS": 0.03,
        "Total Revenue": 259,
        "Gross Profit": 70,
        "Operating Income": 7,
        "EBIT": 39,
        "Net Income": 2
    },
    "2015-06-30": {
        "Diluted EPS": 0.12,
        "Total Revenue": 269,
        "Gross Profit": 75,
        "Operating Income": 9,
        "EBIT": 41,
        "Net Income": 6
    },
    "2015-03-31": {
        "Diluted EPS": 0.38,
        "Total Revenue": 337,
        "Gross Profit": 100,
        "Operating Income": 34,
        "EBIT": 67,
        "Net Income": 20
    },
    "2014-12-31": {
        "Diluted EPS": 1.09,
        "Total Revenue": 484,
        "Gross Profit": 165,
        "Operating Income": 92,
        "EBIT": 124,
        "Net Income": 58
    },
    "2014-09-30": {
        "Diluted EPS": 1.05,
        "Total Revenue": 471,
        "Gross Profit": 165,
        "Operating Income": 92,
        "EBIT": 123,
        "Net Income": 57
    },
    "2014-06-30": {
        "Diluted EPS": -0.15,
        "Total Revenue": 460,
        "Gross Profit": 152,
        "Operating Income": 68,
        "EBIT": 99,
        "Net Income": -8
    },
    "2014-03-31": {
        "Diluted EPS": 1.32,
        "Total Revenue": 405,
        "Gross Profit": 133,
        "Operating Income": 59,
        "EBIT": 91,
        "Net Income": 72
    },
    "2013-12-31": {
        "Diluted EPS": 1.29,
        "Total Revenue": 125,
        "Gross Profit": -3,
        "Operating Income": -22,
        "EBIT": -121,
        "Net Income": 75
    },
    "2013-09-30": {
        "Diluted EPS": 3.01,
        "Total Revenue": 438,
        "Gross Profit": 136,
        "Operating Income": 66,
        "EBIT": 138,
        "Net Income": 168
    },
    "2013-06-30": {
        "Diluted EPS": 1.38,
        "Total Revenue": 391,
        "Gross Profit": 125,
        "Operating Income": 57,
        "EBIT": 128,
        "Net Income": 77
    },
    "2013-03-31": {
        "Diluted EPS": 1.85,
        "Total Revenue": 676,
        "Gross Profit": 257,
        "Operating Income": 147,
        "EBIT": 215,
        "Net Income": 102
    },
    "2012-12-31": {
        "Diluted EPS": 1.78,
        "Total Revenue": 687,
        "Gross Profit": 255,
        "Operating Income": 138,
        "EBIT": 58,
        "Net Income": 99
    },
    "2012-09-30": {
        "Diluted EPS": 1.87,
        "Total Revenue": 645,
        "Gross Profit": 251,
        "Operating Income": 144,
        "EBIT": 205,
        "Net Income": 104
    },
    "2012-06-30": {
        "Diluted EPS": 2.01,
        "Total Revenue": NaN,
        "Gross Profit": 272,
        "Operating Income": 169,
        "EBIT": 227,
        "Net Income": 111
    },
    "2012-03-31": {
        "Diluted EPS": 2.43,
        "Total Revenue": NaN,
        "Gross Profit": 303,
        "Operating Income": 204,
        "EBIT": 259,
        "Net Income": 135
    },
    "2011-12-31": {
        "Diluted EPS": 1.72,
        "Total Revenue": 996,
        "Gross Profit": 254,
        "Operating Income": 153,
        "EBIT": 208,
        "Net Income": 94
    },
    "2011-09-30": {
        "Diluted EPS": 1.67,
        "Total Revenue": 903,
        "Gross Profit": 237,
        "Operating Income": 144,
        "EBIT": 195,
        "Net Income": 92
    },
    "2011-06-30": {
        "Diluted EPS": 1.34,
        "Total Revenue": 820,
        "Gross Profit": 204,
        "Operating Income": 115,
        "EBIT": 164,
        "Net Income": 74
    },
    "2011-03-31": {
        "Diluted EPS": 1.13,
        "Total Revenue": 760,
        "Gross Profit": 186,
        "Operating Income": 95,
        "EBIT": 143,
        "Net Income": 62
    },
    "2010-12-31": {
        "Diluted EPS": 0.82,
        "Total Revenue": 697,
        "Gross Profit": 147,
        "Operating Income": 68,
        "EBIT": 103,
        "Net Income": 44
    },
    "2010-09-30": {
        "Diluted EPS": 0.88,
        "Total Revenue": 588,
        "Gross Profit": 140,
        "Operating Income": 70,
        "EBIT": 103,
        "Net Income": 46
    },
    "2010-06-30": {
        "Diluted EPS": 0.71,
        "Total Revenue": 595,
        "Gross Profit": 125,
        "Operating Income": 58,
        "EBIT": 91,
        "Net Income": 37
    },
    "2010-03-31": {
        "Diluted EPS": 0.78,
        "Total Revenue": 532,
        "Gross Profit": 126,
        "Operating Income": 60,
        "EBIT": 93,
        "Net Income": 40
    },
    "2009-12-31": {
        "Diluted EPS": 0.8,
        "Total Revenue": 529,
        "Gross Profit": 124,
        "Operating Income": 59,
        "EBIT": 93,
        "Net Income": 40
    },
    "2009-09-30": {
        "Diluted EPS": 0.53,
        "Total Revenue": 456,
        "Gross Profit": 102,
        "Operating Income": 39,
        "EBIT": 70,
        "Net Income": 27
    },
    "2009-06-30": {
        "Diluted EPS": -1.28,
        "Total Revenue": 456,
        "Gross Profit": 95,
        "Operating Income": -63,
        "EBIT": 62,
        "Net Income": -63
    },
    "2009-03-31": {
        "Diluted EPS": 1.13,
        "Total Revenue": 667,
        "Gross Profit": 147,
        "Operating Income": 85,
        "EBIT": 115,
        "Net Income": 56
    },
    "2023-09-30": {
        "Tax Effect Of Unusual Items": NaN,
        "Tax Rate For Calcs": NaN,
        "Normalized EBITDA": NaN,
        "Total Unusual Items": 0.0,
        "Total Unusual Items Excluding Goodwill": 0.0,
        "Net Income From Continuing Operation Net Minority Interest": NaN,
        "Reconciled Depreciation": NaN,
        "Reconciled Cost Of Revenue": NaN,
        "EBITDA": NaN,
        "EBIT": NaN,
        "Net Interest Income": NaN,
        "Interest Expense": NaN,
        "Normalized Income": NaN,
        "Net Income From Continuing And Discontinued Operation": NaN,
        "Total Expenses": NaN,
        "Total Operating Income As Reported": NaN,
        "Diluted Average Shares": 63060000.0,
        "Basic Average Shares": 62651000.0,
        "Diluted EPS": 0.07,
        "Basic EPS": 0.07,
        "Diluted NI Availto Com Stockholders": NaN,
        "Average Dilution Earnings": 1000.0,
        "Net Income Common Stockholders": NaN,
        "Otherunder Preferred Stock Dividend": NaN,
        "Net Income": NaN,
        "Net Income Including Noncontrolling Interests": NaN,
        "Net Income Continuous Operations": NaN,
        "Tax Provision": NaN,
        "Pretax Income": NaN,
        "Other Income Expense": NaN,
        "Other Non Operating Income Expenses": NaN,
        "Special Income Charges": 0.0,
        "Impairment Of Capital Assets": 0.0,
        "Net Non Operating Interest Income Expense": NaN,
        "Interest Expense Non Operating": NaN,
        "Operating Income": NaN,
        "Operating Expense": NaN,
        "Other Operating Expenses": NaN,
        "Selling General And Administration": NaN,
        "Gross Profit": NaN,
        "Cost Of Revenue": NaN,
        "Total Revenue": NaN,
        "Operating Revenue": NaN
    },
    "2023-12-31": {
        "Tax Effect Of Unusual Items": 0.0,
        "Tax Rate For Calcs": 0.037605,
        "Normalized EBITDA": 23957000.0,
        "Total Unusual Items": NaN,
        "Total Unusual Items Excluding Goodwill": NaN,
        "Net Income From Continuing Operation Net Minority Interest": 5963000.0,
        "Reconciled Depreciation": 14569000.0,
        "Reconciled Cost Of Revenue": 178265000.0,
        "EBITDA": 23957000.0,
        "EBIT": 9388000.0,
        "Net Interest Income": -1811000.0,
        "Interest Expense": 3192000.0,
        "Normalized Income": 5963000.0,
        "Net Income From Continuing And Discontinued Operation": 5963000.0,
        "Total Expenses": 200436000.0,
        "Total Operating Income As Reported": 7830000.0,
        "Diluted Average Shares": 63004000.0,
        "Basic Average Shares": 62483000.0,
        "Diluted EPS": 0.09,
        "Basic EPS": 0.09,
        "Diluted NI Availto Com Stockholders": 5846000.0,
        "Average Dilution Earnings": NaN,
        "Net Income Common Stockholders": 5847000.0,
        "Otherunder Preferred Stock Dividend": 116000.0,
        "Net Income": 5963000.0,
        "Net Income Including Noncontrolling Interests": 5963000.0,
        "Net Income Continuous Operations": 5963000.0,
        "Tax Provision": 233000.0,
        "Pretax Income": 6196000.0,
        "Other Income Expense": 177000.0,
        "Other Non Operating Income Expenses": 177000.0,
        "Special Income Charges": NaN,
        "Impairment Of Capital Assets": NaN,
        "Net Non Operating Interest Income Expense": -1811000.0,
        "Interest Expense Non Operating": 3192000.0,
        "Operating Income": 7830000.0,
        "Operating Expense": 22171000.0,
        "Other Operating Expenses": -229000.0,
        "Selling General And Administration": 22400000.0,
        "Gross Profit": 30001000.0,
        "Cost Of Revenue": 178265000.0,
        "Total Revenue": 208266000.0,
        "Operating Revenue": 208266000.0
    },
    "2024-03-31": {
        "Tax Effect Of Unusual Items": NaN,
        "Tax Rate For Calcs": NaN,
        "Normalized EBITDA": NaN,
        "Total Unusual Items": NaN,
        "Total Unusual Items Excluding Goodwill": NaN,
        "Net Income From Continuing Operation Net Minority Interest": NaN,
        "Reconciled Depreciation": NaN,
        "Reconciled Cost Of Revenue": NaN,
        "EBITDA": NaN,
        "EBIT": NaN,
        "Net Interest Income": NaN,
        "Interest Expense": NaN,
        "Normalized Income": NaN,
        "Net Income From Continuing And Discontinued Operation": NaN,
        "Total Expenses": NaN,
        "Total Operating Income As Reported": NaN,
        "Diluted Average Shares": NaN,
        "Basic Average Shares": NaN,
        "Diluted EPS": -0.21,
        "Basic EPS": -0.21,
        "Diluted NI Availto Com Stockholders": NaN,
        "Average Dilution Earnings": NaN,
        "Net Income Common Stockholders": NaN,
        "Otherunder Preferred Stock Dividend": NaN,
        "Net Income": NaN,
        "Net Income Including Noncontrolling Interests": NaN,
        "Net Income Continuous Operations": NaN,
        "Tax Provision": NaN,
        "Pretax Income": NaN,
        "Other Income Expense": NaN,
        "Other Non Operating Income Expenses": NaN,
        "Special Income Charges": NaN,
        "Impairment Of Capital Assets": NaN,
        "Net Non Operating Interest Income Expense": NaN,
        "Interest Expense Non Operating": NaN,
        "Operating Income": NaN,
        "Operating Expense": NaN,
        "Other Operating Expenses": NaN,
        "Selling General And Administration": NaN,
        "Gross Profit": NaN,
        "Cost Of Revenue": NaN,
        "Total Revenue": NaN,
        "Operating Revenue": NaN
    },
    "2024-06-30": {
        "Tax Effect Of Unusual Items": 0.0,
        "Tax Rate For Calcs": 0.21,
        "Normalized EBITDA": 17395000.0,
        "Total Unusual Items": 0.0,
        "Total Unusual Items Excluding Goodwill": 0.0,
        "Net Income From Continuing Operation Net Minority Interest": 1301000.0,
        "Reconciled Depreciation": 14698000.0,
        "Reconciled Cost Of Revenue": 156731000.0,
        "EBITDA": 17395000.0,
        "EBIT": 2697000.0,
        "Net Interest Income": -2061000.0,
        "Interest Expense": 2061000.0,
        "Normalized Income": 1301000.0,
        "Net Income From Continuing And Discontinued Operation": 1301000.0,
        "Total Expenses": 184338000.0,
        "Total Operating Income As Reported": 2045000.0,
        "Diluted Average Shares": 62704000.0,
        "Basic Average Shares": 62483000.0,
        "Diluted EPS": 0.02,
        "Basic EPS": 0.02,
        "Diluted NI Availto Com Stockholders": 1270000.0,
        "Average Dilution Earnings": 0.0,
        "Net Income Common Stockholders": 1270000.0,
        "Otherunder Preferred Stock Dividend": 31000.0,
        "Net Income": 1301000.0,
        "Net Income Including Noncontrolling Interests": 1301000.0,
        "Net Income Continuous Operations": 1301000.0,
        "Tax Provision": -665000.0,
        "Pretax Income": 636000.0,
        "Other Income Expense": 652000.0,
        "Other Non Operating Income Expenses": 652000.0,
        "Special Income Charges": 0.0,
        "Impairment Of Capital Assets": 0.0,
        "Net Non Operating Interest Income Expense": -2061000.0,
        "Interest Expense Non Operating": 2061000.0,
        "Operating Income": 2045000.0,
        "Operating Expense": 27607000.0,
        "Other Operating Expenses": 1234000.0,
        "Selling General And Administration": 26373000.0,
        "Gross Profit": 29652000.0,
        "Cost Of Revenue": 156731000.0,
        "Total Revenue": 186383000.0,
        "Operating Revenue": 186383000.0
    },
    "2024-09-30": {
        "Tax Effect Of Unusual Items": -2806860.0,
        "Tax Rate For Calcs": 0.21,
        "Normalized EBITDA": 16691000.0,
        "Total Unusual Items": -13366000.0,
        "Total Unusual Items Excluding Goodwill": -13366000.0,
        "Net Income From Continuing Operation Net Minority Interest": -14349000.0,
        "Reconciled Depreciation": 13635000.0,
        "Reconciled Cost Of Revenue": 150224000.0,
        "EBITDA": 3325000.0,
        "EBIT": -10310000.0,
        "Net Interest Income": -1824000.0,
        "Interest Expense": 1824000.0,
        "Normalized Income": -3789860.0,
        "Net Income From Continuing And Discontinued Operation": -14349000.0,
        "Total Expenses": 172023000.0,
        "Total Operating Income As Reported": -11041000.0,
        "Diluted Average Shares": 62084000.0,
        "Basic Average Shares": 62084000.0,
        "Diluted EPS": -0.23,
        "Basic EPS": -0.23,
        "Diluted NI Availto Com Stockholders": -14349000.0,
        "Average Dilution Earnings": 0.0,
        "Net Income Common Stockholders": -14349000.0,
        "Otherunder Preferred Stock Dividend": 0.0,
        "Net Income": -14349000.0,
        "Net Income Including Noncontrolling Interests": -14349000.0,
        "Net Income Continuous Operations": -14349000.0,
        "Tax Provision": 2215000.0,
        "Pretax Income": -12134000.0,
        "Other Income Expense": -12635000.0,
        "Other Non Operating Income Expenses": 731000.0,
        "Special Income Charges": -13366000.0,
        "Impairment Of Capital Assets": 13366000.0,
        "Net Non Operating Interest Income Expense": -1824000.0,
        "Interest Expense Non Operating": 1824000.0,
        "Operating Income": 2325000.0,
        "Operating Expense": 21799000.0,
        "Other Operating Expenses": -955000.0,
        "Selling General And Administration": 22754000.0,
        "Gross Profit": 24124000.0,
        "Cost Of Revenue": 150224000.0,
        "Total Revenue": 174348000.0,
        "Operating Revenue": 174348000.0
    },
    "2024-12-31": {
        "Tax Effect Of Unusual Items": -128054.601083,
        "Tax Rate For Calcs": 0.10779,
        "Normalized EBITDA": 33179000.0,
        "Total Unusual Items": -1188000.0,
        "Total Unusual Items Excluding Goodwill": -1188000.0,
        "Net Income From Continuing Operation Net Minority Interest": 15164000.0,
        "Reconciled Depreciation": 12180000.0,
        "Reconciled Cost Of Revenue": 137808000.0,
        "EBITDA": 31991000.0,
        "EBIT": 19811000.0,
        "Net Interest Income": -1745000.0,
        "Interest Expense": 2815000.0,
        "Normalized Income": 16223945.398917,
        "Net Income From Continuing And Discontinued Operation": 15164000.0,
        "Total Expenses": 144923000.0,
        "Total Operating Income As Reported": 18484000.0,
        "Diluted Average Shares": 61392000.0,
        "Basic Average Shares": 60947000.0,
        "Diluted EPS": 0.24,
        "Basic EPS": 0.24,
        "Diluted NI Availto Com Stockholders": 15164000.0,
        "Average Dilution Earnings": 0.0,
        "Net Income Common Stockholders": 15164000.0,
        "Otherunder Preferred Stock Dividend": 0.0,
        "Net Income": 15164000.0,
        "Net Income Including Noncontrolling Interests": 15164000.0,
        "Net Income Continuous Operations": 15164000.0,
        "Tax Provision": 1832000.0,
        "Pretax Income": 16996000.0,
        "Other Income Expense": -931000.0,
        "Other Non Operating Income Expenses": 257000.0,
        "Special Income Charges": -1188000.0,
        "Impairment Of Capital Assets": 1188000.0,
        "Net Non Operating Interest Income Expense": -1745000.0,
        "Interest Expense Non Operating": 2815000.0,
        "Operating Income": 19672000.0,
        "Operating Expense": 7115000.0,
        "Other Operating Expenses": -16271000.0,
        "Selling General And Administration": 23386000.0,
        "Gross Profit": 26787000.0,
        "Cost Of Revenue": 137808000.0,
        "Total Revenue": 164595000.0,
        "Operating Revenue": 164595000.0
    },
    "2025-03-31": {
        "Tax Effect Of Unusual Items": 0.0,
        "Tax Rate For Calcs": 0.247916,
        "Normalized EBITDA": 17802000.0,
        "Total Unusual Items": 0.0,
        "Total Unusual Items Excluding Goodwill": 0.0,
        "Net Income From Continuing Operation Net Minority Interest": 3158000.0,
        "Reconciled Depreciation": 12025000.0,
        "Reconciled Cost Of Revenue": 134702000.0,
        "EBITDA": 17802000.0,
        "EBIT": 5777000.0,
        "Net Interest Income": -1578000.0,
        "Interest Expense": 1578000.0,
        "Normalized Income": 3158000.0,
        "Net Income From Continuing And Discontinued Operation": 3158000.0,
        "Total Expenses": 154299000.0,
        "Total Operating Income As Reported": 5639000.0,
        "Diluted Average Shares": 60167000.0,
        "Basic Average Shares": 60167000.0,
        "Diluted EPS": 0.05,
        "Basic EPS": 0.05,
        "Diluted NI Availto Com Stockholders": 3044000.0,
        "Average Dilution Earnings": 0.0,
        "Net Income Common Stockholders": 3044000.0,
        "Otherunder Preferred Stock Dividend": 114000.0,
        "Net Income": 3158000.0,
        "Net Income Including Noncontrolling Interests": 3158000.0,
        "Net Income Continuous Operations": 3158000.0,
        "Tax Provision": 1041000.0,
        "Pretax Income": 4199000.0,
        "Other Income Expense": 138000.0,
        "Other Non Operating Income Expenses": 138000.0,
        "Special Income Charges": 0.0,
        "Impairment Of Capital Assets": 0.0,
        "Net Non Operating Interest Income Expense": -1578000.0,
        "Interest Expense Non Operating": 1578000.0,
        "Operating Income": 5639000.0,
        "Operating Expense": 19597000.0,
        "Other Operating Expenses": -2933000.0,
        "Selling General And Administration": 22530000.0,
        "Gross Profit": 25236000.0,
        "Cost Of Revenue": 134702000.0,
        "Total Revenue": 159938000.0,
        "Operating Revenue": 159938000.0
    },
    "2025-06-30": {
        "Tax Effect Of Unusual Items": -453631.840796,
        "Tax Rate For Calcs": 0.334044,
        "Normalized EBITDA": 19169000.0,
        "Total Unusual Items": -1358000.0,
        "Total Unusual Items Excluding Goodwill": -1358000.0,
        "Net Income From Continuing Operation Net Minority Interest": 2811000.0,
        "Reconciled Depreciation": 11898000.0,
        "Reconciled Cost Of Revenue": 137238000.0,
        "EBITDA": 17811000.0,
        "EBIT": 5913000.0,
        "Net Interest Income": -1692000.0,
        "Interest Expense": 1692000.0,
        "Normalized Income": 3715368.159204,
        "Net Income From Continuing And Discontinued Operation": 2811000.0,
        "Total Expenses": 158771000.0,
        "Total Operating Income As Reported": 5277000.0,
        "Diluted Average Shares": 59154000.0,
        "Basic Average Shares": 59154000.0,
        "Diluted EPS": 0.05,
        "Basic EPS": 0.05,
        "Diluted NI Availto Com Stockholders": 2708000.0,
        "Average Dilution Earnings": 0.0,
        "Net Income Common Stockholders": 2708000.0,
        "Otherunder Preferred Stock Dividend": 103000.0,
        "Net Income": 2811000.0,
        "Net Income Including Noncontrolling Interests": 2811000.0,
        "Net Income Continuous Operations": 2811000.0,
        "Tax Provision": 1410000.0,
        "Pretax Income": 4221000.0,
        "Other Income Expense": -722000.0,
        "Other Non Operating Income Expenses": 636000.0,
        "Special Income Charges": -1358000.0,
        "Impairment Of Capital Assets": 1358000.0,
        "Net Non Operating Interest Income Expense": -1692000.0,
        "Interest Expense Non Operating": 1692000.0,
        "Operating Income": 6635000.0,
        "Operating Expense": 21533000.0,
        "Other Operating Expenses": -1448000.0,
        "Selling General And Administration": 22981000.0,
        "Gross Profit": 28168000.0,
        "Cost Of Revenue": 137238000.0,
        "Total Revenue": 165406000.0,
        "Operating Revenue": 165406000.0
    },
    "2025-09-30": {
        "Tax Effect Of Unusual Items": 0.0,
        "Tax Rate For Calcs": 0.21,
        "Normalized EBITDA": 17238000.0,
        "Total Unusual Items": 0.0,
        "Total Unusual Items Excluding Goodwill": 0.0,
        "Net Income From Continuing Operation Net Minority Interest": 1900000.0,
        "Reconciled Depreciation": 12128000.0,
        "Reconciled Cost Of Revenue": 140774000.0,
        "EBITDA": 17238000.0,
        "EBIT": 5110000.0,
        "Net Interest Income": -1773000.0,
        "Interest Expense": 1773000.0,
        "Normalized Income": 1900000.0,
        "Net Income From Continuing And Discontinued Operation": 1900000.0,
        "Total Expenses": 160432000.0,
        "Total Operating Income As Reported": 4748000.0,
        "Diluted Average Shares": 58016000.0,
        "Basic Average Shares": 57946000.0,
        "Diluted EPS": 0.03,
        "Basic EPS": 0.03,
        "Diluted NI Availto Com Stockholders": 1831000.0,
        "Average Dilution Earnings": 0.0,
        "Net Income Common Stockholders": 1831000.0,
        "Otherunder Preferred Stock Dividend": 69000.0,
        "Net Income": 1900000.0,
        "Net Income Including Noncontrolling Interests": 1900000.0,
        "Net Income Continuous Operations": 1900000.0,
        "Tax Provision": 1437000.0,
        "Pretax Income": 3337000.0,
        "Other Income Expense": 362000.0,
        "Other Non Operating Income Expenses": 362000.0,
        "Special Income Charges": 0.0,
        "Impairment Of Capital Assets": 0.0,
        "Net Non Operating Interest Income Expense": -1773000.0,
        "Interest Expense Non Operating": 1773000.0,
        "Operating Income": 4748000.0,
        "Operating Expense": 19658000.0,
        "Other Operating Expenses": -1098000.0,
        "Selling General And Administration": 20756000.0,
        "Gross Profit": 24406000.0,
        "Cost Of Revenue": 140774000.0,
        "Total Revenue": 165180000.0,
        "Operating Revenue": 165180000.0
    }
}