{
    "2023-04-30": {
        "Tax Effect Of Unusual Items": NaN,
        "Tax Rate For Calcs": NaN,
        "Normalized EBITDA": NaN,
        "Total Unusual Items": NaN,
        "Total Unusual Items Excluding Goodwill": NaN,
        "Net Income From Continuing Operation Net Minority Interest": NaN,
        "Reconciled Depreciation": NaN,
        "Reconciled Cost Of Revenue": NaN,
        "EBITDA": NaN,
        "EBIT": NaN,
        "Net Interest Income": NaN,
        "Interest Expense": NaN,
        "Interest Income": NaN,
        "Normalized Income": NaN,
        "Net Income From Continuing And Discontinued Operation": NaN,
        "Total Expenses": NaN,
        "Total Operating Income As Reported": NaN,
        "Diluted Average Shares": NaN,
        "Basic Average Shares": NaN,
        "Diluted EPS": NaN,
        "Basic EPS": NaN,
        "Diluted NI Availto Com Stockholders": NaN,
        "Average Dilution Earnings": NaN,
        "Net Income Common Stockholders": NaN,
        "Net Income": NaN,
        "Net Income Including Noncontrolling Interests": NaN,
        "Net Income Continuous Operations": NaN,
        "Tax Provision": NaN,
        "Pretax Income": NaN,
        "Other Income Expense": 24000000.0,
        "Special Income Charges": NaN,
        "Other Special Charges": -31000000.0,
        "Restructuring And Mergern Acquisition": NaN,
        "Net Non Operating Interest Income Expense": NaN,
        "Interest Expense Non Operating": NaN,
        "Interest Income Non Operating": NaN,
        "Operating Income": NaN,
        "Operating Expense": NaN,
        "Research And Development": NaN,
        "Selling General And Administration": NaN,
        "Selling And Marketing Expense": NaN,
        "General And Administrative Expense": NaN,
        "Other Gand A": NaN,
        "Gross Profit": NaN,
        "Cost Of Revenue": NaN,
        "Total Revenue": NaN,
        "Operating Revenue": NaN
    },
    "2023-01-31": {
        "Tax Effect Of Unusual Items": -6090000.0,
        "Tax Rate For Calcs": 0.21,
        "Normalized EBITDA": -91309000.0,
        "Total Unusual Items": -29000000.0,
        "Total Unusual Items Excluding Goodwill": -29000000.0,
        "Net Income From Continuing Operation Net Minority Interest": -152918000.0,
        "Reconciled Depreciation": 26001000.0,
        "Reconciled Cost Of Revenue": 139488000.0,
        "EBITDA": -120309000.0,
        "EBIT": -146310000.0,
        "Net Interest Income": 8928000.0,
        "Interest Expense": 2412000.0,
        "Interest Income": 11340000.0,
        "Normalized Income": -130008000.0,
        "Net Income From Continuing And Discontinued Operation": -152918000.0,
        "Total Expenses": 638858000.0,
        "Total Operating Income As Reported": -157650000.0,
        "Diluted Average Shares": 160038000.0,
        "Basic Average Shares": 160038000.0,
        "Diluted EPS": -0.95,
        "Basic EPS": -0.95,
        "Diluted NI Availto Com Stockholders": -152918000.0,
        "Net Income Common Stockholders": -152918000.0,
        "Net Income": -152918000.0,
        "Net Income Including Noncontrolling Interests": -152918000.0,
        "Net Income Continuous Operations": -152918000.0,
        "Tax Provision": 4196000.0,
        "Pretax Income": -148722000.0,
        "Other Income Expense": NaN,
        "Special Income Charges": -29000000.0,
        "Other Special Charges": NaN,
        "Restructuring And Mergern Acquisition": NaN,
        "Net Non Operating Interest Income Expense": 8928000.0,
        "Interest Expense Non Operating": 2412000.0,
        "Interest Income Non Operating": 11340000.0,
        "Operating Income": -128650000.0,
        "Operating Expense": 499370000.0,
        "Research And Development": 154029000.0,
        "Selling General And Administration": 345341000.0,
        "Selling And Marketing Expense": 258890000.0,
        "General And Administrative Expense": 86451000.0,
        "Other Gand A": 86451000.0,
        "Gross Profit": 370720000.0,
        "Cost Of Revenue": 139488000.0,
        "Total Revenue": 510208000.0,
        "Operating Revenue": 510208000.0
    },
    "2022-10-31": {
        "Tax Effect Of Unusual Items": NaN,
        "Tax Rate For Calcs": NaN,
        "Normalized EBITDA": NaN,
        "Total Unusual Items": NaN,
        "Total Unusual Items Excluding Goodwill": NaN,
        "Net Income From Continuing Operation Net Minority Interest": NaN,
        "Reconciled Depreciation": NaN,
        "Reconciled Cost Of Revenue": NaN,
        "EBITDA": NaN,
        "EBIT": NaN,
        "Net Interest Income": NaN,
        "Interest Expense": NaN,
        "Interest Income": NaN,
        "Normalized Income": NaN,
        "Net Income From Continuing And Discontinued Operation": NaN,
        "Total Expenses": NaN,
        "Total Operating Income As Reported": NaN,
        "Diluted Average Shares": NaN,
        "Basic Average Shares": NaN,
        "Diluted EPS": NaN,
        "Basic EPS": NaN,
        "Diluted NI Availto Com Stockholders": NaN,
        "Net Income Common Stockholders": NaN,
        "Net Income": NaN,
        "Net Income Including Noncontrolling Interests": NaN,
        "Net Income Continuous Operations": NaN,
        "Tax Provision": NaN,
        "Pretax Income": NaN,
        "Other Income Expense": -14000000.0,
        "Special Income Charges": NaN,
        "Other Special Charges": NaN,
        "Restructuring And Mergern Acquisition": NaN,
        "Net Non Operating Interest Income Expense": NaN,
        "Interest Expense Non Operating": NaN,
        "Interest Income Non Operating": NaN,
        "Operating Income": NaN,
        "Operating Expense": NaN,
        "Research And Development": NaN,
        "Selling General And Administration": NaN,
        "Selling And Marketing Expense": NaN,
        "General And Administrative Expense": NaN,
        "Other Gand A": NaN,
        "Gross Profit": NaN,
        "Cost Of Revenue": NaN,
        "Total Revenue": NaN,
        "Operating Revenue": NaN
    },
    "2022-07-31": {
        "Tax Effect Of Unusual Items": 0.0,
        "Tax Rate For Calcs": 0.4,
        "Normalized EBITDA": -173653000.0,
        "Total Unusual Items": 0.0,
        "Total Unusual Items Excluding Goodwill": 0.0,
        "Net Income From Continuing Operation Net Minority Interest": -210472000.0,
        "Reconciled Depreciation": 29688000.0,
        "Reconciled Cost Of Revenue": 137694000.0,
        "EBITDA": -173653000.0,
        "EBIT": -203341000.0,
        "Net Interest Income": 1806000.0,
        "Interest Expense": 2915000.0,
        "Interest Income": 4721000.0,
        "Normalized Income": -210472000.0,
        "Net Income From Continuing And Discontinued Operation": -210472000.0,
        "Total Expenses": 659869000.0,
        "Total Operating Income As Reported": -208062000.0,
        "Diluted Average Shares": 157400000.0,
        "Basic Average Shares": 157400000.0,
        "Diluted EPS": -1.34,
        "Basic EPS": -1.34,
        "Diluted NI Availto Com Stockholders": -210472000.0,
        "Net Income Common Stockholders": -210472000.0,
        "Net Income": -210472000.0,
        "Net Income Including Noncontrolling Interests": -210472000.0,
        "Net Income Continuous Operations": -210472000.0,
        "Tax Provision": 4216000.0,
        "Pretax Income": -206256000.0,
        "Other Income Expense": NaN,
        "Special Income Charges": 0.0,
        "Other Special Charges": NaN,
        "Restructuring And Mergern Acquisition": NaN,
        "Net Non Operating Interest Income Expense": 1806000.0,
        "Interest Expense Non Operating": 2915000.0,
        "Interest Income Non Operating": 4721000.0,
        "Operating Income": -208062000.0,
        "Operating Expense": 522175000.0,
        "Research And Development": 155836000.0,
        "Selling General And Administration": 366339000.0,
        "Selling And Marketing Expense": 264653000.0,
        "General And Administrative Expense": 101686000.0,
        "Other Gand A": 101686000.0,
        "Salaries And Wages": NaN,
        "Gross Profit": 314113000.0,
        "Cost Of Revenue": 137694000.0,
        "Total Revenue": 451807000.0,
        "Operating Revenue": 451807000.0
    },
    "2022-04-30": {
        "Diluted EPS": -1.56,
        "Total Revenue": 415,
        "Gross Profit": 284,
        "Operating Income": -240,
        "EBIT": -190,
        "Net Income": -243
    },
    "2022-01-31": {
        "Diluted EPS": -1.63,
        "Total Revenue": 383,
        "Gross Profit": 264,
        "Operating Income": -215,
        "EBIT": -145,
        "Net Income": -241
    },
    "2021-10-31": {
        "Diluted EPS": -1.44,
        "Total Revenue": 351,
        "Gross Profit": 241,
        "Operating Income": -199,
        "EBIT": -130,
        "Net Income": -221
    },
    "2021-07-31": {
        "Diluted EPS": -1.83,
        "Total Revenue": 316,
        "Gross Profit": 214,
        "Operating Income": -263,
        "EBIT": -197,
        "Net Income": -277
    },
    "2021-04-30": {
        "Diluted EPS": -0.83,
        "Total Revenue": 251,
        "Gross Profit": 185,
        "Operating Income": -91,
        "EBIT": -44,
        "Net Income": -109
    },
    "2021-01-31": {
        "Diluted EPS": -0.58,
        "Total Revenue": 234,
        "Gross Profit": 173,
        "Operating Income": -54,
        "EBIT": -9,
        "Net Income": -75
    },
    "2020-10-31": {
        "Diluted EPS": -0.56,
        "Total Revenue": 217,
        "Gross Profit": 160,
        "Operating Income": -52,
        "EBIT": -10,
        "Net Income": -73
    },
    "2020-07-31": {
        "Diluted EPS": -0.48,
        "Total Revenue": 200,
        "Gross Profit": 149,
        "Operating Income": -45,
        "EBIT": -13,
        "Net Income": -60
    },
    "2020-04-30": {
        "Diluted EPS": -0.47,
        "Total Revenue": 183,
        "Gross Profit": 134,
        "Operating Income": -52,
        "EBIT": -28,
        "Net Income": -58
    },
    "2020-01-31": {
        "Diluted EPS": -0.42,
        "Total Revenue": 167,
        "Gross Profit": 123,
        "Operating Income": -45,
        "EBIT": -21,
        "Net Income": -50
    },
    "2019-10-31": {
        "Diluted EPS": -0.53,
        "Total Revenue": 153,
        "Gross Profit": 112,
        "Operating Income": -46,
        "EBIT": -26,
        "Net Income": -63
    },
    "2019-07-31": {
        "Diluted EPS": -0.37,
        "Total Revenue": 140,
        "Gross Profit": 102,
        "Operating Income": -44,
        "EBIT": -28,
        "Net Income": -43
    },
    "2019-04-30": {
        "Diluted EPS": -0.46,
        "Total Revenue": 125,
        "Gross Profit": 90,
        "Operating Income": -52,
        "EBIT": -38,
        "Net Income": -52
    },
    "2019-01-31": {
        "Diluted EPS": -0.28,
        "Total Revenue": 115,
        "Gross Profit": 84,
        "Operating Income": -28,
        "EBIT": -16,
        "Net Income": -31
    },
    "2018-10-31": {
        "Diluted EPS": -0.27,
        "Total Revenue": 106,
        "Gross Profit": 76,
        "Operating Income": -28,
        "EBIT": -17,
        "Net Income": -30
    },
    "2018-07-31": {
        "Diluted EPS": -0.37,
        "Total Revenue": 95,
        "Gross Profit": 66,
        "Operating Income": -38,
        "EBIT": -28,
        "Net Income": -39
    },
    "2018-04-30": {
        "Diluted EPS": -0.25,
        "Total Revenue": 84,
        "Gross Profit": 60,
        "Operating Income": -25,
        "EBIT": -16,
        "Net Income": -26
    },
    "2018-01-31": {
        "Diluted EPS": 0.01,
        "Total Revenue": 77,
        "Gross Profit": 55,
        "Operating Income": -24,
        "EBIT": -18,
        "Net Income": -23
    },
    "2017-10-31": {
        "Diluted EPS": -0.35,
        "Total Revenue": 67,
        "Gross Profit": 46,
        "Operating Income": -35,
        "EBIT": -29,
        "Net Income": -33
    },
    "2017-07-31": {
        "Diluted EPS": -0.28,
        "Total Revenue": 60,
        "Gross Profit": 41,
        "Operating Income": -26,
        "EBIT": -20,
        "Net Income": -26
    },
    "2017-04-30": {
        "Diluted EPS": -0.7,
        "Total Revenue": 52,
        "Gross Profit": 35,
        "Operating Income": -27,
        "EBIT": -24,
        "Net Income": -28
    },
    "2017-01-31": {
        "Diluted EPS": -0.48,
        "Total Revenue": 49,
        "Gross Profit": 34,
        "Operating Income": -10,
        "EBIT": -4,
        "Net Income": -10
    },
    "2016-10-31": {
        "Diluted EPS": -1.14,
        "Total Revenue": 42,
        "Gross Profit": 28,
        "Operating Income": -22,
        "EBIT": -17,
        "Net Income": -22
    },
    "2016-07-31": {
        "Diluted EPS": -1.1,
        "Total Revenue": 37,
        "Gross Profit": 24,
        "Operating Income": -21,
        "EBIT": -16,
        "Net Income": -21
    },
    "2016-04-30": {
        "Diluted EPS": -1.22,
        "Total Revenue": 32,
        "Gross Profit": 19,
        "Operating Income": -23,
        "EBIT": -19,
        "Net Income": -23
    },
    "2016-01-31": {
        "Diluted EPS": 0.0,
        "Total Revenue": NaN,
        "Gross Profit": NaN,
        "Operating Income": NaN,
        "EBIT": NaN,
        "Net Income": NaN
    },
    "2015-01-31": {
        "Diluted EPS": 0.0,
        "Total Revenue": NaN,
        "Gross Profit": NaN,
        "Operating Income": NaN,
        "EBIT": NaN,
        "Net Income": NaN
    },
    "2023-07-31": {
        "Tax Effect Of Unusual Items": NaN,
        "Tax Rate For Calcs": NaN,
        "Normalized EBITDA": NaN,
        "Total Unusual Items": NaN,
        "Total Unusual Items Excluding Goodwill": NaN,
        "Net Income From Continuing Operation Net Minority Interest": NaN,
        "Reconciled Depreciation": NaN,
        "Reconciled Cost Of Revenue": NaN,
        "EBITDA": NaN,
        "EBIT": NaN,
        "Net Interest Income": NaN,
        "Interest Expense": NaN,
        "Interest Income": NaN,
        "Normalized Income": NaN,
        "Net Income From Continuing And Discontinued Operation": NaN,
        "Total Expenses": NaN,
        "Total Operating Income As Reported": NaN,
        "Diluted Average Shares": NaN,
        "Basic Average Shares": NaN,
        "Diluted EPS": NaN,
        "Basic EPS": NaN,
        "Diluted NI Availto Com Stockholders": NaN,
        "Average Dilution Earnings": 0.0,
        "Net Income Common Stockholders": NaN,
        "Net Income": NaN,
        "Net Income Including Noncontrolling Interests": NaN,
        "Net Income Continuous Operations": NaN,
        "Tax Provision": NaN,
        "Pretax Income": NaN,
        "Other Income Expense": NaN,
        "Special Income Charges": NaN,
        "Other Special Charges": NaN,
        "Restructuring And Mergern Acquisition": NaN,
        "Net Non Operating Interest Income Expense": NaN,
        "Interest Expense Non Operating": NaN,
        "Interest Income Non Operating": NaN,
        "Operating Income": NaN,
        "Operating Expense": NaN,
        "Research And Development": NaN,
        "Selling General And Administration": NaN,
        "Selling And Marketing Expense": NaN,
        "General And Administrative Expense": NaN,
        "Other Gand A": NaN,
        "Gross Profit": NaN,
        "Cost Of Revenue": NaN,
        "Total Revenue": NaN,
        "Operating Revenue": NaN
    },
    "2023-10-31": {
        "Tax Effect Of Unusual Items": NaN,
        "Tax Rate For Calcs": NaN,
        "Normalized EBITDA": NaN,
        "Total Unusual Items": NaN,
        "Total Unusual Items Excluding Goodwill": NaN,
        "Net Income From Continuing Operation Net Minority Interest": NaN,
        "Reconciled Depreciation": NaN,
        "Reconciled Cost Of Revenue": NaN,
        "EBITDA": NaN,
        "EBIT": NaN,
        "Net Interest Income": NaN,
        "Interest Expense": NaN,
        "Interest Income": NaN,
        "Normalized Income": NaN,
        "Net Income From Continuing And Discontinued Operation": NaN,
        "Total Expenses": NaN,
        "Total Operating Income As Reported": NaN,
        "Diluted Average Shares": NaN,
        "Basic Average Shares": NaN,
        "Diluted EPS": NaN,
        "Basic EPS": NaN,
        "Diluted NI Availto Com Stockholders": NaN,
        "Average Dilution Earnings": 0.0,
        "Net Income Common Stockholders": NaN,
        "Net Income": NaN,
        "Net Income Including Noncontrolling Interests": NaN,
        "Net Income Continuous Operations": NaN,
        "Tax Provision": NaN,
        "Pretax Income": NaN,
        "Other Income Expense": 14000000.0,
        "Special Income Charges": NaN,
        "Other Special Charges": -18000000.0,
        "Restructuring And Mergern Acquisition": NaN,
        "Net Non Operating Interest Income Expense": NaN,
        "Interest Expense Non Operating": NaN,
        "Interest Income Non Operating": NaN,
        "Operating Income": NaN,
        "Operating Expense": NaN,
        "Research And Development": NaN,
        "Selling General And Administration": NaN,
        "Selling And Marketing Expense": NaN,
        "General And Administrative Expense": NaN,
        "Other Gand A": NaN,
        "Gross Profit": NaN,
        "Cost Of Revenue": NaN,
        "Total Revenue": NaN,
        "Operating Revenue": NaN
    },
    "2024-01-31": {
        "Tax Effect Of Unusual Items": NaN,
        "Tax Rate For Calcs": NaN,
        "Normalized EBITDA": NaN,
        "Total Unusual Items": NaN,
        "Total Unusual Items Excluding Goodwill": NaN,
        "Net Income From Continuing Operation Net Minority Interest": NaN,
        "Reconciled Depreciation": NaN,
        "Reconciled Cost Of Revenue": NaN,
        "EBITDA": NaN,
        "EBIT": NaN,
        "Net Interest Income": NaN,
        "Interest Expense": NaN,
        "Interest Income": NaN,
        "Normalized Income": NaN,
        "Net Income From Continuing And Discontinued Operation": NaN,
        "Total Expenses": NaN,
        "Total Operating Income As Reported": NaN,
        "Diluted Average Shares": NaN,
        "Basic Average Shares": NaN,
        "Diluted EPS": NaN,
        "Basic EPS": NaN,
        "Diluted NI Availto Com Stockholders": NaN,
        "Average Dilution Earnings": NaN,
        "Net Income Common Stockholders": NaN,
        "Net Income": NaN,
        "Net Income Including Noncontrolling Interests": NaN,
        "Net Income Continuous Operations": NaN,
        "Tax Provision": NaN,
        "Pretax Income": NaN,
        "Other Income Expense": -13000000.0,
        "Special Income Charges": NaN,
        "Other Special Charges": -15000000.0,
        "Restructuring And Mergern Acquisition": 0.0,
        "Net Non Operating Interest Income Expense": NaN,
        "Interest Expense Non Operating": NaN,
        "Interest Income Non Operating": NaN,
        "Operating Income": NaN,
        "Operating Expense": NaN,
        "Research And Development": NaN,
        "Selling General And Administration": NaN,
        "Selling And Marketing Expense": NaN,
        "General And Administrative Expense": NaN,
        "Other Gand A": NaN,
        "Gross Profit": NaN,
        "Cost Of Revenue": NaN,
        "Total Revenue": NaN,
        "Operating Revenue": NaN
    },
    "2024-04-30": {
        "Tax Effect Of Unusual Items": NaN,
        "Tax Rate For Calcs": NaN,
        "Normalized EBITDA": NaN,
        "Total Unusual Items": 0.0,
        "Total Unusual Items Excluding Goodwill": 0.0,
        "Net Income From Continuing Operation Net Minority Interest": NaN,
        "Reconciled Depreciation": NaN,
        "Reconciled Cost Of Revenue": NaN,
        "EBITDA": NaN,
        "EBIT": NaN,
        "Net Interest Income": NaN,
        "Interest Expense": NaN,
        "Interest Income": NaN,
        "Normalized Income": NaN,
        "Net Income From Continuing And Discontinued Operation": NaN,
        "Total Expenses": NaN,
        "Total Operating Income As Reported": NaN,
        "Diluted Average Shares": NaN,
        "Basic Average Shares": NaN,
        "Diluted EPS": NaN,
        "Basic EPS": NaN,
        "Diluted NI Availto Com Stockholders": NaN,
        "Average Dilution Earnings": 0.0,
        "Net Income Common Stockholders": NaN,
        "Net Income": NaN,
        "Net Income Including Noncontrolling Interests": NaN,
        "Net Income Continuous Operations": NaN,
        "Tax Provision": NaN,
        "Pretax Income": NaN,
        "Other Income Expense": NaN,
        "Special Income Charges": 0.0,
        "Other Special Charges": NaN,
        "Restructuring And Mergern Acquisition": 0.0,
        "Net Non Operating Interest Income Expense": NaN,
        "Interest Expense Non Operating": NaN,
        "Interest Income Non Operating": NaN,
        "Operating Income": NaN,
        "Operating Expense": NaN,
        "Research And Development": NaN,
        "Selling General And Administration": NaN,
        "Selling And Marketing Expense": NaN,
        "General And Administrative Expense": NaN,
        "Other Gand A": NaN,
        "Gross Profit": NaN,
        "Cost Of Revenue": NaN,
        "Total Revenue": NaN,
        "Operating Revenue": NaN
    },
    "2024-07-31": {
        "Tax Effect Of Unusual Items": 630000.0,
        "Tax Rate For Calcs": 0.21,
        "Normalized EBITDA": 35000000.0,
        "Total Unusual Items": 3000000.0,
        "Total Unusual Items Excluding Goodwill": 3000000.0,
        "Net Income From Continuing Operation Net Minority Interest": 29000000.0,
        "Reconciled Depreciation": 25000000.0,
        "Reconciled Cost Of Revenue": 155000000.0,
        "EBITDA": 38000000.0,
        "EBIT": 13000000.0,
        "Net Interest Income": 28000000.0,
        "Interest Expense": 1000000.0,
        "Interest Income": 29000000.0,
        "Normalized Income": 26630000.0,
        "Net Income From Continuing And Discontinued Operation": 29000000.0,
        "Total Expenses": 665000000.0,
        "Total Operating Income As Reported": -19000000.0,
        "Diluted Average Shares": 174443000.0,
        "Basic Average Shares": 168612000.0,
        "Diluted EPS": 0.15,
        "Basic EPS": 0.18,
        "Diluted NI Availto Com Stockholders": 29000000.0,
        "Average Dilution Earnings": -2000000.0,
        "Net Income Common Stockholders": 29000000.0,
        "Net Income": 29000000.0,
        "Net Income Including Noncontrolling Interests": 29000000.0,
        "Net Income Continuous Operations": 29000000.0,
        "Tax Provision": -17000000.0,
        "Pretax Income": 12000000.0,
        "Other Income Expense": 3000000.0,
        "Special Income Charges": 3000000.0,
        "Other Special Charges": -3000000.0,
        "Restructuring And Mergern Acquisition": 0.0,
        "Net Non Operating Interest Income Expense": 28000000.0,
        "Interest Expense Non Operating": 1000000.0,
        "Interest Income Non Operating": 29000000.0,
        "Operating Income": -19000000.0,
        "Operating Expense": 510000000.0,
        "Research And Development": 164000000.0,
        "Selling General And Administration": 346000000.0,
        "Selling And Marketing Expense": 238000000.0,
        "General And Administrative Expense": 108000000.0,
        "Other Gand A": 108000000.0,
        "Gross Profit": 491000000.0,
        "Cost Of Revenue": 155000000.0,
        "Total Revenue": 646000000.0,
        "Operating Revenue": 646000000.0
    },
    "2024-10-31": {
        "Tax Effect Of Unusual Items": 5760000.0,
        "Tax Rate For Calcs": 0.36,
        "Normalized EBITDA": 24000000.0,
        "Total Unusual Items": 16000000.0,
        "Total Unusual Items Excluding Goodwill": 16000000.0,
        "Net Income From Continuing Operation Net Minority Interest": 16000000.0,
        "Reconciled Depreciation": 14000000.0,
        "Reconciled Cost Of Revenue": 157000000.0,
        "EBITDA": 40000000.0,
        "EBIT": 26000000.0,
        "Net Interest Income": 25000000.0,
        "Interest Expense": 1000000.0,
        "Interest Income": 26000000.0,
        "Normalized Income": 5760000.0,
        "Net Income From Continuing And Discontinued Operation": 16000000.0,
        "Total Expenses": 681000000.0,
        "Total Operating Income As Reported": -16000000.0,
        "Diluted Average Shares": 170673000.0,
        "Basic Average Shares": 170217000.0,
        "Diluted EPS": 0.0,
        "Basic EPS": 0.09,
        "Diluted NI Availto Com Stockholders": 0.0,
        "Average Dilution Earnings": -16000000.0,
        "Net Income Common Stockholders": 16000000.0,
        "Net Income": 16000000.0,
        "Net Income Including Noncontrolling Interests": 16000000.0,
        "Net Income Continuous Operations": 16000000.0,
        "Tax Provision": 9000000.0,
        "Pretax Income": 25000000.0,
        "Other Income Expense": 16000000.0,
        "Special Income Charges": 16000000.0,
        "Other Special Charges": -16000000.0,
        "Restructuring And Mergern Acquisition": 0.0,
        "Net Non Operating Interest Income Expense": 25000000.0,
        "Interest Expense Non Operating": 1000000.0,
        "Interest Income Non Operating": 26000000.0,
        "Operating Income": -16000000.0,
        "Operating Expense": 524000000.0,
        "Research And Development": 158000000.0,
        "Selling General And Administration": 366000000.0,
        "Selling And Marketing Expense": 256000000.0,
        "General And Administrative Expense": 110000000.0,
        "Other Gand A": 110000000.0,
        "Gross Profit": 508000000.0,
        "Cost Of Revenue": 157000000.0,
        "Total Revenue": 665000000.0,
        "Operating Revenue": 665000000.0
    },
    "2025-01-31": {
        "Tax Effect Of Unusual Items": -2838709.677419,
        "Tax Rate For Calcs": 0.258065,
        "Normalized EBITDA": 67000000.0,
        "Total Unusual Items": -11000000.0,
        "Total Unusual Items Excluding Goodwill": -11000000.0,
        "Net Income From Continuing Operation Net Minority Interest": 23000000.0,
        "Reconciled Depreciation": 24000000.0,
        "Reconciled Cost Of Revenue": 158000000.0,
        "EBITDA": 56000000.0,
        "EBIT": 32000000.0,
        "Net Interest Income": 23000000.0,
        "Interest Expense": 1000000.0,
        "Interest Income": 24000000.0,
        "Normalized Income": 31161290.322581,
        "Net Income From Continuing And Discontinued Operation": 23000000.0,
        "Total Expenses": 663000000.0,
        "Total Operating Income As Reported": 8000000.0,
        "Diluted Average Shares": 175280000.0,
        "Basic Average Shares": 171936000.0,
        "Diluted EPS": 0.13,
        "Basic EPS": 0.13,
        "Diluted NI Availto Com Stockholders": 41000000.0,
        "Average Dilution Earnings": NaN,
        "Net Income Common Stockholders": 23000000.0,
        "Net Income": 23000000.0,
        "Net Income Including Noncontrolling Interests": 23000000.0,
        "Net Income Continuous Operations": 23000000.0,
        "Tax Provision": 8000000.0,
        "Pretax Income": 31000000.0,
        "Other Income Expense": -11000000.0,
        "Special Income Charges": -11000000.0,
        "Other Special Charges": 0.0,
        "Restructuring And Mergern Acquisition": 11000000.0,
        "Net Non Operating Interest Income Expense": 23000000.0,
        "Interest Expense Non Operating": 1000000.0,
        "Interest Income Non Operating": 24000000.0,
        "Operating Income": 19000000.0,
        "Operating Expense": 505000000.0,
        "Research And Development": 157000000.0,
        "Selling General And Administration": 348000000.0,
        "Selling And Marketing Expense": 235000000.0,
        "General And Administrative Expense": 113000000.0,
        "Other Gand A": 113000000.0,
        "Gross Profit": 524000000.0,
        "Cost Of Revenue": 158000000.0,
        "Total Revenue": 682000000.0,
        "Operating Revenue": 682000000.0
    },
    "2025-04-30": {
        "Tax Effect Of Unusual Items": 0.0,
        "Tax Rate For Calcs": 0.088235,
        "Normalized EBITDA": 93000000.0,
        "Total Unusual Items": NaN,
        "Total Unusual Items Excluding Goodwill": NaN,
        "Net Income From Continuing Operation Net Minority Interest": 62000000.0,
        "Reconciled Depreciation": 24000000.0,
        "Reconciled Cost Of Revenue": 155000000.0,
        "EBITDA": 93000000.0,
        "EBIT": 69000000.0,
        "Net Interest Income": 29000000.0,
        "Interest Expense": 1000000.0,
        "Interest Income": 30000000.0,
        "Normalized Income": 62000000.0,
        "Net Income From Continuing And Discontinued Operation": 62000000.0,
        "Total Expenses": 649000000.0,
        "Total Operating Income As Reported": 39000000.0,
        "Diluted Average Shares": 181754000.0,
        "Basic Average Shares": 174172000.0,
        "Diluted EPS": 0.35,
        "Basic EPS": 0.36,
        "Diluted NI Availto Com Stockholders": 66000000.0,
        "Average Dilution Earnings": 4000000.0,
        "Net Income Common Stockholders": 62000000.0,
        "Net Income": 62000000.0,
        "Net Income Including Noncontrolling Interests": 62000000.0,
        "Net Income Continuous Operations": 62000000.0,
        "Tax Provision": 6000000.0,
        "Pretax Income": 68000000.0,
        "Other Income Expense": NaN,
        "Special Income Charges": NaN,
        "Other Special Charges": NaN,
        "Restructuring And Mergern Acquisition": NaN,
        "Net Non Operating Interest Income Expense": 29000000.0,
        "Interest Expense Non Operating": 1000000.0,
        "Interest Income Non Operating": 30000000.0,
        "Operating Income": 39000000.0,
        "Operating Expense": 494000000.0,
        "Research And Development": 154000000.0,
        "Selling General And Administration": 340000000.0,
        "Selling And Marketing Expense": 237000000.0,
        "General And Administrative Expense": 103000000.0,
        "Other Gand A": 103000000.0,
        "Gross Profit": 533000000.0,
        "Cost Of Revenue": 155000000.0,
        "Total Revenue": 688000000.0,
        "Operating Revenue": 688000000.0
    },
    "2025-07-31": {
        "Tax Effect Of Unusual Items": 0.0,
        "Tax Rate For Calcs": 0.0,
        "Normalized EBITDA": 92000000.0,
        "Total Unusual Items": 0.0,
        "Total Unusual Items Excluding Goodwill": 0.0,
        "Net Income From Continuing Operation Net Minority Interest": 67000000.0,
        "Reconciled Depreciation": 24000000.0,
        "Reconciled Cost Of Revenue": 168000000.0,
        "EBITDA": 92000000.0,
        "EBIT": 68000000.0,
        "Net Interest Income": 26000000.0,
        "Interest Expense": 1000000.0,
        "Interest Income": 27000000.0,
        "Normalized Income": 67000000.0,
        "Net Income From Continuing And Discontinued Operation": 67000000.0,
        "Total Expenses": 687000000.0,
        "Total Operating Income As Reported": 41000000.0,
        "Diluted Average Shares": 180966000.0,
        "Basic Average Shares": 175460000.0,
        "Diluted EPS": 0.37,
        "Basic EPS": 0.38,
        "Diluted NI Availto Com Stockholders": 67000000.0,
        "Average Dilution Earnings": NaN,
        "Net Income Common Stockholders": 67000000.0,
        "Net Income": 67000000.0,
        "Net Income Including Noncontrolling Interests": 67000000.0,
        "Net Income Continuous Operations": 67000000.0,
        "Tax Provision": 0.0,
        "Pretax Income": 67000000.0,
        "Other Income Expense": NaN,
        "Special Income Charges": 0.0,
        "Other Special Charges": NaN,
        "Restructuring And Mergern Acquisition": NaN,
        "Net Non Operating Interest Income Expense": 26000000.0,
        "Interest Expense Non Operating": 1000000.0,
        "Interest Income Non Operating": 27000000.0,
        "Operating Income": 41000000.0,
        "Operating Expense": 519000000.0,
        "Research And Development": 160000000.0,
        "Selling General And Administration": 359000000.0,
        "Selling And Marketing Expense": 246000000.0,
        "General And Administrative Expense": 113000000.0,
        "Other Gand A": 113000000.0,
        "Gross Profit": 560000000.0,
        "Cost Of Revenue": 168000000.0,
        "Total Revenue": 728000000.0,
        "Operating Revenue": 728000000.0
    }
}